3116 4934
375 487 654 553 EDITIONUM
678 488 956 556 JUVENALlS.
1123 493 1190 558 613

148 609 232 671 Nihil
241 612 281 674 ,in
297 612 333 671 iis
351 624 409 687 est,
427 611 512 695 quod
528 625 581 673 aut
596 611 703 673 tollere
717 612 807 688 velis,
824 627 877 673 aut
894 636 959 674 non
972 636 1007 676 ex
1022 614 1089 676 aliis
1107 616 1193 678 libris

145 707 209 790 jam
224 721 365 771 notatum
375 711 423 773 sit.

187 805 303 866 Eodem
314 826 399 866 anno
419 804 492 889 1474
503 810 608 868 Romae
620 811 653 870 iu
665 809 775 890 vulgus
791 807 946 889 prodiere:

190 924 204 956 a
214 901 322 982 Angeli
335 904 439 964 Sabini
454 905 610 966 Turrensis
623 907 780 967 Paradoxa
792 907 824 964 iu
838 907 856 965 J
859 906 1017 967 uvenalem
1031 909 1130 968 Roma
1141 929 1200 991 per·

149 998 300 1078 Angelum
315 997 432 1060 Sacbsel
444 1001 481 1061 de
498 1002 683 1064 Reicbenbal
695 1015 725 1063 et
737 1000 869 1063 Barthol.
884 1003 996 1065 Golacb
1011 1003 1050 1063 de
1068 1004 1197 1067 Haben·-

148 1096 215 1154 bart
231 1095 376 1158 Clericus.
389 1123 403 1152 n
420 1098 539 1159 in·fol.¹
554 1103 642 1161 -Et
655 1099 747 1184 paulo
762 1113 845 1182 post:

192 1191 276 1274 1474.
292 1197 412 1256 Domitii
424 1194 571 1258 Calderini
584 1198 638 1278 (al.
651 1198 806 1258 Dominici
819 1196 857 1258 de
869 1198 1035 1277 Caldariis)
1050 1201 1199 1261 Veronen«

147 1291 186 1347 sis
200 1291 414 1351 Commentario
428 1295 460 1351 ia
470 1293 619 1355 luvenalis
631 1297 767 1375 Satyrus,
781 1295 902 1368 Roma,
916 1294 1013 1356 insol.

189 1388 231 1445 lli
242 1387 398 1449 duumviri
410 1387 493 1451 fuere
506 1393 616 1473 primi,
633 1394 687 1473 qui
697 1393 933 1454 commentarios
949 1391 1193 1468 indurandam,

149 1487 174 1544 si
187 1507 251 1546 non
261 1488 435 1563 scriberent,
445 1501 522 1549 certe
532 1489 702 1572 vulgarent.
713 1491 958 1550 Commentarius
967 1489 1200 1572 Domitiilongo

149 1583 275 1666 quidem
287 1597 409 1666 praestat
419 1606 471 1660 eo,
485 1607 577 1668 quem
590 1586 720 1648 Sabinus
734 1589 905 1668 composuit
919 1587 1019 1666 (unde
1029 1586 1118 1648 ethic
1131 1587 1194 1648 fere

150 1702 321 1763 nusquam,
336 1683 388 1742 ille
401 1703 472 1743 mox
483 1684 575 1744 variis
585 1682 661 1744 locis
672 1704 795 1744 recusus
810 1695 853 1744 est
864 1685 1057 1764 maximoque
1069 1684 1194 1743 eruditas

150 1777 245 1838 ltaliae
257 1777 366 1861 plausu
378 1784 553 1862 exceptus),
570 1782 621 1842 sed
638 1782 747 1862 ineptis
758 1792 849 1841 scatet
862 1779 1026 1856 erroribus,
1045 1780 1194 1863 etymolo-

150 1877 207 1956 giis
224 1889 254 1938 et
270 1879 405 1959 argutiis.
424 1881 542 1962 Saepius
557 1881 590 1940 in
611 1901 646 1941 co
667 1893 696 1940 et
718 1880 824 1940 acerbe
844 1879 1026 1939 refelluntur
1042 1879 1195 1953 Tortellii,

149 1977 254 2036 Sabini
273 1976 468 2058 aliorumque
487 1979 715 2061 explicationes,
734 2000 790 2040 nec
804 1979 942 2038 meliores
960 1979 1196 2039 substituuntun

150 2074 228 2134 lude
243 2074 382 2156 colligas,
394 2075 463 2158 jam.
478 2091 545 2138 tum
563 2080 704 2161 temporis
723 2077 834 2138 multos
851 2079 1009 2151 exstitisse,
1028 2078 1081 2158 qui
1100 2078 1193 2141 duve-

151 2171 252 2232 nalem
271 2174 459 2255 interpretari
478 2189 680 2250 conarentur,
695 2174 775 2255 quod
799 2187 829 2234 et
846 2174 1000 2234 Domitius
1018 2174 1051 2233 in
1074 2172 1195 2233 dedica·

151 2271 232 2328 tione
251 2267 323 2329 libri
340 2272 389 2330 sui
407 2271 515 2331 docet:
536 2273 595 2330 nisi
611 2272 700 2332 verba
720 2268 783 2350 ejus
801 2272 992 2352 potissimum
1014 2269 1053 2329 ad
1072 2270 1194 2329 Glossas

151 2367 400 2429 membranarum
414 2382 565 2452 spectant,
582 2392 599 2430 e
615 2370 725 2452 quibus
740 2383 809 2430 tum
827 2369 894 2443 ille,
907 2383 976 2428 tum
990 2367 1194 2429 Mancinellus

150 2477 180 2525 et
197 2466 391 2526 Britannicus
409 2467 506 2526 multa
526 2468 616 2526 tacite
628 2467 775 2548 descripta
795 2467 827 2525 in
848 2485 913 2526 rem
933 2485 1021 2523 suam
1042 2477 1199 2523 converte*

151 2573 239 2636 ruut3
254 2562 337 2642 quod
351 2585 387 2622 ex
400 2585 457 2623 usu
472 2577 501 2622 et
517 2563 766 2623 lectioneearum
781 2561 922 2642 cognovi.
941 2561 1089 2642 Corrupto
1104 2560 1194 2619 lectio

150 2678 228 2739 saepe
247 2660 380 2739 argutias
401 2661 536 2740 peperit,
555 2661 608 2719 etsi
628 2659 783 2719 Domitius
799 2656 865 2736 jam
888 2677 959 2716 usus
979 2669 1022 2716 est
1040 2655 1198 2716 codicibus

150 2759 284 2838 scriptis,
298 2779 430 2841 quorum
446 2770 548 2818 tamen
566 2777 666 2837 neque
680 2777 862 2830 numerum,
881 2775 980 2835 neque
994 2752 1130 2812 indolem
1144 2753 1204 2814 de<

151 2853 284 2916 claravit.

195 2949 279 3032 1474.
300 2953 456 3014 luvenalis
468 2953 507 3013 ab
519 2952 638 3012 Andrea
649 2950 734 3011 Gallo
747 2971 890 3025 excusus,
901 2949 1056 3022 Ferrariae,
1072 2945 1163 3022 111-4“.

196 3046 281 3127 1475.
301 3051 423 3108 Domitii
446 3049 602 3110 Calderiai.
617 3084 656 3094 -
675 3049 891 3109 Οοηιηιεηιατὶα
905 3048 936 3104 in
953 3042 1137 3107 saumatam.
1156 3077 1195 3090 -

152 3142 257 3202 Brixiae
272 3147 345 3224 typis
358 3147 477 3203 Hearici
489 3145 523 3203 de
538 3144 673 3217 Colonia,
686 3142 788 3202 insol.

196 3237 281 3323 1475.
293 3240 311 3276 ἥ
322 3242 437 3301 Veneta
452 3243 481 3300 ll
496 3243 545 3321 (in
559 3243 629 3301 Var.
642 3245 721 3300 Lect.
737 3244 773 3300 n‘
785 3239 858 3319 46),
874 3239 1025 3300 Juvenalis
1036 3261 1103 3299 cam
1115 3242 1199 3300 Com·

154 3352 241 3398 meat.
253 3341 375 3399 Domitii
389 3337 534 3400 calderim·
545 3341 627 3419 (non
640 3340 693 3399 Ge.
702 3336 844 3411 Merulae,
859 3337 941 3418 quod
954 3337 1030 3397 Socii
1042 3338 1197 3420 Bipontini

9 3439 12 3450 ’
76 3465 85 3488 ι
153 3437 295 3516 tradunt)
306 3437 442 3498 Venetiis
454 3447 517 3496 arte
530 3449 559 3495 et
570 3437 695 3518 ingenio
709 3437 773 3494 dac.
787 3433 825 3494 de
838 3434 966 3509 Rubeis,
981 3431 1085 3494 in-fol.

193 3538 265 3594 Haec
281 3545 326 3593 est
339 3535 440 3616 prima
454 3533 548 3593 editio
568 3531 723 3593 luvenalis
740 3552 810 3591 cum
829 3553 940 3591 comm.
954 3530 1079 3590 Domitii
1091 3529 1199 3591 Caldc-

154 3634 234 3708 rini,
252 3653 287 3693 ex
298 3653 359 3714 qua
371 3630 454 3692 baud
468 3631 561 3692 dubie
571 3644 745 3715 propagatae
764 3643 837 3690 sunt
853 3631 975 3690 Venetae
990 3628 1087 3704 1481,
1108 3627 1198 3704 1482,

193 3833 215 3870 1.
229 3817 318 3871 Liceat
335 3819 362 3870 iu
381 3820 493 3870 transitu
512 3818 555 3872 bic
576 3821 655 3872 etiam
699 3817 1025 3870 Μενίππη-1111111111
1038 3827 1201 3869 tresexstant

155 3910 247 3949 natare
267 3897 339 3950 aliud
355 3898 462 3970 (forsan
482 3897 656 3969 Paradoxon)
699 3901 792 3950 Juven.
807 3896 940 3950 addeins
955 3898 1017 3949 anni
1028 3909 1108 3960 uota,
1123 3896 1150 3944 in
1163 3895 1201 3945 Bi-

155 3975 655 4048 11111111111111111111111111114117411111-
700 3979 794 4032 bliotlr.
811 3981 905 4050 Spenc.
923 3992 1035 4039 uatatae3
1052 3995 1105 4028 una
1122 3977 1200 4027 etiarn

152 4053 267 4126 711αῃεν
281 4057 365 4127 Ripa,
386 4055 440 4106 sinc
460 4057 520 4106 anui
535 4067 613 4120 nota,
627 4069 656 4106 ut
701 4057 734 4108 ab
745 4055 892 4108 Audifiredi
905 4078 910 4106 :
925 4053 1124 4126 vidSpecinaen
1134 4055 1200 4104 llist.

155 4133 274 4198 videtur,
286 4133 382 4208 dequo
392 4136 450 4188 vide
461 4137 584 4188 Biblioth.
595 4139 656 4188 Far·
701 4137 765 4188 Crit.
780 4134 841 4186 cdd.
854 4133 911 4186 ltal.
924 4151 984 4186 sarr,
995 4133 1057 4197 XV,
1068 4151 1128 4205 pag.
1141 4131 1191 4198 dna
1207 4123 1210 4138 ¹
