3176 4954
435 407 495 472 EX
520 409 663 475 LIBRO
687 410 785 474 XXX
808 410 955 477 samu.
1149 421 1207 502 431

637 538 749 601 XCVI.

174 643 455 736 Praestringatque
465 641 641 712 oculorum
651 649 757 714 aciem
769 645 946 740 splendore
956 651 1101 720 mIcanti.

632 760 760 824 XCVII.

176 912 329 929 .....
356 863 438 929 Ruis
449 861 536 946 hoec,
552 880 586 931 et
596 863 721 958 colligis
734 868 845 934 omnia
857 867 981 935 furtim.

620 977 767 1042 XCVIII.

176 1133 430 1151 ........
455 1084 664 1179 Quandoque
675 1085 786 1178 pudor
797 1111 839 1154 ex
849 1103 984 1181 pectore
996 1093 1094 1157 cessit

635 1199 750 1264 XCIX.

177 1353 465 1372 .........
491 1309 605 1402 Neque
620 1307 760 1376 barbam
774 1311 951 1376 immiseris
964 1311 1073 1377 istam.

617 1418 623 1430 .
680 1424 715 1486 C·

178 1573 537 1591 ...........
545 1517 548 1526 ’
567 1579 574 1592 .
603 1579 609 1591 .
635 1527 775 1596 Conficit
788 1532 875 1624 ipse,
888 1547 1091 1625 comestque.

456 1693 658 1801 opums
684 1712 928 1818 uinum&

174 1994 249 2061 Sine
265 1997 362 2086 eugio
372 2018 412 2066 ac
421 1993 561 2064 destina.
682 1911 706 1972 Ι.

562 2190 827 2270 SERRANO.

677 2378 703 2440 I.

173 2477 252 2549 Caeli
263 2485 398 2551 nomine
409 2497 443 2550 et
456 2481 535 2552 salis
548 2483 663 2552 fretus.

213 2664 303 2718 xcvl.
321 2665 424 2720 Nonius
444 2689 451 2718 ι
473 2661 671 2744 Proestrir'sqerc,
714 2665 814 2719 Lucilio
835 2680 927 2718 nostro
954 2679 1016 2719 sunt
1044 2667 1210 2721 attribuendi.

174 2739 273 2796 dictum
283 2758 321 2797 cst
329 2745 405 2800 valde
417 2747 555 2818 stringere,
566 2761 592 2800 et
601 2749 672 2800 cleu·
715 2749 812 2798 Verum
828 2743 979 2818 hymnidem
989 2745 1106 2799 fabulam
1116 2749 1212 2800 ealle·

173 2823 243 2876 dero.
257 2827 286 2876 In
299 2826 429 2880 veteribus
440 2825 511 2880 libris
525 2828 668 2881 Noniiest:
714 2825 816 2877 nandro
834 2825 953 2876 Latinam
974 2827 1072 2877 lecerat
1094 2825 1211 2878 cecilius
1255 2863 1259 2875 .

176 2903 382 2978 sProestrinqant
399 2904 530 2958 oculorum
546 2909 625 2959 aciem
643 2909 671 2960 in
716 2902 838 2975 quidam,
853 2921 906 2955 non
923 2923 984 2956 vero
999 2903 1130 2968 Lucilius;
1143 2918 1169 2957 et
1182 2925 1212 2958 ex

173 2981 229 3033 acie
250 2981 361 3036 bortellus
380 2983 513 3057 splendore
532 2987 667 3038 micantis
715 3001 746 3034 ea
760 2983 907 3036 testimonie
923 2981 1062 3053 aliquoties
1081 2983 1212 3035 advocan-

172 3063 211 3113 Ita
221 3061 293 3133 apud
302 3064 436 3116 Plautum:
447 3065 604 3130 Oculorum,
614 3065 670 3117 ΜΗ,
715 3072 781 3113 tura
793 3061 881 3112 Nonio
897 3074 922 3111 et
932 3062 1027 3128 Festo,
1042 3060 1212 3133 ejusdemque

173 3137 246 3192 Glor.
264 3145 290 3207 1,
309 3142 343 3209 4:
363 3143 526 3216 Proestn'nffat
543 3145 626 3198 aciem
643 3147 671 3196 in
715 3140 834 3214 meminit
843 3138 944 3190 Cicero.
958 3141 1025 3192 Utut
1043 3141 1091 3206 sit,
1108 3154 1211 3206 tamen,

175 3218 231 3269 acic
244 3214 372 3272 hostibus.
714 3209 847 3270 noluimus
858 3219 979 3269 omittere
993 3220 1057 3289 quiu
1072 3231 1098 3269 et
1110 3217 1152 3270 hio
1163 3237 1212 3289 po-

209 3295 310 3349 XCVII.
322 3298 392 3350 Nou.
403 3298 483 3350 Iluere
490 3337 498 3364 ,
509 3299 606 3350 irruere
614 3301 668 3351 sine
712 3315 850 3361 meremus,
865 3297 983 3366 nequis,
997 3298 1028 3348 iis
1040 3298 1154 3363 omissis,
1168 3310 1213 3349 sut

174 3374 287 3429 cautela.
300 3374 389 3429 Idem:
403 3376 545 3449 collique,
558 3378 668 3430 auferre.
713 3377 886 3426 temeritatem
910 3386 1025 3425 nostram
1058 3389 1211 3441 accusaret,

207 3457 320 3509 XCVIII.
335 3457 451 3510 Nonius:
467 3458 571 3524 Cedere,
587 3458 669 3528 signi·
713 3465 759 3505 aut
772 3451 933 3520 diligentiam
948 3451 1116 3506 desideraret.
1129 3455 1174 3505 Eo.

172 3531 234 3589 fleat
269 3535 413 3588 seeundum
452 3535 669 3589 consuetudinem
747 3531 1210 3605 I.Nonius:Eu9ium,mediapsrs

174 3614 246 3668 abire
257 3628 425 3686 superatum,
439 3628 466 3666 et
478 3615 567 3667 locum
577 3615 669 3667 victori
712 3613 782 3662 inter
795 3609 1211 3666 naturaliamuliebrio-Desti-

173 3692 244 3745 dare.
714 3710 749 3742 na
761 3689 896 3756 columen,
907 3689 1029 3757 fulcrum,
1037 3689 1108 3762 quod
1118 3692 1210 3761 gallice

207 3771 297 3824 XCIX.
316 3773 420 3826 Nonius
435 3793 441 3823 ι
459 3772 618 3839 Imminere,
633 3769 670 3823 di·
713 3767 874 3833 diceremus,
888 3770 963 3838 point
978 3767 1002 3820 d‘
1002 3770 1083 3842 appui
1088 3791 1098 3832 ,·
1116 3769 1159 3820 hie
1178 3769 1210 3822 de

174 3849 275 3901 mittere
287 3849 321 3902 ad
332 3850 517 3921 prolixitatem.
714 3867 767 3900 uno
778 3849 863 3918 agitur
873 3847 978 3900 homine
991 3847 1064 3920 quod
1072 3865 1121 3900 uos
1131 3865 1210 3899 voea-

208 3929 237 3981 C.
245 3928 314 3980 Nou.
323 3927 507 3999 Comest,pro:
521 3923 643 3978 eomedit.
713 3946 787 3994 mus,
801 3927 845 3979 cul
856 3929 968 3998 dcjatte.
978 3929 1024 3980 En.

208 4003 329 4078 'Hymni
343 4028 357 4062 e
371 4005 467 4080 quibus
485 4004 669 4076 depromptum
747 4007 777 4058 Π.
799 4007 901 4060 Nonius
921 4029 927 4060 ι
947 4009 1052 4072 Fretus,
1073 3999 1210 4056 masculini

172 4095 211 4138 est
229 4084 295 4138 illud
311 4087 487 4159 fragmentum
501 4103 668 4157 nequaquam
711 4086 823 4155 generis.
