3176 4954
468 444 530 510 sx
553 443 698 510 muno
721 445 804 510 xvi
829 445 971 510 simu.
1179 449 1245 538 379

495 636 498 648 .
688 572 759 637 XV.

202 675 340 771 Subjicit
352 675 432 746 hinc
442 675 604 748 humilem
615 729 624 760 ,
637 694 671 746 et
683 677 861 748 sufferctus
874 680 1104 773 posteriorem.

678 792 767 858 XVI.

204 905 376 994 Rugosum
389 916 490 996 atque
501 899 580 968 fami
594 899 746 993 plenum.

670 1014 777 1078 XVII.

205 1171 357 1186 .....
385 1125 450 1187 Aut
461 1121 518 1214 qui
530 1143 687 1189 nummos
700 1123 802 1188 tristis
813 1123 964 1192 inuocat.

664 1235 788 1298 XVIII.

205 1389 568 1406 ...........
595 1341 700 1408 Nomo
712 1357 764 1409 est
774 1339 944 1409 halicariu'
957 1345 1122 1435 posterior
1137 1358 1184 1410 to.

604 1533 866 1572 mmm·

346 1690 422 1765 EX
447 1689 611 1767 LIBRO
638 1692 740 1769 XVI
767 1690 1098 1770 SATIRARUM.

247 1853 456 1948 Porphyrion
464 1857 498 1922 in
512 1859 628 1924 Horat.
640 1856 683 1924 ad
695 1856 779 1926 illud
790 1856 847 1926 lib.
861 1864 894 1943 1,
907 1857 962 1928 od.
978 1885 1020 1927 20
1031 1862 1135 1928 :Dum
1145 1885 1245 1928 uttam

201 1981 293 2033 canto
306 1968 458 2059 Luhqen.
478 1968 518 2034 ld
535 1985 603 2050 est,
623 1991 760 2037 carmen
775 1972 811 2036 iu
829 1955 976 2062 Lalagon
991 1973 1152 2053 amicam,
1171 1968 1245 2064 ejus

200 2081 338 2145 nomine
358 2081 593 2171 compositum.
613 2081 665 2148 Sic
681 2096 714 2147 et
732 2079 816 2149 liber
829 2080 947 2148 Lucilii
965 2080 1114 2149 decimus
1131 2096 1245 2150 sextus

129 2175 131 2178 ⁵
200 2185 334 2281 Collyra
352 2189 559 2274 inscribitur,
577 2214 618 2259 eo
636 2191 728 2286 quod
747 2191 789 2262 de
809 2190 943 2286 Collyra
961 2195 1069 2264 amica
1086 2216 1148 2262 sua
1163 2195 1245 2262 sori-

200 2313 278 2390 ptus
298 2300 351 2368 sit.
709 2399 723 2462 Ι

200 2501 275 2572 Ibat
285 2505 372 2572 forte
383 2507 486 2590 aries,
499 2508 609 2600 inquit
623 2533 630 2573 :
643 2504 714 2599 jam
727 2507 818 2601 quod
829 2505 944 2599 genu'l
959 2509 1093 2602 quantis

198 2614 364 2683 Tostibu'l
379 2621 442 2686 Vix
453 2641 522 2688 uno
534 2618 591 2686 filo
605 2617 678 2688 haec
691 2643 728 2687 se
741 2617 869 2688 baerere
883 2647 892 2687 ε
907 2635 1045 2712 putares

199 2724 357 2794 Pellicula
368 2743 517 2795 extrema
529 2753 569 2797 ex
581 2745 698 2823 aptum
710 2729 859 2823 pendere
871 2751 957 2797 onus
969 2731 1100 2821 ingens.

198 2871 301 2923 otunais
319 2869 445 2922 observat
461 2869 556 2925 doctus
570 2872 698 2945 Scaliger,
743 2871 905 2927 declinatum
923 2885 981 2942 ost,
1003 2884 1035 2924 ut
1045 2869 1151 2944 sumu,
1163 2870 1244 2942 funi.

197 2949 404 3002 tintinnabulum
420 2963 445 3004 at
459 2952 546 3023 airpea
560 2966 606 3005 aut
623 2955 700 3025 sirpi-
778 2953 858 3005 xvu.
873 2954 993 3005 NonIua=
1008 2951 1152 3017 Insinuare,
1169 2951 1249 3022 quasi

197 3026 271 3078 culn.
293 3029 333 3079 Da
351 3030 531 3083 tintinnabulo
547 3030 656 3084 Plautus
672 3035 700 3084 iu
743 3049 814 3084 unco
826 3029 987 3083 insudasset
1000 3029 1126 3101 arripare.

199 3105 343 3173 Pseudolo,
355 3109 381 3172 1,
395 3107 427 3174 3,
440 3127 475 3180 99
488 3131 494 3162 ι
510 3133 522 3157 ι
532 3111 626 3163 Lanius
638 3110 700 3164 Inde
778 3112 872 3164 XVIII.
886 3110 1037 3176 Charisius,
1046 3105 1093 3160 lib.
1105 3109 1116 3159 I
1127 3129 1134 3158 t
1144 3107 1247 3159 Alioam

198 3199 331 3236 arcessam
345 3185 413 3239 duos
426 3205 488 3240 oum
505 3187 699 3242 tintinnabulis.
743 3192 800 3242 aina
808 3192 970 3262 aspiratione
976 3187 1075 3241 tllotarn
1082 3189 1188 3239 Verrius
1195 3199 1247 3262 tra·

199 3259 298 3312 Eodem
313 3261 368 3315 duo
380 3283 472 3336 greges
491 3268 624 3337 virgarum
637 3266 700 3320 inda
743 3267 798 3335 dit,
809 3282 835 3322 st
841 3271 879 3322 sic
886 3269 961 3320 multi
969 3265 1164 3319 dixeruutrnisi
1171 3263 1246 3336 quotl

198 3337 343 3393 ulmaarurn
368 3343 517 3415 adogoto.-
542 3346 582 3397 De
608 3347 700 3416 sir-peis
743 3346 858 3400 Lucilius
867 3347 893 3398 in
902 3339 1246 3398 mammutium*

197 3422 283 3472 Varro
294 3420 410 3493 dulting.
423 3423 496 3492 leat,
509 3423 552 3476 lIb.
566 3427 609 3476 tv.
624 3425 700 3477 ·str·
741 3445 769 3498 p.
780 3439 798 3480 t.
807 3429 1034 3498 cumaspiratioua
1043 3423 1246 3478 dixit-Hali-

197 3517 264 3569 pea‚
280 3518 337 3571 qun
354 3503 432 3572 virgis
449 3504 578 3573 sirpatttr‚
599 3501 699 3572 idest,
743 3507 822 3560 catiu'
828 3526 856 3579 p.
868 3518 886 3559 t.
895 3509 1001 3560 Festus:
1014 3506 1154 3559 -tttiearm
1163 3523 1246 3558 mara-

197 3577 348 3648 oolligando
359 3579 526 3650 implicatur,
535 3583 563 3632 iu
574 3599 625 3653 qua
637 3595 700 3634 tter·
743 3587 822 3638 triens
838 3584 1042 3658 appellabantur
1057 3587 1085 3638 in
1100 3586 1245 3657 Campania

197 3677 244 3712 otta
256 3659 360 3713 aliudve
371 3659 435 3733 quid
447 3661 572 3716 evehitur.
584 3682 597 3709 a
743 3664 824 3719 solita
832 3665 1247 3738 antepisttinaAlioariomnrvar·

230 3739 635 3815 xv.s.catttua‚ttb.1V‚eap.
651 3761 696 3814 ¹7²
742 3747 795 3798 tari
817 3757 931 3816 quosstus
948 3747 1066 3816 gratian
1086 3744 1194 3797 Plautus
1216 3745 1245 3794 in

197 3817 314 3888 Sufficit.
336 3819 375 3885 U,
393 3818 469 3872 litera
481 3819 574 3891 longa,
588 3821 696 3892 legunt,
742 3823 864 3892 Poenuto,
870 3827 891 3891 1,
901 3842 925 3890 2,
934 3824 982 3892 54:
994 3846 1006 3871 ι
1016 3822 1152 3889 Prosda,
1160 3824 1245 3893 pitto-

201 3897 264 3967 quia
271 3900 383 3969 primam
393 3898 518 3972 syllabam
528 3899 635 3954 bravem
642 3920 699 3956 asso
742 3923 801 3956 rum
819 3906 934 3970 amicat,
948 3903 1071 3977 reliquias
1088 3899 1216 3953 alioarias.
1229 3922 1243 3946 ι

197 3977 225 4027 in
236 3995 311 4030 tarsu
322 3977 431 4032 heroico
445 3998 500 4032 non
515 3981 645 4032 contenit.
778 3987 798 4036 I.
810 3984 1052 4056 Nouiusrdptmu,
1064 3997 1169 4032 rursum
1179 3997 1245 4032 oon-

232 4051 298 4109 xvt.
317 4057 350 4108 A.
367 4055 484 4126 Gellius,
502 4057 548 4110 lib.
567 4059 619 4125 IX,
637 4077 697 4130 cap.
744 4080 840 4116 noxum
854 4077 880 4116 at
893 4063 1045 4134 eolliflatum
1059 4056 1196 4130 signifieat.
1209 4087 1245 4098 -
1295 4099 1298 4106 .

199 4132 699 4207 14:8ioautamdies‚dii‚avetarlbns
745 4140 874 4196 Pollimla
889 4153 1001 4194 aurem
1015 4157 1047 4191 ax
1062 4148 1170 4210 aptum,
1190 4149 1243 4192 ato.
