3038 4932
608 541 612 554 ¹
642 469 705 530 un
728 467 827 532 oin
851 466 1038 532 annisu
1062 469 1190 536 viri:

578 595 635 639 Ante
647 593 726 640 cibum
737 608 829 649 versus,
846 593 939 646 totidem
948 597 1072 642 eoenatual
1083 596 1172 644 Etrusci

576 664 648 725 Quale
658 665 702 710 luit
711 663 774 710 Cassi
786 663 868 726 rapido
878 664 1005 712 ferventius
1014 670 1077 712 amni

578 738 714 798 lngeninm3
725 737 799 799 capsis
809 751 879 798 quem
891 737 953 782 lama
964 749 999 784 est
1010 753 1059 785 esse
1070 737 1180 801 librisque

577 809 715 854 Ambustum
726 808 836 870 propriis

393 950 487 1029 Quod
498 941 602 1011 tamen
615 951 897 1018 Horatiobucilius
920 951 1090 1012 lutulentus
1108 951 1202 1012 fluere
1225 953 1309 1012 visus
1329 953 1419 1027 sit,in

392 1069 430 1108 eo
443 1048 582 1108 dissentit
592 1046 803 1123 Quintilianus
816 1047 872 1107 lib.
882 1048 926 1124 X,
940 1068 1007 1129 cap.
1024 1070 1054 1123 1,
1068 1047 1138 1108 loco
1147 1048 1213 1132 jam
1226 1050 1334 1124 citato,
1346 1050 1418 1108 lusti-
1500 1129 1501 1134 η

393 1156 450 1208 tut,
464 1147 594 1204 Orator:
617 1167 631 1200 n
644 1146 710 1224 Ego
733 1157 885 1226 quantum
898 1144 937 1204 ab
956 1143 1015 1204 illis
1033 1145 1108 1225 (qui
1121 1144 1276 1206 Lucilium
1293 1146 1420 1205 omnibus

392 1241 491 1323 poetis
504 1240 686 1323 praeferant)
704 1254 826 1301 tantum
840 1243 881 1302 ab
901 1243 1030 1302 Horatio
1049 1242 1193 1303 dissentio
1213 1243 1267 1324 qui
1282 1243 1420 1302 Lucilium
1499 1303 1501 1320 ,

393 1337 486 1399 lluere
503 1337 698 1416 lutuentnm,
720 1352 751 1399 et
767 1360 830 1401 esse
844 1339 962 1422 aliquid
977 1338 1063 1421 quod
1076 1339 1181 1400 tollere
1195 1341 1312 1421 possis,
1332 1351 1419 1420 putat:

391 1444 509 1493 namet
520 1434 651 1494 eruditio
663 1434 696 1493 in
709 1454 747 1493 eo
765 1436 861 1511 mira,
880 1449 910 1496 et
922 1435 1061 1511 libertas,
1083 1449 1173 1518 atque
1185 1435 1258 1496 inde
1271 1435 1421 1508 acerbitas,
1499 1435 1501 1460 ⁴

376 1535 421 1614 'et
435 1531 558 1592 abunde
577 1532 682 1592 salis.»
706 1534 809 1594 Cicero
823 1534 916 1592 etiam
935 1533 968 1592 in
989 1534 1085 1594 Bruto
1105 1546 1195 1595 vocat
1217 1531 1422 1594 hominemdoc»

392 1641 469 1703 tum,
488 1643 516 1689 et
533 1628 746 1711 pemrbannm,
766 1631 822 1691 ubi
841 1631 955 1691 scilicet
973 1631 1095 1691 scribit:
1116 1632 1150 1690 C.
1165 1630 1320 1706 Lucilius,
1340 1627 1420 1689 homo
1499 1625 1501 1632 '

391 1726 499 1786 doctus
512 1739 544 1785 et
553 1727 760 1809 perurbanus,
775 1727 873 1789 dicere
883 1727 1012 1804 solebat,
1024 1751 1059 1788 ea
1073 1747 1141 1810 quae
1155 1725 1316 1802 scriberet,
1337 1746 1420 1805 neque

393 1821 432 1882 ab
444 1821 672 1897 indoctissimis,
697 1845 796 1904 noque
813 1826 852 1885 ab
865 1825 1049 1886 doctissimis
1062 1823 1123 1903 legi
1138 1823 1230 1896 velle3
1252 1822 1337 1904 quod
1351 1821 1422 1881 alteri
1500 1857 1501 1902 ,

393 1918 474 1979 nihil
490 1919 710 2000 intelligerent,
726 1919 812 1978 alteri
826 1921 896 2002 plus
916 1921 1057 1997 fortasse,
1071 1941 1166 2002 quam
1180 1922 1245 2002 ipse
1257 1920 1294 1980 de
1308 1941 1348 1980 se.
1364 1945 1376 1974 s

431 2016 472 2074 Et
484 2036 557 2074 sane
569 2016 686 2090 nescio,
706 2014 830 2096 subjicit
843 2017 929 2100 Casp.
950 2018 1142 2100 Sagittarius,
1164 2038 1259 2098 aquo
1277 2014 1344 2076 haec
1362 2033 1421 2097 pre·
1500 2011 1501 2014 ¹

392 2113 482 2193 cipue
502 2125 699 2189 mutuamur,
721 2134 827 2173 annon
848 2114 887 2173 ad
906 2114 1034 2174 alteram
1052 2114 1178 2174 classem
1197 2113 1371 2174 referendus
1392 2113 1421 2170 sit
1500 2129 1501 2186 3

392 2211 554 2287 Horatius,
567 2209 621 2292 qui
629 2222 737 2282 coutra
749 2222 929 2270 caeterorum
940 2212 1152 2270 auctoritatem
1165 2231 1250 2269 nunc
1261 2209 1338 2283 haec,
1353 2228 1421 2268 nunc
1500 2225 1501 2256 1

394 2308 465 2381 ista,
480 2307 514 2367 in
528 2307 645 2368 Lucilio
658 2309 765 2390 carpit.
786 2309 865 2367 Nam
877 2321 985 2389 praeter
1002 2327 1038 2368 ea
1050 2328 1118 2388 quae
1128 2305 1194 2387 jam
1207 2321 1275 2366 tum
1289 2306 1421 2378 vidimus,
1499 2361 1501 2392 ÷

393 2405 486 2463 etiam
501 2404 536 2464 in
547 2425 585 2464 eo
600 2417 703 2480 notat,
715 2403 802 2486 quod
812 2405 903 2463 nimis
918 2406 958 2463 sit
971 2404 1106 2486 prolixus
1118 2405 1152 2462 in
1169 2404 1340 2478 sententiis3
1354 2399 1420 2483 quod

393 2515 494 2560 careat
518 2503 663 2562 varietate
691 2504 722 2560 in
748 2499 942 2562 sermonibus
963 2517 994 2562 et
1013 2501 1192 2586 affectibus,
1220 2499 1304 2583 quod
1327 2501 1419 2580 scripta

393 2598 556 2660 emendare
570 2600 671 2682 ipsum
687 2599 840 2659 taeduerit.
864 2600 975 2659 Versus
991 2599 1126 2680 singulos
1145 2620 1211 2672 non
1228 2597 1333 2658 affero.
1353 2597 1420 2656 Esset

393 2700 478 2758 enim
494 2719 581 2780 paene
595 2711 658 2756 tota
674 2696 789 2756 decima
804 2697 876 2756 libri
889 2699 985 2780 primi
999 2699 1091 2758 satira
1107 2696 1315 2758 describenda.

433 2795 577 2854 Nostrum
588 2815 661 2854 vero
673 2805 829 2854 auctorem
841 2816 945 2854 rursus
957 2794 1088 2854 laudant
1101 2794 1154 2854 alii
1170 2794 1248 2853 bene
1261 2793 1348 2853 multi
1358 2811 1420 2871 quos

394 2891 575 2950 citavimus:
595 2883 716 2965 Cicero,
731 2889 805 2950 alibi
816 2891 925 2967 etiam,
938 2890 1030 2966 lib.l,
1045 2891 1083 2950 de
1096 2891 1241 2966 Oratore,
1258 2890 1312 2948 lib.
1326 2890 1366 2962 ll,
1376 2887 1420 2945 ibi-

395 2985 478 3060 dem,
494 2983 634 3045 Academ.
656 2987 769 3062 Quaest.
788 2983 841 3044 lib.
860 2987 905 3059 ll;
928 2984 1175 3062 Quintilianum,
1188 2997 1300 3066 praeter
1314 2982 1364 3042 loc.
1380 2983 1418 3040 cit.

396 3086 492 3145 Instit.
506 3087 591 3146 Orat.
606 3085 659 3144 lib.
674 3085 702 3160 l,
717 3106 782 3166 cap.
795 3087 814 3146 6
820 3109 828 3161 3
846 3083 980 3144 Martial.
992 3085 1096 3168 Epigr.
1110 3083 1165 3143 lib.
1180 3083 1255 3161 Xll,
1269 3083 1365 3142 etalii

435 3185 587 3243 Caeterum
610 3185 654 3242 uti
674 3197 781 3244 contra
803 3184 970 3242 Horatium
987 3203 1024 3242 ex
1043 3183 1136 3242 veteri
1159 3202 1223 3242 aevo
1243 3203 1313 3242 suos
1331 3179 1418 3239 habuit

396 3300 551 3362 praecones
564 3326 572 3355 ,
590 3283 632 3341 ita
649 3303 704 3341 nec
722 3282 802 3342 inter
816 3283 997 3342 recentiores
1012 3281 1124 3340 desunt
1139 3283 1194 3362 qui
1206 3281 1325 3362 magnis
1338 3275 1419 3337 laudi·

395 3377 453 3437 hus
471 3377 536 3459 ejus
557 3381 684 3440 satiram
700 3380 842 3440 efferant.
857 3380 955 3439 lanus
970 3378 1178 3440 Gnillielmins
1193 3377 1369 3439 Lubecensis
1381 3393 1418 3432 se

396 3487 496 3536 terum
509 3476 546 3537 de
558 3497 595 3538 eo
613 3477 712 3559 elogia
730 3478 765 3537 in
784 3499 883 3537 unum
895 3477 1034 3558 collegit,
1048 3475 1104 3535 lib.
1124 3477 1170 3550 ll,
1189 3498 1214 3534 c.
1237 3497 1271 3534 r:
1288 3470 1419 3543 uLaeilii,

398 3571 516 3650 inquit,
535 3572 689 3654 majorum
706 3575 826 3634 incuria
843 3574 988 3656 pleraque
1008 3574 1114 3634 omnia
1132 3572 1333 3646 intercidisse,
1350 3564 1421 3626 valde

397 3666 474 3726 mihi
491 3668 655 3751 indignum
667 3671 765 3730 uideri
777 3671 861 3732 solet.
877 3673 986 3745 Mitto,
999 3669 1159 3730 hominem
1171 3670 1264 3729 fuisse
1277 3662 1421 3728 eruditissi-

397 3785 483 3823 mum
495 3810 503 3840 ‚
517 3779 547 3826 et
559 3767 674 3848 lingnae
686 3767 792 3828 latinae
810 3770 1061 3844 scientissimum,
1075 3767 1159 3849 quod
1176 3765 1273 3826 Fabio
1285 3779 1313 3826 et
1323 3759 1420 3828 Gelliol

397 3866 535 3945 primum
548 3865 617 3948 styli
630 3889 741 3927 nasum
758 3867 946 3945 condidisse,
964 3868 1047 3950 quod
1066 3867 1167 3927 Plinio
1185 3865 1312 3947 majori;
1327 3859 1420 3939 scripu

397 3959 460 4044 ejus
470 3965 599 4024 unicum
607 3965 690 4048 aputl
701 3967 825 4027 Latinos
836 3977 994 4049 χαρακτῆρος
1009 3974 1085 4047 ἰχνοῡ
1093 3964 1266 4048 exemplum
1280 3983 1346 4032 esse,
1352 3951 1419 4038 ‘111⁰‘l

397 4062 440 4121 Μ.
465 4064 598 4125 Varroni
625 4069 726 4125 visum
748 4064 832 4124 fuit:
859 4067 969 4148 quanti
995 4064 1122 4126 tandem
1148 4062 1225 4123 illud
1248 4057 1421 4144 putandum,

397 4159 543 4221 vitiorum
564 4164 774 4224 insectatorem
799 4164 983 4231 acerrimum
1005 4163 1115 4224 fuisse?
1136 4160 1230 4238 Quod
1251 4179 1313 4221 uno
1333 4167 1423 4216 omnes
