2986 4924
328 405 390 471 168
498 405 653 468 VARIAE
677 405 948 473 LECTIONES
970 406 1032 470 ET
1055 407 1190 472 NOTAE

320 543 395 602 regat
404 531 528 602 ingemit:
540 529 643 582 felicior
650 531 853 584 constructionis
862 530 982 584 audacia.
993 561 1029 572 —-
1037 531 1096 583 Hoc
1105 531 1225 594 benesit5
1237 530 1367 584 solemnia

320 609 485 677 sarbaram,
496 608 718 680 quemadmodum
727 612 798 682 quod
805 612 868 663 bene
876 623 971 677 uertat,
981 625 1027 663 aut
1036 611 1365 688 ‹puodselixfortunutum·

319 690 426 762 querit,
441 704 487 741 ant
498 691 569 761 quod
576 689 623 741 Dii
631 689 781 756 secundent,
792 701 837 741 aut
845 691 891 742 Dii
900 709 941 742 me
950 703 1051 756 ament,
1066 691 1162 764 quibus
1172 690 1297 744 omnibns
1307 703 1367 742 ute-

320 757 431 835 bantur,
443 773 546 842 quoties
558 787 613 821 rem
625 787 746 839 maguam
756 768 871 840 aliquam
882 770 1087 841 inusitatumque
1099 770 1317 842 aggrederentur,
1328 781 1367 820 tt-

321 867 373 920 que
382 851 460 901 etiam
468 851 571 920 quoties
578 851 605 900 in
613 851 739 901 conviviis
748 867 805 901 sese
813 847 847 900 ad
854 849 1010 902 hilaritatem
1021 863 1046 901 et
1054 850 1088 902 ad
1097 850 1243 904 bibendum
1253 852 1368 902 invicem

320 926 498 980 hortarentur.
520 929 561 982 Sic
578 931 642 981 iacit
659 942 748 980 noster
763 947 872 992 avarus,
888 928 935 982 sed
951 929 1063 982 laetitiam
1080 930 1173 982 indicit
1189 931 1367 1002 iuqemiseeas.

320 1000 490 1063 viderunt.
499 1011 571 1081 areg.
584 1027 611 1077 t,
622 1007 668 1062 ab.
676 1013 713 1072 113
726 1009 809 1062 itaut.
820 1012 847 1061 in
857 1010 937 1063 saca
947 1029 984 1063 se.
996 1012 1043 1078 13,
1054 1012 1144 1084 tuque
1151 1012 1273 1064 Lambini
1280 1025 1366 1063 nous.

320 1120 356 1128 -
369 1090 526 1142 Tunieatum
539 1109 598 1143 cum
609 1090 662 1142 sale
673 1090 792 1142 mordens
802 1108 871 1161 coepe
878 1113 887 1151 ‚·
901 1109 969 1163 crepe
982 1091 1096 1146 comedit
1111 1092 1200 1144 multis
1216 1092 1366 1144 rudioribus

319 1169 464 1222 involucris
479 1171 559 1222 etiam
571 1168 734 1234 involutum,
748 1183 774 1222 ct
790 1168 891 1221 mandit
907 1170 1021 1234 andins,
1038 1169 1107 1242 quod
1121 1170 1239 1224 mordens
1257 1171 1365 1224 indicat.

322 1248 387 1298 Cum
397 1247 450 1300 sale
455 1271 465 1310 ,·
482 1249 605 1300 miserum
623 1246 828 1299 condimentum.
851 1248 1026 1316 Punicarum,
1040 1250 1184 1320 elegantius
1202 1269 1283 1321 qnam
1302 1269 1367 1322 pro-

318 1328 407 1396 prium
417 1328 500 1379 fuerat
512 1326 585 1398 apud
594 1339 716 1398 poetam
729 1328 766 1378 sic
779 1325 851 1398 apud
863 1328 928 1380 Stat.
940 1329 1073 1400 sylvarum
1085 1329 1133 1393 lV,
1146 1346 1177 1398 9,
1192 1345 1240 1396 29:

519 1482 641 1526 liutherum
648 1484 734 1524 usaue.
896 1423 990 1480 “pm

322 1566 409 1635 (ἔαρος
421 1564 517 1617 dicitnr
526 1579 551 1620 et
562 1584 646 1636 cupa,
660 1565 786 1618 horteuse
796 1564 869 1629 olus,
882 1567 945 1618 satis
956 1580 1058 1618 notum.
1070 1567 1190 1621 Juvenal.
1199 1569 1252 1620 Sat.
1263 1568 1323 1632 XV,
1335 1584 1366 1636 9:

520 1663 610 1705 Portum
618 1669 640 1705 et
646 1675 705 1718 cepe
711 1660 772 1704 nesus
779 1659 886 1732 violares
893 1660 991 1719 frangere
1000 1675 1080 1706 morsu.

350 1807 411 1852 Vas.
423 1806 460 1854 ³1.
471 1829 481 1848 ι
489 1809 531 1862 Et,
536 1807 653 1871 ferrcurm
658 1809 735 1871 pueris
741 1803 900 1869 plaudentibus
906 1806 986 1869 effus.
994 1807 1068 1852 -Sic
1076 1806 1149 1852 edunt
1156 1807 1230 1852 Mus
1238 1807 1366 1852 meiCodd.

319 1875 394 1933 804⁸,
409 1877 482 1936 8055,
496 1879 570 1941 8070,
583 1877 644 1940 8273
656 1889 680 1923 et
691 1877 818 1922 editionum
830 1879 995 1927 vetustissimae.
1008 1877 1105 1938 Legitur
1116 1888 1141 1924 et
1147 1877 1266 1939 farratum
1278 1875 1367 1932 olim,

319 1957 343 1992 ct
349 1946 443 2009 forrata
454 1948 516 2011 offo,
531 1961 553 1995 et
558 1948 653 2011 farrata
664 1944 727 2002 olla,
740 1961 797 2008 ques
812 1947 955 1992 admiserunt
969 1949 1086 1993 variantes
1101 1945 1138 1991 elii
1150 1945 1212 1991 alias.
1231 1945 1279 1990 Sed
1290 1949 1367 2006 primo

319 2015 367 2064 ullu
379 2020 455 2066 minus
468 2023 577 2067 convenit
592 2033 645 2066 cum
654 2018 749 2082 funutu
760 2034 828 2081 quem
840 2015 904 2080 offu,·
917 2030 966 2064 turn
980 2019 1121 2064 constructio
1135 2015 1205 2080 paulo
1218 2016 1282 2062 foret
1293 2017 1368 2079 irnpe-

319 2087 405 2142 ditior‚
421 2088 440 2134 si
451 2087 611 2135 admitteretur
621 2087 734 2134 ablativus
739 2087 833 2151 sumta
841 2087 891 2150 offo
900 2103 943 2149 pro
955 2089 1071 2134 causativo
1075 2086 1191 2150 sumtum
1199 2085 1285 2150 qfl‘um,
1297 2103 1369 2150 quern

319 2159 380 2218 regit
391 2157 559 2221 plaudentibus.

356 2266 422 2336 Νω-
444 2269 486 2321 31.
507 2267 578 2332 «tu,
589 2267 722 2338 farratam
734 2266 820 2335 pueris
829 2263 1011 2335 plaudentibus
1028 2263 1123 2335 ossam.
1142 2295 1177 2306 -
1194 2265 1299 2317 Scilicet
1311 2268 1367 2318 visa

321 2345 397 2420 offa,
412 2365 493 2420 quam
507 2365 568 2400 raro
577 2337 725 2397 ⁴admodum
739 2343 832 2396 viderit
845 2343 926 2411 alias,
939 2343 1045 2416 plaudit
1058 2347 1144 2396 omnis
1161 2345 1261 2397 familia
1277 2357 1304 2397 et
1321 2344 1368 2396 ad·

321 2427 440 2482 miratur.
454 2456 490 2468 -
503 2427 636 2479 Farratam
655 2423 759 2497 offerus
774 2423 860 2496 offam
872 2442 903 2486 ex
915 2422 1012 2479 horreo
1029 2438 1074 2476 ant
1087 2423 1162 2494 farre
1176 2426 1294 2500 iactatu:
1311 2424 1369 2478 silis

322 2518 362 2556 est
378 2505 469 2569 cibus,
486 2507 529 2556 cui
545 2519 634 2556 tamen
652 2501 724 2575 apud
742 2501 952 2555 sordidissimum
964 2501 1101 2554 dominum
1115 2503 1189 2574 pueri
1205 2522 1259 2554 non
1277 2521 1369 2570 assue-

321 2586 415 2636 verint.
430 2586 542 2646 Vertunt
554 2584 673 2656 plerique
680 2582 784 2655 furtum
797 2600 828 2632 ex
840 2581 927 2659 pulte}
941 2580 987 2633 setl
1001 2580 1073 2632 aliud
1086 2594 1126 2633 est
1140 2579 1216 2652 puls,
1230 2581 1367 2652 alitulfur.

322 2662 433 2716 Struunt
456 2680 563 2734 quoque
578 2649 711 2732 farratam
737 2657 823 2732 offam
849 2677 902 2709 uon
926 2677 987 2709 oum
1006 2657 1210 2734 plaudentibus,
1236 2660 1284 2714 sed
1307 2679 1369 2726 cum

322 2740 418 2800 soriam
432 2741 518 2792 minus
532 2758 596 2790 vero
610 2739 805 2790 convenienter.

357 2857 424 2909 Nor.
437 2858 480 2910 32.
494 2856 760 2928 aPanaosumfoecem
768 2857 900 2908 morientis
906 2857 987 2907 sorbet
993 2857 1069 2908 aceti.
1079 2879 1090 2902 v
1101 2883 1137 2895 -
1146 2855 1319 2909 Observanda
1329 2870 1371 2910 est

323 2939 407 2990 Poetae
421 2940 528 2990 curiosa
540 2938 653 2990 felicitas
664 2938 692 2987 in
706 2934 810 2988 delectu
818 2935 967 2988 verborum.
983 2940 1045 2989 Non
1056 2936 1136 3003 bibit,
1147 2936 1193 2988 sed
1201 2939 1285 2990 sorbet
1290 2959 1300 3000 ,-
1314 2957 1369 2990 non

321 3017 428 3083 vinum,
440 3015 487 3068 sed
495 3026 612 3080 ocenum,
623 3014 651 3066 b.
661 3033 685 3067 e.
697 3033 810 3086 vappam
820 3029 866 3067 aut
875 3034 998 3087 poscam,
1009 3016 1050 3067 vel
1060 3018 1137 3067 etiam
1148 3035 1238 3066 verum
1249 3028 1351 3068 acetum
1361 3037 1369 3080 ς

321 3115 384 3149 nam
396 3111 423 3149 et
433 3099 546 3149 Romani
557 3096 653 3149 milites
663 3111 689 3148 et
699 3094 742 3147 alii
755 3115 886 3168 pauperes
898 3109 1000 3148 acetum
1012 3097 1150 3168 potabant.
1159 3097 1210 3150 Sed
1220 3098 1263 3148 hic
1273 3097 1369 3170 depar-

322 3193 369 3228 eus
385 3189 487 3229 acetum
505 3174 572 3227 bibit
588 3177 713 3240 moriens,
728 3173 755 3225 lt.
771 3195 794 3227 e.
806 3178 862 3245 jam
877 3175 1002 3228 deficiens
1016 3191 1043 3228 et
1056 3179 1115 3246 ipsa
1128 3190 1259 3229 vetustate
1273 3197 1369 3229 corru-

322 3269 410 3324 ptum3
426 3258 508 3307 immo
523 3274 557 3308 ne
569 3266 670 3308 acetum
685 3254 808 3326 quidem,
822 3255 870 3307 sed
883 3257 950 3308 aceti
958 3255 1071 3326 fencem
1085 3259 1161 3308 istam
1176 3275 1285 3328 qnoque
1297 3276 1367 3327 puu-

320 3353 427 3402 amum,
446 3334 473 3386 h.
494 3355 517 3387 e.
537 3335 696 3387 membranis
715 3353 770 3405 prae
785 3347 915 3386 vetustate
930 3336 986 3403 jam
1001 3333 1153 3386 obductam.
1174 3339 1226 3388 lsta
1241 3351 1319 3404 sunt,
1334 3339 1369 3388 ait

321 3413 508 3480 Casanbonm,
521 3432 583 3466 vere
597 3416 736 3482 Persiana,
750 3410 949 3479 iqurutiruru.

356 3527 423 3576 Nor.
443 3526 486 3577 33.
501 3529 536 3594 :lt
549 3529 571 3579 si
585 3539 675 3580 unctus
689 3545 779 3602 cesses,
793 3539 819 3594 nt
825 3525 898 3602 fipus¹
910 3529 937 3578 ia
952 3541 1009 3580 cute
1021 3527 1110 3579 solem.
1125 3557 1161 3566 —
1175 3529 1249 3579 Prius
1263 3543 1321 3579 erat
1335 3528 1368 3580 de

321 3605 428 3658 bomine
440 3627 533 3670 avar03
547 3627 618 3659 nunc
628 3606 661 3659 de
673 3605 822 3672 luxurioso,
836 3622 933 3680 atque,
947 3620 976 3658 nt
987 3627 1049 3660 vero
1063 3606 1222 3660 simillimum
1235 3627 1292 3662 esse
1304 3629 1369 3680 pro-

320 3683 454 3751 bavimus,
466 3685 499 3748 ds
512 3687 635 3756 Nerone,
651 3685 698 3738 sed
710 3701 777 3739 tecte
789 3701 815 3751 et
827 3685 1031 3739 dissimulanter.
1048 3689 1140 3758 Neque
1153 3689 1223 3738 enirn
1236 3684 1368 3758 luxurium

319 3764 448 3834 Principis
461 3765 634 3837 infandusque
652 3765 773 3818 libidines
785 3767 893 3816 nomine
907 3784 955 3817 suo
968 3765 1093 3819 describit
1104 3767 1185 3818 Poeta
1193 3804 1204 3840 ¹.
1218 3765 1257 3818 vel
1272 3765 1367 3820 Socru-

321 3846 373 3896 tica
383 3864 495 3914 persona
507 3844 631 3915 ipdutus;
642 3846 689 3898 sed
701 3847 744 3898 alii
756 3845 820 3898 dicit
832 3863 888 3897 esse
901 3845 1011 3911 relatas,
1023 3847 1124 3898 homini
1137 3848 1239 3918 iquoto,
1253 3849 1298 3916 qui
1312 3847 1369 3897 for·

322 3941 369 3976 san
384 3926 482 3976 nimius
497 3927 538 3976 sit.
554 3927 614 3977 Heu
626 3940 665 3978 est
681 3929 771 3978 ironiae
781 3927 867 3977 forma
879 3925 1007 3978 callidior.
1028 3929 1126 3978 Totum
1143 3925 1215 3978 hunc
1233 3921 1338 3992 iocum,
1353 3943 1369 3977 a

319 4023 396 4056 versu
409 4006 443 4057 33
455 4005 490 4056 ad
500 4007 549 4072 41,
563 4008 600 4057 sin
614 4008 803 4077 interpretatur
813 4005 1003 4072 Casaubonus‚
1018 4020 1043 4057 et
1056 4003 1162 4076 quidem
1177 4004 1306 4057 ieliciter:
1320 4005 1368 4056 «si

321 4086 378 4157 quis
391 4085 496 4138 mollius
508 4098 595 4138 cutem
609 4105 701 4140 curare
713 4086 869 4152 instituerit,
882 4098 910 4137 ut
921 4088 969 4158 qui
980 4087 1102 4159 pumice,
1112 4083 1227 4136 volsellis
1240 4103 1271 4136 ac
1283 4083 1369 4156 psilo-
