3176 4954
328 471 393 552 364
563 473 599 535 C.
624 470 811 536 LUCILII
836 473 1128 536 FRAGMENTA

811 601 881 664 XX.

327 710 359 775 Si
371 705 454 774 nihil
465 707 508 774 ad
522 707 657 791 faciem,
670 727 703 778 et
714 708 824 776 solum
838 709 934 802 lupa,
950 707 1245 804 prostibulnmque

326 821 462 898 Nummi
473 843 558 912 opus
570 835 671 914 atque
684 821 779 887 assis.

801 933 888 996 XXI.

328 1089 547 1105 .......
551 1101 553 1104 .
575 1089 583 1104 .
611 1089 617 1104 .
643 1035 730 1123 Quid
744 1060 821 1128 ego,
835 1039 862 1102 si
875 1053 1118 1120 eernoostren,

326 1149 505 1238 Cognorim
517 1144 673 1228 fluuium,
686 1145 806 1214 limum
817 1169 856 1212 ac
868 1168 999 1214 coenum
1015 1168 1133 1237 sapere
1147 1149 1286 1236 ipsum?

793 1261 897 1323 XXII.

328 1370 579 1435 Frumentarins
594 1383 659 1438 est.
675 1365 823 1436 modium
838 1367 893 1434 hic
905 1391 1019 1436 secum
1030 1385 1132 1463 atque
1143 1367 1307 1436 rutellum

330 1481 405 1544 Una
418 1476 525 1544 affert.

788 1573 909 1636 XXIII.

333 1712 1020 1729 ....................
1046 1663 1175 1730 Labore

330 1775 478 1854 Discere,
491 1795 533 1837 ne
545 1787 577 1838 te
589 1794 643 1837 res
654 1773 741 1862 ipse,
753 1795 793 1836 ac
806 1773 890 1836 ratio
902 1773 974 1863 ipsa
986 1771 1126 1838 refellat.

790 1885 906 1946 XXIV.

333 1993 454 2081 Rugosi
468 1993 623 2083 passique
636 2013 731 2056 senes
744 1989 860 2057 eadem
875 1993 985 2057 omnia
997 2006 1165 2084 quaerunt.

331 2193 380 2226 nus
394 2188 521 2245 purgato,
536 2193 584 2226 nec
602 2173 722 2226 sordibus
735 2193 749 2225 a
764 2192 828 2224 can·
870 2187 947 2246 puter
959 2186 1075 2226 autumat
1086 2170 1254 2226 scribendum
1266 2189 1319 2223 non
1328 2189 1372 2223 no

332 2250 394 2301 dido
419 2261 540 2322 separato
560 2250 700 2303 dicendum
721 2255 829 2302 Veteres
874 2255 922 2306 rim
928 2252 1196 2328 flavium-Probe
1208 2253 1235 2302 in
1254 2248 1372 2302 eamdem

332 2341 497 2399 putaverunt.
512 2331 651 2382 Aceratum
664 2348 725 2380 vero
736 2343 774 2380 est
788 2328 829 2380 Iu·
874 2335 1036 2384 sententiam.
1053 2331 1120 2383 Vide
1129 2329 1249 2382 Juvenal.
1261 2342 1309 2380 sat.
1321 2329 1372 2392 IV,

332 2419 387 2456 tum
413 2406 495 2475 psIeIs
519 2411 643 2472 mistum,
665 2421 694 2458 ut
715 2407 830 2458 litterarii
874 2429 911 2463 rs.
930 2412 994 2479 139:

333 2503 395 2536 usus
408 2499 455 2537 est.
469 2487 541 2538 Prius
558 2489 685 2557 scriptum
701 2501 760 2538 erat
774 2505 831 2538 ace-
1002 2523 1057 2567 Nun,
1068 2525 1133 2580 mim
1142 2523 1181 2566 tuit
1190 2537 1239 2566 ms
1248 2521 1323 2565 edendi

334 2581 417 2616 mum
429 2582 477 2633 ΡΙὮ
489 2576 620 2616 mmmm
630 2587 637 2626 i
649 2564 719 2616 hunc
729 2583 831 2618 Vffium
875 2589 1004 2644 Tempestate
1013 2603 1065 2630 men.
1075 2587 1151 2629 Circeis
1159 2595 1207 2628 nata
1217 2586 1295 2638 forent,
1304 2584 1336 2626 ια’

333 2643 368 2692 ita
382 2643 549 2694 scribendum
560 2643 632 2696 dedit
646 2644 794 2696 loborIosus
805 2657 831 2695 et
875 2651 984 2692 Lucrinum
992 2651 1018 2692 ad
1028 2661 1104 2698 uxum,
1113 2649 1241 2701 ItutupInove
1249 2645 1375 2690 ediutnndo

334 2722 501 2775 doctissimus
514 2727 611 2776 [ponsa.
877 2713 958 2762 Ostrea,
968 2711 1056 2756 callebat.
1066 2713 1132 2766 prima
1141 2709 1267 2766 deprendere
1277 2721 1357 2758 morsm

369 2801 426 2850 XX,
449 2801 551 2852 Nonius
569 2823 575 2852 t
596 2801 708 2852 Genitiv.
729 2804 832 2872 posim
876 2773 901 2814 Iit
910 2775 972 2816 semel
981 2773 1071 2830 adspecti
1080 2771 1129 2814 litns
1138 2771 1218 2813 dicebat
1228 2769 1303 2813 echini.

336 2895 385 2947 pro
397 2874 555 2929 abian-Si
565 2877 633 2928 niltil
643 2877 797 2948 adfaciem,
808 2888 836 2929 et
912 2880 992 2931 XXII.
1008 2881 1124 2930 Nonius:
1138 2879 1257 2940 flatrum,
1277 2874 1376 2926 dictum

335 2954 418 3006 solum
436 2953 516 3025 lupa,
534 2967 584 3006 etc.
603 2955 645 3005 Ad
660 2955 728 3005 lianc
734 2956 833 3026 faelem
879 2981 894 3012 a
914 2959 1039 3012 radendo.
1059 2989 1095 2999 —-
1114 2955 1306 3010 Frumrntart‘us
1321 2967 1375 3020 est,

337 3032 531 3084 rescribendum
554 3031 642 3085 monet
660 3031 699 3085 CI.
716 3035 833 3104 Lipsius,
879 3053 928 3092 etc.
940 3041 1073 3090 Mensores
1084 3036 1243 3088 frumentarii
1257 3033 1330 3108 apud
1336 3037 1378 3104 ju-

338 3109 383 3162 tali
394 3126 479 3162 mente
490 3131 496 3160 :
509 3113 531 3162 si
543 3131 595 3162 non
607 3114 738 3182 queritur,
750 3114 836 3183 Inquit
880 3116 1050 3168 risconsultos
1066 3129 1126 3167 sunt
1143 3115 1160 3164 ii
1178 3114 1223 3185 qui
1244 3131 1379 3164 annonam

337 3183 640 3255 LucIIius,eximisieeie
651 3191 835 3256 scortum,sed
879 3195 1013 3268 publicem
1032 3193 1216 3246 admetiuntur.
1236 3219 1271 3233 -
1289 3190 1380 3242 Ilatel-

337 3280 441 3322 tanturn
455 3270 505 3321 vile
523 3269 631 3341 aliquod
647 3285 673 3323 et
692 3292 706 3324 e
724 3291 835 3324 numero
881 3274 935 3325 lum
962 3274 1065 3324 Nonius
1086 3290 1101 3322 a
1123 3271 1255 3330 radendo‚·
1280 3271 1382 3320 Tume-

338 3361 617 3417 togatarummurnrno
626 3370 681 3402 uno
690 3365 717 3402 et
726 3369 783 3404 asse
795 3368 836 3402 res
880 3353 929 3403 hus
948 3371 1009 3403 vero
1027 3369 1042 3402 n
1059 3349 1157 3418 ruendo
1171 3347 1269 3398 habere
1283 3364 1381 3398 nomen

339 3427 444 3478 conflet.
459 3429 544 3500 Vulgo
557 3443 646 3482 antem
663 3430 774 3500 legitur:
793 3430 838 3482 etri
882 3427 1381 3496 existimantllatellumsumiturqussi

339 3505 403 3557 olim
416 3506 487 3579 lupa.
882 3513 1083 3563 instrumentum
1094 3509 1126 3561 ad
1141 3507 1297 3574 sequendam
1307 3523 1382 3556 men-

373 3587 443 3637 XXI.
464 3591 589 3641 Nonius=
612 3591 717 3655 Ostrea,
736 3589 838 3660 generis
883 3609 970 3642 suram
996 3604 1023 3642 et
1046 3587 1208 3649 radendam,
1235 3584 1382 3654 significare

341 3667 436 3716 neutri.
450 3669 570 3719 Juvenal.
581 3670 634 3720 Sat.
645 3670 720 3733 VIII,
734 3687 772 3720 vs.
787 3667 836 3720 8⁵:
884 3687 990 3742 quoque
1010 3671 1093 3740 possit
1110 3670 1309 3718 instrumentum
1327 3681 1382 3734 quo

341 3766 566 3824 Dignummpefi„
576 3769 698 3812 concilicet
710 3779 777 3812 om.
792 3783 839 3811 mn.
882 3749 971 3819 fruges
984 3759 1143 3800 corruantur
1152 3753 1383 3813 congerunturque

422 3839 474 3870 tum·
884 3827 911 3876 in
923 3824 1036 3878 culleum
1049 3837 1095 3877 aut
1109 3821 1233 3874 rnodiutn.

342 3909 391 3957 I‘ro
403 3927 409 3957 ε
426 3907 496 3977 Quid
502 3925 566 3981 epo,
577 3907 598 3959 si
609 3927 685 3958 cerno
695 3919 788 3971 ostrea,
802 3927 841 3959 re·
919 3903 1013 3954 XXIII.
1022 3904 1124 3954 Nonius
1134 3923 1139 3950 :
1151 3899 1252 3950 Discere
1263 3908 1303 3948 est
1313 3896 1386 3966 igno-

343 3985 760 4057 ponendnmessepntatllousa:
774 3985 843 4055 Quid
886 3996 1004 4034 tamrem
1016 3979 1168 4033 meditando
1184 3977 1298 4048 assequi.
1369 4025 1371 4030 ,

344 4081 389 4134 eqo
401 4065 481 4116 sImuI
493 4077 573 4117 ostrea
586 4067 723 4116 eoeno?-
739 4065 841 4138 Copno-
919 4059 1011 4110 XXIV.
1034 4059 1136 4111 Noniae
1158 4078 1163 4105 :
1191 4056 1319 4118 Passum,
1347 4065 1385 4104 est

345 4141 392 4190 rim
408 4143 538 4210 flurium,
554 4141 662 4207 limum,
681 4157 731 4196 etc.
752 4145 841 4195 Densa
886 4141 992 4211 proprie
1004 4155 1128 4208 rugosum
1139 4134 1179 4188 vel
1193 4138 1303 4186 siccum.
