3116 4934
522 339 798 404 JUVENALIS.
1114 344 1181 435 609

137 462 240 523 nullas
262 473 367 522 tamen
378 447 487 521 'varias
506 460 650 523 lectiones
668 463 880 530 memorabiles
900 465 1030 529 exhibet.
1051 471 1184 532 Juvena-

137 562 175 620 lis
189 559 261 618 Xlll
269 559 381 618 Satiras
390 560 504 640 priores
515 558 608 619 offert
621 579 693 618 cum
708 574 796 641 parte
806 581 919 642 magna
930 566 1020 640 XlV;
1036 570 1183 648 usquead

138 676 181 717 vs.
200 657 264 736 196.
279 654 399 716 Scholia
416 669 561 737 praeterea
581 655 673 716 babet
689 657 728 716 ad
744 660 916 738 marginem
938 673 968 721 et
985 661 1182 726 interlineas.

271 867 273 874 ’
307 861 382 922 vn.
405 862 429 918 n
450 861 762 922 mantornnol
782 847 1009 926 soneoure.

218 1060 266 1120 33.
280 1059 375 1119 Codex
387 1061 418 1134 l,
435 1063 468 1119 n⁰
487 1058 569 1140 1589.

138 1201 391 1263 Membranaceus
409 1200 496 1276 in-lp⁰,
517 1215 660 1264 constans
678 1222 731 1261 102
744 1200 846 1279 foliis,
870 1202 926 1264 XV
942 1223 1008 1264 saec.
1028 1223 1184 1286 exaratus,

138 1298 360 1380 elegantissime
371 1301 404 1359 in
417 1297 504 1358 ltalia
520 1299 667 1380 scriptus,
682 1318 753 1358 cum
770 1297 941 1360 initialibus
955 1300 1049 1363 literis
1069 1325 1146 1366 auro
1158 1323 1187 1367 et

139 1394 294 1457 coloribus
307 1397 399 1456 variis
414 1395 528 1478 optime
546 1393 690 1476 depictis,
708 1395 873 1468 satiabere
891 1398 1080 1460 emendatus.
1095 1402 1185 1480 Quae-

139 1493 213 1554 dam
226 1493 319 1555 babet
331 1493 449 1556 scholia
462 1493 501 1553 ad
514 1507 648 1577 quatuor
662 1495 778 1577 priores
789 1495 910 1556 Satires.
923 1497 951 1558 Is
965 1511 1110 1581 praeterea
1123 1522 1186 1562 non

139 1589 373 1651 contemnendae
387 1603 467 1650 notae
485 1589 613 1649 videtur.

221 1759 268 1836 34.
293 1761 404 1837 Codex,
420 1765 453 1820 n⁰
471 1763 554 1841 1590.

10 1909 15 1966 l
141 1903 326 1965 chartaceus
347 1903 435 1980 in-lp⁰,
456 1918 599 1964 constans
612 1904 650 1966 63
672 1902 771 1979 foliis,
790 1905 861 1965 XIV
879 1926 946 1967 saec.
965 1921 1101 1969 exaratus
1117 1911 1188 1969 sotis

141 2005 303 2087 perspicue
314 2017 344 2063 et
357 2002 519 2084 eleganter.
532 2003 684 2065 Caeterum
700 2005 787 2085 parvi
800 2006 888 2088 pretii
902 2020 946 2066 est
957 2007 1012 2067 iste
1026 2007 1127 2068 codex.

176 2157 179 2162 Ι
221 2181 269 2242 35.
291 2182 402 2258 Codex,
417 2185 451 2241 n⁰
470 2181 554 2262 1767.

142 2325 323 2389 chartaceus
337 2321 426 2398 in·ll⁰,
440 2343 508 2383 saec.
524 2321 596 2381 XIV
610 2334 765 2396 exaratus,
777 2318 871 2381 habet
882 2322 1061 2382 iuvenalem
1076 2335 1105 2383 et
1117 2323 1189 2383 Per·

142 2427 223 2484 sium
236 2443 308 2482 cum
325 2421 547 2481 commentario
562 2418 770 2502 copiosissimo
788 2419 914 2477 Guarini
928 2439 981 2477 seu
998 2419 1119 2493 Gorini,
1134 2423 1189 2501 qui

141 2523 234 2585 abbas
248 2522 308 2581 fuit
320 2520 497 2581 Victorinus
510 2514 593 2599 apud
608 2517 740 2577 Parisios
752 2529 782 2576 et
796 2513 921 2576 decessit
934 2537 1006 2576 ann.
1023 2514 1107 2596 ¹¹94·

180 2621 238 2679 Hie
251 2630 295 2678 est
310 2615 453 2677 elenchus
462 2615 544 2675 MSS.
559 2614 658 2689 Paris,
675 2612 714 2671 ab
730 2611 890 2672 Acltointre
900 2612 1095 2672 collatomm.
1169 2619 1171 2624 ’

182 2716 254 2777 Aliis
263 2715 420 2776 codicibus
432 2713 514 2773 MSS.
526 2713 574 2771 usi
584 2725 656 2772 suut
667 2711 846 2788 Salmasiu's,
859 2711 1004 2792 Scaliger,
1017 2713 1082 2772 Nic.
1094 2715 1189 2772 Hein-

141 2814 218 2891 sius,
234 2815 388 2888 Muretus,
403 2810 582 2893 Schegkius,
594 2811 727 2885 Mercer,
744 2808 904 2885 Brodaeus,
920 2809 1060 2884 Flavius,
1073 2811 1189 2870 Ponta-

142 2935 217 2988 nus,
233 2910 466 2986 Rittershusius,
487 2907 656 2985 Cluverius,
676 2909 832 2990 Scioppius
849 2906 971 2966 etalii:
989 2928 1143 2990 quamque
1156 2907 1189 2968 hi

143 3012 175 3069 in
188 3008 305 3089 scriptis
319 3009 379 3068 suis
388 3018 555 3067 enotarunt
568 3027 604 3065 ex
616 3004 674 3065 illis
687 3005 865 3066 varietatem
879 3004 1031 3081 lectionis,
1046 3025 1103 3066 nos
1114 3026 1189 3088 quo·

143 3128 203 3186 que
218 3104 326 3187 passim
337 3102 539 3163 laudavimus.

183 3201 320 3261 Aliorum
342 3197 499 3273 codicum,
519 3199 573 3279 qui
594 3197 737 3257 nondum
757 3197 922 3279 compared
940 3212 1012 3258 sunt
1030 3218 1101 3258 cum
1125 3198 1191 3258 vul·

144 3313 213 3384 gata
224 3300 389 3379 scriptura,
400 3296 513 3376 ingens
524 3315 670 3355 numerus
681 3297 714 3355 in
728 3294 936 3371 bibliothecis,
953 3317 1016 3355 non
1031 3296 1123 3356 modo
1135 3321 1191 3380 pu·

143 3397 229 3458 blicis
247 3396 346 3477 (inpr.
365 3390 493 3468 Italicis,
512 3379 636 3453 Gallicis
653 3405 683 3452 et
701 3392 870 3472 Anglicis),
886 3393 937 3453 sed
953 3395 1044 3453 ctiam
1064 3395 1190 3477 privatis

144 3494 234 3554 latet:
249 3513 276 3550 v.
287 3512 312 3550 c.
324 3492 358 3550 in
369 3486 514 3550 biblioth.
525 3487 697 3550 Gersdorlia
712 3509 792 3549 unus
808 3489 886 3567 (vid.
901 3487 1097 3572 Ephemerid.
1110 3489 1191 3552 liter.

145 3591 224 3672 Lips.
245 3588 353 3671 1710),
372 3589 405 3646 in
420 3585 645 3666 Rhodigeriana
658 3586 722 3645 duo
736 3584 818 3668 (vid.
839 3584 1016 3648 Fiilleborn.
1035 3608 1109 3648 vers.
1124 3610 1190 3670 ger-

145 3709 228 3748 man.
240 3687 350 3760 Persii,
365 3705 434 3766 pag.
449 3687 500 3764 5),
517 3683 788 3765 Senkenbergiana·
801 3705 899 3760 unus,
913 3681 1024 3744 Thom.
1038 3685 1103 3745 ios.
1120 3683 1193 3744 Far·

145 3787 211 3845 setti
223 3806 302 3845 unus
316 3783 392 3863 (vid.
408 3782 433 3844 le
445 3785 516 3843 Bret
528 3785 672 3865 Muqatin
683 3803 749 3843 zum
765 3781 915 3843 Gebraoclt
933 3783 984 3843 der
998 3783 1193 3844 Straton-und

147 3877 460 3956 llimltenGeselticltte,
482 3893 558 3938 tom.
571 3878 624 3954 lV,
641 3883 674 3937 n⁰
698 3901 730 3954 1,
750 3877 891 3939 Francof.
918 3877 1023 3961 1774),
1037 3877 1191 3939 Combur·

146 3980 232 4060 gensi
245 3999 341 4060 prope
362 3978 475 4064 Halam
489 3979 658 4039 Suevorum
682 3978 745 4038 duo
771 3977 857 4057 (vid.
878 3973 1126 4059 Intelligenzblatt
1143 3977 1193 4037 der

237 4078 302 4142 ΙΙΙ.
502 4175 503 4180 ¹
1007 4077 1050 4163 39
