3148 4950
348 430 414 498 526
539 429 601 496 on
626 427 718 494 sar.
745 429 954 510 nucrnu,
981 427 1202 508 nostru,
1301 457 1308 472 ·

345 560 393 628 ria
409 578 523 626 rerum
542 579 561 627 a
580 551 765 646 majoribus
780 569 973 644 gestarum,
992 551 1036 622 ad
1055 577 1167 623 mores
1182 578 1300 624 eorum
1318 578 1397 624 con-

345 684 473 738 stanter
493 663 655 748 tuendos,
678 681 713 737 et
731 663 775 735 ad
795 689 858 748 ea,
884 689 960 770 qnae
981 661 1335 758 honesta„praeclara
1360 683 1397 734 et

345 775 522 870 magnifico
538 791 640 858 sunt,
660 774 820 847 sectanda
838 774 1156 860 inllaromabantur3
1176 800 1244 872 quo
1257 775 1395 847 libertas

344 888 504 986 loquendi
519 885 755 980 scribendique
772 884 925 959 nondum
941 885 993 953 vel
1010 885 1141 978 legibus
1157 885 1212 954 vel
1230 904 1322 956 metu
1341 893 1397 982 ty'-

344 1025 531 1070 rannorurn
545 1001 685 1091 praecisa
700 1013 790 1078 erat,
804 1021 916 1090 nequa
930 1020 1052 1088 magna
1067 997 1120 1066 vel
1133 1001 1263 1089 generis
1274 997 1328 1066 vel
1340 1023 1396 1066 or-

344 1110 431 1180 dinis
454 1112 539 1180 ratio
563 1108 767 1192 hairbertum
788 1131 864 1202 quae
884 1123 1047 1200 practerea
1072 1111 1235 1194 Romani,
1262 1111 1396 1204 scriptis

343 1221 524 1294 Menandri
537 1220 749 1314 aliorumque
760 1223 955 1296 Graecorum
965 1218 1180 1314 exculti,jam
1188 1244 1285 1314 paene
1297 1244 1396 1290 exue

345 1347 422 1400 rant
431 1333 588 1400 rusticam
593 1327 750 1422 jocorum
758 1352 961 1422 morumque
969 1329 1195 1420 asperitatem,
1204 1346 1237 1398 et
1244 1327 1394 1422 linguam

344 1468 441 1514 suam
455 1443 555 1536 plane
575 1441 618 1513 ad
636 1464 781 1534 gracarn
804 1440 949 1512 formare
972 1457 1153 1533 coeporant.
1179 1431 1273 1511 Idem
1295 1455 1394 1533 poeta

344 1555 452 1636 Laelii,
465 1556 627 1647 Scipionis
639 1551 852 1646 aliorumque
864 1575 1077 1619 summorum
1093 1554 1242 1620 virorum
1256 1575 1395 1620 consue·

344 1668 461 1738 tudine
477 1666 621 1762 politus,
635 1663 733 1736 hilari
744 1680 779 1733 et
796 1679 956 1756 prompto
974 1659 1018 1733 ed
1031 1660 1216 1758 jocandum
1233 1664 1346 1730 animo
1360 1679 1396 1729 et

344 1782 470 1874 ingenii
481 1778 615 1848 dotibus
628 1779 761 1872 egregie
775 1799 795 1844 a
809 1791 931 1842 natura
944 1777 1132 1844 instructus
1148 1791 1220 1844 erat
1233 1773 1315 1861 (vid,
1328 1777 1396 1840 Ho-

344 1907 406 1960 rat.
429 1893 494 1960 sat.
521 1892 573 1970 11,
602 1915 634 1968 r,
659 1889 830 1976 fiam-74).
854 1887 942 1956 Hinc
964 1882 1023 1952 illa
1042 1881 1183 1955 audacia
1204 1909 1395 1982 magnaque

344 1998 526 2071 verborum
538 1997 692 2079 libertus,
708 2019 776 2092 qua
788 1991 938 2063 Lucilius
953 2016 1053 2064 sensa
1070 1996 1192 2065 mentis
1208 1992 1321 2087 palam
1336 2017 1394 2061 ex·
1505 2021 1512 2032 ·

341 2110 467 2202 promit
482 2124 515 2179 et
529 2105 690 2198 explicat,
706 2127 819 2200 neque
831 2105 991 2174 tamvitia
1004 2127 1107 2200 quam
1118 2107 1210 2200 ipsos
1227 2103 1348 2172 stultos
1359 2121 1395 2177 et

341 2217 514 2311 improbos
543 2213 789 2310 cujuscumque
813 2218 968 2308 generis,
991 2213 1056 2285 loci
1078 2239 1119 2287 ac
1145 2215 1315 2308 dignitatis
1338 2213 1391 2282 vel

341 2331 540 2405 nominatim
563 2329 763 2410 insectatum
789 2325 869 2397 hinc
891 2328 1031 2422 antiqua
1057 2323 1130 2420 ejus
1153 2334 1188 2394 et
1211 2325 1393 2420 vernacula

341 2442 505 2510 festivitas
516 2459 551 2509 et
565 2440 650 2508 sales
663 2442 769 2533 magis
782 2443 869 2534 nigri
879 2464 981 2534 quem
993 2438 1132 2524 urbani,
1148 2439 1392 2508 exauctoribus

340 2555 463 2624 veteris
481 2557 676 2626 Graecorum
694 2553 867 2630 oonioediae
881 2551 1010 2636 hausti3
1030 2551 1110 2623 hino
1124 2551 1295 2622 incondita
1315 2575 1392 2620 ora-

341 2667 443 2734 tionis
461 2667 622 2757 asperitas
644 2682 677 2734 et
698 2687 815 2734 versus
837 2662 903 2744 illi,
926 2688 1034 2762 graeca
1051 2687 1141 2758 saepe
1161 2663 1263 2732 verba
1278 2663 1391 2730 latinis

340 2775 544 2855 inserentes,
558 2789 660 2866 atque
669 2772 851 2843 limatiores
862 2771 1001 2868 quidam
1014 2777 1194 2856 Ennianis,
1209 2772 1268 2843 sed
1278 2776 1391 2842 minus

340 2883 436 2978 politi
448 2902 481 2951 et
494 2885 614 2964 coniti,
630 2907 733 2977 quam
745 2884 940 2976 poetarum,
955 2909 1040 2979 quos
1055 2888 1195 2955 Caesaris
1205 2900 1239 2956 et
1250 2887 1391 2978 Augusti

340 2993 503 3068 sarculum
526 2992 614 3068 tulit.
645 2995 755 3080 (Conf.
772 3011 859 3090 sup'
873 2993 917 3064 de
940 3000 1006 3066 Sat.
1034 3001 1132 3066 Rom.
1154 3019 1231 3090 pag.
1261 3002 1326 3091 492
1356 3014 1391 3065 et

339 3121 411 3174 not.
436 3131 469 3188 r,
488 3121 522 3175 et
542 3107 594 3192 a.)

386 3216 436 3286 Ab
449 3241 522 3289 osvo
534 3215 708 3294 Luciliano
720 3215 867 3287 multum
879 3214 1059 3291 differebat
1070 3219 1303 3289 Horatianum.
1319 3220 1391 3286 Sta·

339 3347 412 3400 tum
429 3328 622 3422 reipublicae
637 3335 798 3404 Romanae
809 3328 928 3412 luxus,
941 3334 1079 3400 avaritia
1094 3347 1282 3426 caeteraque
1293 3331 1389 3412 vitia,

338 3465 415 3537 quac
430 3467 498 3515 uns
514 3465 592 3514 cum
611 3441 734 3516 divitiis
756 3446 942 3536 peregrinis
958 3445 1252 3536 immigraversnt,
1267 3441 1389 3510 indies

338 3554 445 3643 magis
466 3549 714 3625 labefactabant
734 3568 768 3618 ct
787 3557 910 3625 mirum
931 3555 964 3626 io
988 3551 1127 3624 modurn
1152 3551 1391 3622 concutiebant

336 3663 485 3754 primum
500 3660 723 3743 Gracchanae,
741 3666 932 3743 Drusianae,
946 3661 1140 3755 Apuleianae
1151 3663 1292 3758 aliaeque
1305 3663 1389 3730 sedi-

337 3775 445 3844 tiones
457 3770 655 3856 tribunitiae,
667 3797 746 3846 mox
758 3771 844 3840 bella
858 3773 981 3859 civilia,
991 3777 1273 3870 proscriptiones,
1284 3775 1388 3843 dicta-

337 3901 422 3953 turae
432 3899 604 3975 perpetuae
615 3899 649 3950 et
659 3886 898 3954 triumviratus.
913 3891 1025 3956 Mores
1035 3888 1251 3970 enim,antoa
1263 3889 1386 3955 sensim

337 3995 567 4089 paulatimque
579 3994 682 4088 lapsi,
694 3993 765 4088 jarn
776 4013 946 4088 coeperant
960 3999 1148 4089 praecipites
1160 4001 1226 4082 ire,
1240 3997 1384 4066 elabun-
1438 4072 1441 4076 ⁴

336 4105 456 4178 dantes
475 4107 599 4176 divitiae
615 4123 717 4201 atque
732 4105 922 4200 voluptates
940 4125 1145 4202 pepererunt
1159 4109 1383 4194 desiderium,
