3006 4934
358 513 405 578 ln
431 512 642 577 SATIRAM
665 511 933 581 SECUNDAM.
1122 522 1164 589 83

118 639 165 692 ille
180 651 310 710 precator.
331 668 367 678 -
384 639 491 709 θηρσί,
509 639 648 710 strepitum
661 637 782 709 designat
795 641 871 691 rastri
888 642 980 692 serium
994 653 1165 702 attrectantis.

81 743 85 762 ι
117 719 402 787 -Sen'o,testaceum
410 736 456 770 ras
464 717 625 789 oblongum,
635 737 688 791 quo
696 720 747 770 fuit
753 719 916 772 occultatum
923 735 1074 794 arpentum,
1085 729 1169 801 quod.

119 819 177 872 que
195 802 244 853 fnit
262 814 332 854 terra
352 799 492 862 obrutum
512 799 600 870 qualia
619 801 760 851 etiamnum
779 800 944 853 effodiuntur
963 804 1115 876 aliquando.
1132 839 1168 851 -

122 881 219 933 Datin
228 879 356 941 Hercul„
367 881 471 947 dextro,
483 897 536 931 vox
545 879 620 943 felix;
630 881 742 946 sinistra,
754 881 853 934 infelix.
866 881 990 936 Hercules
1001 885 1168 944 recludendis

121 959 252 1012 thesauris
266 977 363 1030 praeses
381 957 539 1025 habebatur,
557 961 624 1012 sient
641 959 788 1013 Mercurius
803 975 894 1031 aperto
913 961 987 1015 lucro
1006 979 1032 1017 et
1047 972 1168 1039 negotia-

122 1039 408 1103 tioni;uudeetLucrii
418 1040 462 1091 Dii
469 1039 701 1116 nuncupabantur.
714 1039 814 1093 Arnob.
827 1041 872 1094 lib.
883 1043 932 1106 1v;
943 1043 1027 1098 Plaut.
1037 1049 1168 1116 Mostella

120 1119 199 1172 Diod.
217 1119 337 1186 SicubV,
355 1139 382 1183 ας
399 1122 519 1172 Torreat.
535 1119 569 1172 ad
585 1120 657 1173 hunc
672 1119 762 1172 locum
776 1123 889 1188 Horatii,
905 1123 957 1174 Sat.
973 1125 1008 1190 il,
1020 1127 1052 1192 6,
1068 1147 1112 1180 ro:

324 1221 369 1261 Oss'
376 1232 459 1262 aman
468 1217 558 1274 argenti
567 1216 611 1261 iore
621 1231 665 1273 qna
675 1217 730 1261 mihi
740 1229 858 1271 monstret,
869 1228 893 1262 ut
902 1217 945 1272 ini,

327 1285 437 1327 Thesauro
446 1287 549 1332 invento,
559 1283 596 1340 qui
604 1283 752 1326 mercenarius
761 1297 839 1340 agrurn

324 1350 387 1394 lliurn
395 1350 467 1408 ipsum
475 1359 585 1395 mercatus
592 1351 672 1403 arant,
681 1351 742 1394 diues
749 1355 818 1393 amico

325 1417 431 1459 semler

157 1513 223 1577 Nor.
239 1541 278 1576 12.
293 1521 466 1596 Pupillumoc
478 1525 596 1590 utinam,
612 1541 688 1595 quem
699 1523 834 1594 proximus
845 1524 915 1580 berea
926 1527 1054 1601 Impeilo‚
1069 1549 1171 1604 expun-

116 1603 393 1678 pam.—Pupillum,
405 1621 531 1674 puerum,
542 1604 718 1676 pecuniosum
730 1602 903 1677 plerumque,
914 1605 963 1658 sub
976 1612 1071 1662 tutoris
1081 1625 1173 1666 aucto·

121 1685 199 1738 ritate
208 1685 397 1748 coustitutum,
405 1682 492 1735 donec
502 1701 552 1756 per
560 1681 715 1734 aetatemfiat
723 1683 845 1754 suijuris.
853 1685 932 1756 legg.
940 1687 1172 1746 XllTabuiatum:

120 1763 151 1817 Si
161 1762 356 1836 paterfamilias
367 1764 486 1815 intestato
498 1763 617 1828 moritur,
631 1763 675 1814 cui
686 1762 803 1836 impubes
817 1783 876 1817 suro
888 1763 960 1818 beree
971 1767 1045 1834 escit,
1063 1783 1174 1845 operatus

118 1846 254 1915 proximus
268 1841 377 1896 tutciom
391 1844 517 1895 nancitor.
526 1841 587 1894 Vid.
601 1845 726 1896 Heinecc.
744 1841 778 1896 de
793 1846 857 1895 June
873 1863 994 1898 romano.
1008 1848 1086 1902 Unde
1099 1855 1175 1924 prior

122 1941 218 1976 sensus
230 1923 324 1990 oritur,
342 1942 395 1994 quo
411 1935 483 1973 tutor
496 1921 627 1994 legitimus
643 1941 675 1973 ex
690 1921 748 1994 lega
763 1936 921 1994 agnatorum
936 1925 1039 1997 pupilio
1053 1931 1110 2000 ipse
1124 1951 1174 1984 sno

122 2017 236 2056 mortem
250 2013 341 2073 optet,
352 2003 429 2071 cnjus
441 2002 476 2056 sit
489 2001 560 2053 beses
568 2000 939 2072 prosimus-Posteriora
950 2020 1014 2058 vero
1026 2003 1099 2061 bunc
1111 2027 1158 2064 sen

122 2101 183 2136 sam
192 2081 483 2153 nonnuliisequuutar:
492 2093 626 2152 captator,
635 2083 663 2132 in
670 2093 830 2134 testamento
838 2087 954 2154 parentis
960 2088 1095 2157 prosimus
1104 2089 1175 2146 does

120 2163 180 2215 nno
192 2163 335 2230 suffactus,
349 2179 433 2232 puero
446 2173 558 2214 mortem
569 2163 738 2234 imprecatur.
751 2161 805 2229 Qui
818 2162 925 2234 quidem
937 2167 1024 2222 miuus
1036 2174 1174 2240 convenit,

123 2261 205 2314 qnam
218 2242 385 2314 precedens,
397 2261 458 2294 cum
469 2259 533 2294 voca
544 2241 664 2314 pupilio‚·
677 2259 709 2294 ac
725 2255 850 2312 praterea
864 2246 952 2297 minus
962 2243 1072 2305 habebit
1081 2263 1174 2304 votum

121 2319 222 2376 comici
239 2337 264 2375 et
278 2324 435 2393 impietatis,
450 2339 530 2393 quam
545 2321 568 2372 si
581 2322 638 2391 ipse
653 2334 727 2372 tutor
740 2323 765 2372 ei
777 2323 879 2374 nefaria
892 2337 981 2395 optet,
993 2329 1069 2396 cujus
1084 2347 1174 2384 coram

122 2404 251 2473 suscepit
263 2401 430 2474 -Impeilos
444 2400 601 2453 translatum
615 2417 630 2451 a
645 2399 725 2451 turba
738 2402 766 2452 in
781 2416 834 2470 qua
849 2417 906 2453 sese
920 2402 1043 2457 bomines
1057 2415 1175 2480 compri-

126 2495 217 2548 ment,
230 2501 282 2554 qno
292 2484 367 2534 cisitu
380 2481 595 2553 progrediantur.
606 2481 726 2532 Positum
739 2477 784 2532 bic
798 2497 859 2530 cum
870 2481 991 2546 deiecto;
1005 2493 1173 2556 nequeenim

123 2562 215 2616 solun
225 2564 299 2633 sequi
307 2563 451 2632 significat,
463 2561 510 2614 sed
520 2563 599 2614 etiam
609 2559 725 2611 studium
735 2558 909 2612 submovendi
919 2565 1118 2618 antecedentem
1135 2571 1175 2622 in-

123 2643 216 2695 voivit.
224 2643 432 2718 -Espaspm
443 2639 564 2712 Metapb.
575 2638 616 2692 vei
627 2659 642 2692 a
648 2641 709 2709 jure
718 2638 801 2704 civili,
811 2641 837 2690 in
848 2657 902 2710 quo
913 2641 935 2692 is
946 2641 1097 2717 dispunpm
1106 2647 1175 2702 dice.

121 2726 213 2789 baton,
222 2727 267 2797 qni
276 2724 396 2777 mutabat
405 2722 541 2795 quidpiam
551 2723 579 2773 in
589 2719 685 2773 tabuiis
695 2722 857 2786 testamenti,
868 2733 893 2773 et
902 2737 1063 2795 expunqere,
1076 2731 1122 2800 qui
1130 2730 1174 2784 de-

120 2805 209 2868 iehan
217 2804 258 2858 rel
269 2824 321 2857 are
329 2804 436 2856 militari
445 2825 451 2854 :
462 2801 558 2854 milites
568 2801 639 2853 enirn
649 2801 763 2873 espunqi
769 2799 936 2867 dicebantur,
944 2819 1057 2871 quorum
1066 2811 1173 2862 nomin·

123 2899 189 2957 poss
199 2887 350 2938 missionem
360 2895 527 2936 autmortcm
535 2880 700 2934 delebantur.
714 2878 794 2932 Unde
802 2879 1101 2956 manipulosexpnnotcs
1110 2889 1175 2942 dixit
1282 2887 1287 2897 '

123 2964 242 3017 Plautus.
253 2967 292 3018 ita
304 2977 333 3017 ut
347 2957 493 3038 Quoque
505 2961 575 3015 idem
588 2960 633 3012 hic
645 2959 744 3026 valeat,
757 2977 788 3010 ac
800 2975 813 3011 e
824 2961 877 3038 vita
888 2959 988 3014 toliere.

156 3167 217 3213 Vsa.
234 3167 269 3215 rs.
282 3169 386 3230 Nmtque
397 3174 432 3211 est
441 3165 557 3211 scabiosus
566 3163 588 3208 e't
599 3164 649 3208 ocri
659 3159 707 3208 brie
720 3167 798 3206 tumet.
811 3183 842 3195 -
854 3159 929 3206 Habet
941 3158 1001 3224 bapt
1013 3177 1019 3208 r
1035 3165 1096 3210 Nam
1108 3177 1141 3213 cst
1152 3180 1174 3216 es

119 3239 252 3295 mesas,
263 3247 286 3286 et
293 3242 342 3285 ocri
351 3236 394 3284 bile
403 3245 486 3290 tamen
495 3247 547 3300 qum
555 3234 625 3281 lectio
633 3235 729 3279 minime
738 3231 825 3280 intuita
834 3244 881 3288 αις
890 3235 968 3278 ceteri
975 3246 1069 3282 omnes:
1078 3251 1175 3304 nomque

120 3322 172 3368 est,
181 3324 227 3360 etc.
237 3313 389 3359 contendunt
398 3307 503 3356 nonnulii
515 3319 595 3354 tonna
603 3305 769 3352 Csirubomun
778 3301 904 3365 legendnm
915 3319 965 3352 esse
972 3307 1030 3352 Atro
1039 3307 1082 3355 bite
1092 3319 1174 3370 m,

121 3387 179 3449 speia
189 3383 298 3430 videlicet
310 3386 334 3430 in
347 3399 422 3445 praeco
434 3379 537 3442 ptiust
550 3373 612 3438 χολί
626 3378 724 3425 dicatnn
739 3379 827 3424 Venus
840 3387 864 3422 et
877 3377 957 3424 Grtce
969 3378 1062 3438 diebus,
1074 3379 1172 3446 ἧιμιῖιγ

122 3455 200 3517 χολὴ
212 3455 268 3504 tuns
281 3453 345 3514 ἶχιιν
355 3458 444 3518 (acrem
454 3457 514 3500 intus
523 3451 589 3498 bilem
599 3449 702 3508 baben).

160 3569 228 3618 Non.
245 3565 285 3616 13.
296 3565 419 3636 Namque
427 3571 463 3616 est
471 3561 597 3615 scabiosus
606 3571 631 3611 et
639 3559 693 3610 ucri
703 3556 759 3609 site
769 3567 856 3608 tumet.
871 3588 906 3597 -
919 3557 1030 3629 Adjecta
1042 3577 1082 3615 est
1094 3583 1173 3619 causa

123 3645 301 3716 precationis,
311 3657 436 3715 tanquam
451 3641 485 3694 ab
497 3641 586 3693 animo
598 3635 729 3691 benevolo
740 3650 830 3688 votum
842 3634 895 3689 boc
907 3637 1103 3708 proficiscatur:
1114 3663 1174 3697 cor·

121 3743 192 3797 pore
206 3727 277 3777 enirn
287 3723 411 3776 morbido
421 3727 503 3776 utitur
512 3735 539 3775 et
548 3721 630 3772 vitam
640 3721 703 3770 vivit
717 3721 866 3784 insuavem,
885 3737 965 3789 quam
980 3719 1037 3791 ipse
1049 3722 1135 3777 libens
1148 3741 1174 3780 et

122 3805 188 3857 felix
199 3818 285 3858 morte
295 3803 477 3856 commutabit.
485 3801 673 3862 -Scabiosrts5
684 3817 732 3869 pro
743 3799 816 3850 omni
826 3817 854 3850 rc
864 3814 989 3871 corrupta
999 3800 1041 3854 vei
1050 3804 1120 3856 mala
1128 3825 1175 3877 po·

126 3887 199 3937 nitur
208 3886 360 3940 scabiosum.
372 3885 465 3936 Horat.
477 3883 533 3935 Art.
546 3885 617 3935 Post.
628 3901 652 3934 s.
665 3881 731 3950 417:
746 3893 882 3951 «occupet
890 3893 1036 3934 enuemum
1046 3884 1147 3938 scabies.
1160 3911 1170 3934 s
1267 3925 1270 3930 .

124 3965 221 4014 Jusea.
234 3965 270 4029 ss,
283 3965 317 4018 so
328 3987 335 4016 ι
351 3965 451 4016 eunius
463 3961 546 4016 scabie
557 3959 636 4014 cadit.
647 3983 658 4007 n
668 3961 774 4025 Noster,
783 3960 811 4010 in
821 3964 857 4024 V,
870 3960 918 4029 74:
933 3962 1092 4014 uscobiosnm
1101 3963 1171 4016 far.-

126 4044 267 4097 -utam'
276 4043 328 4100 bile
337 4054 427 4096 tumet.
444 4044 484 4095 De
499 4043 571 4094 omni
582 4039 676 4093 morbo
689 4039 742 4092 hoc
754 4053 794 4091 est
805 4039 1020 4111 intelligendum,
1035 4043 1080 4111 qui
1093 4044 1174 4099 nimia

125 4120 361 4176 bilisabundantia
374 4121 441 4176 solet
453 4122 568 4176 excitari.
585 4120 657 4174 Plato
673 4123 700 4174 in
715 4121 827 4184 Timaeo,
843 4133 908 4174 tom.
920 4121 971 4186 IX,
989 4119 1051 4172 edit.
1068 4123 1172 4197 Bipnnt.

125 4202 235 4270 Tmen,
247 4205 331 4274 ipsam
344 4203 405 4256 bilis
416 4200 608 4254 abundantiam
619 4201 727 4254 indicat.
742 4199 834 4252 Horat.
845 4200 896 4254 ud.
910 4201 935 4263 l,
949 4201 989 4263 13,
1000 4199 1015 4266 i
1026 4219 1082 4274 sqq.

977 4290 1008 4354 6.
