3116 4934
430 375 648 458 Quanau
672 375 733 439 nn
757 374 937 439 sarrai.
1143 379 1205 448 561

160 503 264 586 possis.
276 500 432 562 Secundus
444 515 513 584 post
521 498 607 562 hunc
623 501 786 578 Horatius,
799 502 854 583 qui
866 502 960 562 etiam
973 503 1094 566 Lucilio
1110 507 1209 568 multo

159 601 279 674 tersior,
287 593 322 662 ac
331 619 428 682 purus
435 595 764 679 magishabctur,etad
774 597 1101 662 notandoshominum
1110 623 1211 668 mores

160 695 345 778 praecipuus.
369 697 489 757 Tertius
517 695 636 756 Persius
659 708 887 756 annumeratur
909 696 965 780 qui
986 693 1092 779 judica
1111 702 1211 764 Fabio

161 791 296 853 multum
314 804 344 853 et
360 811 439 853 verae
458 791 583 872 gloriae,
596 793 738 874 quamvis
752 813 818 854 uno
834 791 915 853 libro
935 795 1057 855 meruit.
1077 797 1212 874 Quartus

160 889 397 950 veroluvenalis
412 887 563 964 habetur,
579 889 633 971 qui
654 901 685 948 et
704 899 866 950 venustate
887 891 1053 969 carminis,
1068 905 1099 955 et
1111 897 1211 960 satiras

160 988 312 1070 dignitate
326 1001 443 1050 servata
456 989 498 1049 ita
513 987 808 1064 commendabatur,
823 1000 859 1048 ut
874 989 899 1050 si
911 989 980 1050 aliis
992 995 1122 1056 omnino
1134 1018 1213 1079 prte-

161 1087 324 1169 ponendus
336 1107 403 1148 non
417 1087 474 1163 sit,
486 1099 566 1148 certe
580 1087 629 1147 rel
642 1088 685 1147 cis
698 1107 756 1170 par
770 1084 943 1148 habendus.
955 1088 1085 1150 Satiram
1099 1112 1213 1158 nomen
1265 1157 1268 1173 ,

161 1187 310 1268 accepisse
323 1207 340 1246 a
355 1186 446 1248 variis
456 1187 554 1247 causis
566 1186 705 1246 scribunt
718 1183 883 1246 Diomedes
894 1189 1130 1266 grammaticus,
1138 1193 1215 1255 Por·

162 1283 276 1368 plryrio
289 1298 319 1344 et
336 1287 448 1346 Acron.
465 1285 485 1346 i.
502 1304 520 1345 a
535 1284 632 1345 Satira
644 1283 753 1360 lance,
774 1303 844 1365 quae
858 1282 969 1345 referta
985 1288 1079 1348 variis
1095 1289 1215 1352 multis·

162 1403 222 1465 que
234 1382 377 1465 primitiis
390 1383 423 1442 in
439 1402 524 1443 sacra
542 1381 750 1456 inferebatur,
768 1393 798 1440 et
815 1381 936 1463 scopia
954 1394 984 1441 et
996 1385 1155 1448 saturitate
1170 1392 1213 1451 rei

162 1479 259 1541 Satira
280 1479 465 1554 vocabatur,
489 1480 552 1539 sive
573 1500 591 1538 a
614 1478 680 1561 lege
696 1478 794 1540 Satira
814 1497 884 1561 quae
903 1499 968 1540 uno
986 1494 1094 1562 rogatu
1115 1484 1215 1547 multa

162 1578 253 1641 simul
277 1577 525 1662 comprehendit3
552 1577 637 1662 quod
658 1577 773 1638 scilicet
792 1589 822 1636 et
841 1577 939 1638 Satira
955 1579 1054 1640 multa
1073 1597 1214 1664 poemata

162 1675 459 1758 comprehendatur.¹
467 1675 563 1759 Cujus
572 1676 675 1736 Satira
688 1675 762 1756 legis
772 1673 908 1734 Lucilius
920 1676 1064 1737 meminit
1072 1680 1106 1738 in
1115 1682 1216 1764 primo

161 1796 216 1858 per
229 1775 358 1838 Satiram
378 1775 498 1836 aedilem
517 1774 634 1835 factum
648 1773 702 1856 qui
719 1772 839 1855 legibus
857 1770 973 1848 solvat,
991 1788 1020 1835 et
1036 1775 1159 1840 Sallust.
1182 1783 1214 1841 in

162 1869 333 1954 Jugunha,
352 1870 466 1933 deinde
484 1862 577 1951 'quasi
600 1892 655 1953 per
674 1871 806 1930 Satiram
828 1871 989 1930 sententiis
1009 1875 1165 1956 exquisitis
1182 1879 1215 1939 in

161 1969 353 2030 deditionem
366 1969 525 2052 accipitur.
540 1967 608 2029 Sive
622 1989 640 2027 a
652 1967 767 2050 Satyris
782 1967 842 2028 diis
854 1967 941 2050 quod
955 1970 1096 2033 similiter
1111 1975 1145 2033 in
1157 1975 1217 2036 hoc

162 2067 300 2128 carmine
318 2065 457 2128 ridiculae
473 2086 520 2126 res
534 2063 749 2148 pudendaeque
761 2062 922 2140 dicuntur,
936 2086 1007 2148 quae
1024 2068 1110 2130 uelut
1127 2093 1145 2132 a
1164 2073 1218 2133 Sa-

162 2165 237 2248 tyris
245 2165 305 2226 diis
314 2162 502 2226 silvestribus
513 2161 752 2245 proferunturet
763 2159 862 2232 fiunt3
877 2159 999 2246 hocque
1008 2167 1216 2230 verisimilius.

162 2262 242 2325 liam
258 2263 293 2322 in
310 2260 463 2323 comoedia
480 2261 583 2345 prisca
598 2279 668 2342 quae
689 2259 722 2318 in
737 2259 812 2318 vitia
830 2257 1002 2322 hominum
1015 2265 1167 2346 apertius,
1183 2283 1218 2330 ut

163 2360 281 2422 dictum
299 2373 360 2436 est,
378 2355 553 2433 invehitur,
574 2357 754 2439 salibusque
773 2367 803 2417 et
816 2353 896 2438 jocis
909 2352 1097 2438 absolvitur,
1114 2364 1217 2449 Satyri

162 2457 333 2518 introducti
351 2468 423 2518 sunt
439 2455 491 2516 Dii
509 2453 658 2515 silvestres
679 2465 710 2515 et
730 2473 875 2535 procaces
888 2451 1040 2536 jocularia
1055 2471 1085 2519 et
1105 2458 1217 2524 lasciva

163 2553 244 2618 inter
253 2575 285 2616 sa
291 2549 451 2635 jactantes.
462 2551 505 2613 Hi
515 2565 603 2629 sunt,
613 2564 650 2613 ut
659 2563 769 2612 auctor
779 2563 824 2612 est
833 2550 957 2628 Pollux,
969 2552 1094 2636 Satyrus
1104 2577 1216 2638 canus,

162 2652 287 2736 Satyrus
298 2650 452 2732 impubis,
471 2649 596 2733 Satyrus
615 2647 808 2725 adolescens,
822 2648 942 2710 Silenus
957 2664 1060 2732 pater,
1077 2667 1171 2738 atque
1184 2657 1216 2718 id

162 2771 259 2836 genus
272 2770 413 2834 personae
432 2749 520 2810 lictae.
540 2748 655 2832 Satyris
673 2748 770 2828 igitur
788 2747 974 2812 introductis
994 2750 1093 2813 Satira
1112 2755 1217 2816 nomi·

162 2862 236 2911 nata
245 2862 303 2927 est,
316 2845 399 2932 quod
409 2866 528 2908 nomen
539 2843 606 2907 baeo
617 2865 686 2928 quae
696 2858 775 2922 tota,
789 2845 983 2923 utdiximus,
995 2862 1102 2912 nostra
1113 2865 1173 2930 est,
1186 2869 1217 2915 et

161 2947 204 3008 ab
215 2946 269 3008 illa
285 2947 464 3030 antiquiore
478 2943 622 3020 defluxit,
636 2945 768 3025 accepit,
787 2943 989 3026 servavitque.
1005 2945 1073 3007 Hoc
1090 2969 1215 3031 poema·

162 3044 201 3106 tis
213 3063 325 3128 genere
340 3043 461 3104 Persius
474 3061 524 3103 sex
535 3040 657 3122 scripsit
672 3039 801 3114 Satires,
821 3060 957 3122 quarum
978 3038 1064 3104 haud
1082 3043 1215 3107 dubium

162 3157 210 3206 ets
227 3143 361 3228 primam
378 3162 441 3203 esse
453 3163 460 3200 ι
474 3141 503 3202 0
515 3160 602 3202 curas
617 3137 779 3200 hominum.
796 3139 877 3200 Nam
891 3139 987 3216 illud,
1005 3143 1159 3227 Neefonte
1172 3143 1215 3206 la·

164 3239 234 3319 dm,
252 3239 397 3324 qumdam
414 3238 517 3322 potius
532 3257 601 3298 meo
616 3233 734 3318 judicio
748 3235 889 3320 praefatio
908 3237 1041 3300 dicenda
1058 3253 1103 3302 est
1119 3263 1215 3326 quam

163 3335 261 3401 Satira
271 3359 280 3398 ε
290 3357 385 3420 quam
395 3335 465 3397 ideo
475 3345 598 3397 tantum
610 3347 697 3418 poeta
707 3335 867 3418 praemittit
883 3347 919 3396 ut
929 3356 1054 3398 causam
1066 3340 1215 3422 assignet,

165 3458 261 3521 quare
283 3436 427 3497 animum
450 3433 576 3519 poeticas
598 3432 792 3516 applicuerit.
818 3431 928 3514 ltaque
953 3455 1041 3496 more
1067 3440 1214 3518 satirico,

166 3555 245 3620 opus
253 3553 346 3595 suurn
359 3551 395 3593 ex
405 3529 540 3616 abrupto
549 3530 700 3612 incipiens
712 3530 744 3589 in
755 3529 929 3590 trimetrum
941 3530 1108 3594 iambicum
1118 3557 1216 3599 erum-

164 3632 231 3715 pit,
247 3630 361 3692 docens
375 3647 440 3690 non
454 3649 489 3689 ea
501 3648 533 3689 se
545 3626 693 3688 facilitate
708 3638 832 3709 poetam
847 3625 964 3689 factum
976 3649 1039 3691 esse
1051 3675 1060 3706 ,
1074 3653 1137 3715 qna
1155 3636 1215 3696 Ha·

166 3730 270 3792 sindus
284 3742 315 3790 et
329 3728 451 3790 Ennius
463 3741 564 3810 poetae
575 3725 648 3788 facti
667 3725 831 3800 dicuntum
848 3725 899 3787 sed
913 3740 1046 3808 egestate
1062 3742 1093 3792 et
1109 3751 1214 3794 rerum

165 3825 348 3889 difficultate
356 3840 500 3888 coactum
512 3837 548 3884 ut
563 3843 667 3883 versus
678 3821 800 3884 faceret

548 4002 833 4032 -..φορ-..ῃ

260 4086 324 4148 111.
