2970 4936
375 465 438 534 15o
684 467 720 528 Δ.
746 463 904 529 PERSll
929 467 1098 531 FLACCl

369 599 412 663 Et
422 597 511 688 potis
523 617 559 661 es
571 597 707 684 nigrum
719 593 801 657 vitio
812 590 986 684 praefigere
997 591 1098 660 theta.

414 711 506 796 Quin
517 724 556 775 tu
566 709 685 800 igitur,
697 727 830 772 summa
843 708 1070 799 nequicquam
1082 703 1169 798 pelle
1181 705 1335 789 decorus,

367 827 453 888 Ante
465 818 555 886 diem
566 815 692 885 blando
704 813 849 882 caudam
856 812 983 908 jactare
995 813 1132 909 popello
1375 829 1401 880 15
1470 829 1474 893 l

367 933 705 1022 Desinis,hnticyras
717 925 837 996 melior
849 927 984 995 sorbere
996 935 1169 996 meracas?
1469 914 1474 931 ¹

367 1045 451 1128 Quae
462 1037 1230 1132 tibisummoboniest?unctavixissepatella

367 1157 522 1247 Semper,
535 1168 570 1220 et
581 1150 719 1218 assiduo
730 1165 847 1216 curata
859 1149 1008 1217 cuticula
1019 1149 1100 1218 sole.

366 1267 549 1356 Exspecta:
564 1259 656 1330 haud
668 1259 760 1328 aliud
770 1259 977 1353 respondeat
987 1257 1061 1327 haec
1072 1283 1168 1328 anus.
1182 1265 1197 1328 Ι
1209 1283 1318 1343 nunc3

366 1372 578 1444 Dinomaches
589 1397 644 1463 eqo
655 1396 726 1437 sum
740 1367 855 1454 suffla;
868 1397 938 1436 sum
950 1371 1112 1437 candidus.
1126 1373 1225 1438 Esto:
1328 1411 1331 1419 ι
1376 1397 1404 1431 20

365 1486 456 1551 Dum
467 1506 511 1550 ne
524 1481 672 1549 deterius
685 1481 793 1574 sapiat
804 1504 982 1576 pannucea
994 1483 1130 1560 Baucis,

365 1598 478 1681 Quum
490 1594 577 1661 bene
589 1591 753 1661 discincto
766 1595 952 1660 cantaverit
962 1596 1070 1661 ocima
1083 1618 1205 1662 vernae.

413 1711 460 1775 Ut
470 1707 617 1773 nemoin
630 1728 702 1772 sese
714 1721 823 1771 tentat
834 1697 1185 1790 descendere‚nemo;
1271 1691 1274 1696 ⁵

366 1818 431 1888 Sed
442 1815 646 1911 praecedenti
659 1831 831 1913 spectatur
841 1805 988 1883 mantica
1000 1823 1108 1909 tergo!

367 1930 564 2014 Quaesieris:
584 1925 737 1994 «Nostin'
750 1925 883 1995 Vectidl
894 1921 1064 2020 praediai'»
1080 1967 1126 1978 -
1143 1923 1292 2019 «cujus'i
1379 1939 1407 1992 25
1476 1979 1477 2014 ἒ

368 2114 458 2173 leatos
477 2135 544 2174 non
562 2113 699 2188 dubites,
718 2110 844 2193 praefixo
866 2107 952 2171 fatali
971 2111 1057 2174 theta
1076 2115 1142 2192 (θ),
1162 2125 1263 2174 morte
1284 2113 1407 2176 afficere.
1476 2187 1477 2194 ἵ

412 2211 457 2288 14.
478 2213 610 2273 Sinvam
622 2210 684 2273 tac
693 2213 811 2285 omnia,
827 2232 893 2292 quoe
906 2209 1022 2292 politico
1032 2215 1094 2273 vito
1111 2216 1240 2275 maxime
1255 2217 1409 2276 monetaria

371 2325 449 2387 tunt,
465 2313 497 2371 in
508 2323 535 2370 te
545 2323 613 2372 sunt
622 2312 743 2371 omnino
754 2306 855 2384 nullu,
868 2310 945 2390 quin
957 2323 993 2370 tu
1005 2312 1100 2392 igitur
1115 2316 1196 2394 prim
1211 2317 1357 2396 aeqatirere
1370 2333 1410 2374 oo-

371 2414 473 2471 earu?
484 2411 563 2490 quin
574 2425 624 2484 tu,
637 2429 759 2470 summa
773 2408 982 2491 nequicquam
994 2423 1062 2469 cute
1077 2413 1248 2493 speciosus,
1262 2413 1375 2474 desinis
1385 2423 1410 2470 te
1476 2451 1477 2460 η

371 2507 543 2570 blandienti
559 2506 687 2589 popello
700 2505 840 2588 jactitare
851 2519 922 2564 ante
933 2518 1069 2588 tempus,
1087 2529 1166 2569 moue
1175 2514 1297 2592 pavonis
1308 2525 1409 2593 specta·
1475 2517 1477 2590 j

368 2605 437 2669 cula
446 2607 551 2668 caudae
560 2603 771 2688 expandentis?
782 2606 875 2665 satius
884 2606 970 2664 enim
981 2605 1083 2667 luerat
1091 2628 1200 2669 sanate
1208 2622 1253 2686 te,
1263 2609 1410 2671 sorbendo
1476 2627 1477 2672 ἶ

369 2725 490 2765 merum
514 2703 732 2784 Anticyramm
754 2698 959 2761 helleborum.
984 2703 1063 2761 Nam
1086 2703 1162 2783 quid
1184 2705 1312 2766 tandem
1335 2727 1411 2768 tum-

368 2822 457 2863 mum
473 2801 531 2861 tibi
547 2801 669 2859 bonum
684 2797 750 2858 est?
769 2797 845 2858 cibis
864 2819 976 2882 nempe
990 2801 1130 2881 quotidie
1143 2804 1224 2863 vesci
1240 2802 1410 2865 delicatissi-

370 2902 447 2974 mis,
464 2911 495 2958 et
512 2897 635 2958 assidua
650 2894 818 2956 cuticulam
835 2895 1154 2960 curare'insolatione.
1174 2903 1212 2961 ht
1229 2922 1304 2964 vero
1322 2915 1413 2964 atten-

370 2998 440 3072 das‚
455 3016 574 3078 quaeso,
588 2994 666 3076 quid
681 2993 747 3075 ipsa
761 2995 947 3076 respondeat
959 2995 1025 3058 haec
1038 3017 1116 3058 anus
1128 2997 1167 3060 de
1180 3020 1302 3061 summo
1317 2991 1415 3073 bono,

370 3099 395 3158 si
416 3091 731 3174 interrogaverimus?
750 3094 821 3154 Non
841 3093 926 3154 aliud
947 3094 1106 3177 profecto,
1117 3111 1223 3177 quam
1242 3097 1332 3180 quod
1357 3101 1416 3180 ipse

372 3190 567 3275 respondisti.
582 3189 596 3248 l
612 3207 697 3248 nunc
713 3189 850 3273 etfluxas
862 3189 939 3252 dotes
945 3188 1055 3274 jactito
1061 3217 1072 3268 ‚·
1090 3192 1141 3253 dic
1157 3215 1268 3278 nempe
1286 3195 1415 3258 intume-

372 3309 475 3350 scens:
493 3287 583 3368 «Ego
599 3306 668 3346 sum
681 3285 889 3350 Dinomaches
903 3287 1001 3362 filius3
1015 3311 1074 3372 ego
1090 3312 1160 3351 sum
1173 3290 1363 3354 formosus.»
1377 3292 1415 3352 sis

373 3385 515 3469 equidem
526 3404 581 3467 per
592 3403 643 3443 me
653 3381 740 3461 licet;
754 3384 927 3449 dummodo
940 3386 1078 3465 fatearis,
1092 3401 1123 3449 te
1134 3387 1235 3450 nihilo
1248 3388 1362 3450 melius
1375 3410 1417 3450 sa·

372 3503 459 3562 pere,
471 3501 566 3562 quam
577 3478 680 3540 vetule
691 3481 750 3540 ista
761 3483 873 3543 mulier
883 3501 1041 3565 pannosa,
1054 3502 1141 3565 quae,
1153 3497 1189 3546 ut
1199 3484 1339 3546 venditet
1351 3485 1417 3548 her·

373 3581 441 3655 bas,
457 3598 566 3638 vernas
580 3576 742 3639 dissolutos
753 3579 909 3640 cantando
921 3580 1084 3664 appetierit
1096 3591 1299 3642 transeuntes.
1314 3583 1419 3664 Sapere

373 3697 409 3738 ac
422 3695 535 3736 noscere
548 3695 577 3734 se
591 3676 685 3756 ipsum
696 3673 820 3757 politica
833 3697 946 3756 quoque
959 3679 1029 3738 artis
1041 3690 1083 3738 est
1086 3676 1332 3759 fundamendum

415 3795 463 3834 aa.
484 3774 525 3833 Ut
536 3792 647 3850 nemo,
661 3793 754 3834 nemo
768 3773 912 3834 omnium
923 3787 982 3851 est,
1000 3775 1055 3856 qui
1071 3773 1146 3835 velit
1161 3795 1224 3836 sese
1239 3775 1344 3856 ipsum
1356 3793 1419 3856 per·

374 3871 504 3937 sanitari
514 3881 545 3931 et
556 3891 646 3952 oequo
659 3873 825 3947 aestimare3
841 3871 894 3932 sed
904 3885 1014 3934 contre
1027 3894 1135 3955 peram
1146 3873 1225 3934 alius
1235 3872 1332 3934 dorso
1347 3893 1419 3956 pre·

375 3968 508 4032 cedentis
529 3968 707 4050 impositam
728 3970 933 4051 prospicimus
954 3970 1088 4046 oculati,
1112 3989 1299 4051 nequaquam
1323 3989 1420 4052 petam

376 4070 552 4149 respicientes
570 4083 664 4128 naseu
682 4070 809 4148 ipsorum
829 4067 912 4130 dorso
933 4066 1120 4132 imidenteml
1139 4067 1226 4131 Verbi
1240 4071 1356 4150 qratia,
1376 4088 1421 4128 ro·

376 4163 492 4244 flaveris
504 4160 661 4241 aliquem:
682 4187 696 4217 a
706 4163 875 4226 Novistine
889 4163 1020 4225 Vectidii
1038 4161 1196 4242 proedialn
1213 4175 1242 4224 et
1260 4162 1313 4226 ille
1329 4163 1424 4245 subje-
