3006 4934
397 468 446 532 tn
469 466 680 532 SATIRAM
702 465 905 534 intutu.
1127 473 1165 554 n

127 589 192 638 hune
201 605 295 638 vertum
306 589 379 638 codex
393 593 523 654 Bongtrrii,
533 605 591 640 terte
601 593 751 648 crainham
763 593 851 640 hahent
864 608 946 640 omnen
955 607 1014 656 quot
1023 591 1134 649 vidium,
1144 610 1171 641 ae

128 680 172 726 per
185 680 209 710 te
221 662 342 709 laudabilia
354 673 395 709 eet.

164 752 232 802 Nor.
252 750 295 816 46.
310 749 436 820 (Quando
453 751 508 804 hee
525 770 583 803 raro
599 751 654 804 ouis
669 751 734 822 esl‚)
748 752 768 804 si
784 753 849 824 quid
863 764 949 804 tamen
965 753 1051 824 aptius
1065 752 1124 804 exit.
1135 783 1170 794 -·

128 828 263 882 Modestiae
273 847 360 882 voees.
375 860 411 870 -
422 831 491 883 llam
501 832 568 898 avit,
582 833 677 883 usitata
690 830 803 897 locutio,
816 830 849 883 ati
858 830 1049 904 designandum
1060 829 1087 882 id
1098 831 1170 902 quod

127 926 186 960 raro
199 910 307 978 contigit
318 908 414 962 videre.
426 909 546 962 Juvenal.
557 910 605 976 Vl,
621 911 683 976 164;
806 943 825 984 .

333 1000 394 1040 liora
401 1000 449 1040 auis
455 997 478 1040 in
487 998 561 1050 terrie,
570 998 678 1054 nigroque
686 997 798 1042 simillima
806 1000 882 1057 cyeno!

159 1081 227 1132 Nor.
247 1085 291 1150 47.
303 1080 416 1132 Laudari
427 1092 540 1132 metuam
547 1104 556 1143 ,-
568 1100 654 1154 neque
664 1083 735 1133 enim
748 1083 815 1136 mihi
828 1101 919 1136 comeo
927 1080 996 1154 fibra
1007 1093 1052 1136 eet.
1062 1113 1098 1124 -
1108 1082 1168 1133 Me-

124 1171 196 1212 tuam
205 1162 300 1213 lortiut
313 1179 393 1232 quam
405 1180 531 1215 recutem.
549 1192 583 1202 —
601 1161 791 1235 Corruafihm,
803 1166 821 1215 i.
836 1181 859 1216 e.
874 1180 964 1215 tentus
977 1162 1100 1228 obtutus,
1112 1175 1168 1214 ttu-

122 1239 215 1312 piduo‚
228 1242 275 1312 qui
285 1239 359 1293 nulla
367 1259 396 1292 re
409 1253 554 1293 moveatur.
565 1271 600 1281 -
610 1241 712 1292 fibram
724 1241 768 1292 bie
781 1261 830 1314 per
840 1261 886 1294 eor
898 1259 987 1294 omnet
997 1243 1078 1294 ferme
1088 1245 1168 1294 inter·

122 1323 274 1390 preteritum
284 1337 331 1370 eur
340 1321 376 1371 ita
386 1321 482 1372 iaciant
492 1339 546 1372 non
556 1319 643 1372 video.
652 1321 734 1372 bibra
744 1324 815 1380 enim
824 1335 886 1373 tunt
895 1340 986 1374 sennua
997 1323 1167 1373 instrumenta

123 1399 150 1448 in
160 1397 283 1450 omnihus
291 1400 410 1470 corporis
420 1398 538 1472 partibus
545 1418 619 1472 eque
627 1399 753 1472 dispersa.
762 1403 818 1454 Nisi
829 1403 898 1454 iorte
906 1405 943 1455 oie
952 1401 1126 1473 explicuerint
1136 1419 1167 1452 ex

123 1475 177 1528 hoc
186 1496 277 1544 versu,
286 1480 319 1544 V,
332 1495 377 1547 293

324 1559 386 1617 Quod
394 1559 446 1602 latet
452 1571 530 1602 areana
537 1573 581 1602 nou
590 1559 781 1618 ennrrahilefilra.

122 1633 152 1682 ln
167 1649 221 1702 quo
228 1628 299 1703 fibra
314 1635 423 1704 ponitur
437 1653 485 1706 pro
502 1633 590 1686 corde.
606 1663 639 1674 -
658 1637 773 1697 Comea;
785 1635 889 1689 videtur
907 1655 937 1689 ea
953 1655 968 1689 e
985 1653 1068 1688 cornu
1086 1633 1166 1687 ducta

121 1711 277 1783 metaphora
294 1712 366 1784 apud
382 1715 505 1784 antiquos
517 1715 599 1768 iuisee
611 1717 739 1768 usitatior.
756 1715 893 1768 Catullus:
911 1738 922 1763 a
934 1733 1047 1787 corpora
1058 1715 1166 1766 sicciora

99 1779 106 1798 ’
120 1809 211 1844 conen.
223 1815 235 1838 ι
249 1794 302 1845 Dio·
313 1791 446 1866 Chrysott.
462 1793 614 1862 :ommim
623 1793 657 1846 re*
668 1793 782 1864 bieme.
792 1825 828 1836 -
836 1797 944 1848 ilomer.

336 1878 470 1944 Οφθιλμόι
480 1881 502 1928 δ’
512 1878 566 1929 tini
573 1881 627 1936 ulie
634 1879 738 1930 'imm
747 1915 754 1940 ,
764 1879 786 1932 tii
797 1881 886 1947 ἄθηρος.

119 1959 190 2027 Quin
204 1961 281 2012 etiam
292 1962 319 2013 in
330 1979 452 2016 sannone
463 1981 568 2017 corneos
580 1965 669 2015 Roma
681 1963 812 2016 vocabant
826 1960 878 2019 onir
891 1961 993 2018 cireitit
1004 1975 1030 2014 et
1040 1961 1163 2014 humanit

120 2039 260 2093 affectibus
274 2055 402 2095 carentes.

153 2135 222 2188 Nor.
242 2137 285 2203 48.
298 2138 349 2191 Sed
363 2140 424 2191 recti
429 2135 566 2212 finemque
577 2152 773 2215 extremumque
785 2159 836 2194 etse
845 2159 946 2194 recuso.
958 2171 994 2181 -·
1007 2139 1077 2192 linis
1089 2139 1163 2204 recti,

119 2213 214 2270 limitet
225 2219 294 2270 intra
309 2238 376 2290 quoa
390 2233 490 2272 recmm
504 2224 667 2286 continetiam
681 2236 752 2275 meta
764 2222 798 2274 ad
812 2239 892 2294 quam
904 2222 1012 2274 tendere
1026 2219 1161 2272 debemus.

119 2297 161 2348 stc
173 2295 201 2347 in
212 2316 297 2367 graeco
313 2296 385 2354 riter·
399 2300 598 2352 —Extremum
614 2305 722 2361 omnino
739 2321 852 2373 gruum
865 2301 892 2354 oi
909 2301 1021 2366 iamet,
1037 2311 1164 2352 extremus

121 2378 257 2428 terminus.
267 2377 330 2429 Hae
341 2381 429 2430 omnia
442 2399 458 2429 a
470 2380 553 2430 etadio
563 2378 604 2432 vel
616 2381 747 2434 curriculo
757 2381 879 2434 videntur
888 2381 1021 2432 translata.

159 2471 229 2522 Nor.
247 2472 290 2539 49.
305 2475 379 2524 Euat
392 2483 467 2524 tuum
481 2485 506 2526 et
518 2491 605 2536 etum
621 2493 683 2526 nam
695 2493 770 2528 nenne
783 2478 831 2528 hoc
842 2488 931 2528 excute
942 2485 1034 2527 totum.
1046 2505 1081 2516 -
1091 2477 1164 2526 Euo:

120 2563 147 2603 et
156 2567 249 2616 nante,
258 2569 338 2604 voces
348 2551 511 2604 laudantium
519 2571 570 2624 pro
581 2552 704 2607 laudibus
713 2557 784 2626 ipeia.
795 2555 837 2608 Sic
846 2557 936 2606 Horat.
946 2557 973 2605 in
981 2557 1043 2604 Arte
1050 2553 1101 2618 ⁴²⁸
1110 2571 1165 2623 sqq.

117 2659 154 2670 -·
166 2632 269 2683 Excute
280 2641 378 2698 tomam,
394 2631 501 2703 explora
515 2632 673 2704 diligentius.
692 2635 822 2686 Excutere
831 2633 911 2703 vulgo
927 2635 955 2684 in
973 2631 1044 2684 huuc
1060 2649 1164 2684 eentum

117 2724 271 2781 usurpatur.

148 2887 210 2932 Vnt.
228 2887 265 2933 so.
278 2887 331 2934 Non
340 2886 376 2933 hic
387 2897 422 2934 est
431 2885 485 2933 iliu
495 2891 551 2934 Ant.
563 2914 595 2926 -·
604 2889 697 2935 liabent
708 2889 766 2934 Acci
773 2886 842 2934 codd.
852 2887 914 2948 ⁸⁰7⁰
923 2895 946 2932 et
956 2885 1025 2948 ⁸⁰7²·
1034 2905 1067 2920 ι-
1079 2886 1161 2932 Utru-

115 2955 249 3018 eligendtun
261 2959 290 3005 tit
301 2956 364 3004 haud
376 2957 443 3006 facile
453 2959 571 3014 dicernat.
581 2977 652 3023 quum
663 2959 720 3005 nihil
728 2959 758 3005 de
772 2957 832 3005 malo
844 2961 889 3006 ittu
900 2969 969 3020 poeta
983 2955 1080 3004 sciemur
1093 2973 1161 3019 quam

115 3041 159 3087 per
171 3029 219 3088 ipea
228 3024 276 3072 hae
288 3028 360 3074 Penii
370 3027 442 3074 verba
456 3027 589 3092 reholiaque
604 3030 757 3091 interpretum
773 3041 891 3084 veterum,
903 3025 988 3090 quibui
1001 3025 1085 3074 dicitur
1100 3026 1161 3074 idem

117 3098 188 3144 iniere
198 3100 286 3155 Attius,
295 3115 321 3145 ac
331 3097 370 3146 ille
380 3101 449 3163 t'npra
460 3115 600 3149 memoratae
611 3101 696 3156 labeo,
707 3117 729 3146 r.
740 3101 764 3158 4.

153 3186 221 3236 Nor.
242 3185 283 3239 50.
298 3187 367 3257 Quid
375 3207 427 3240 oon
439 3188 508 3243 intur
518 3186 609 3242 hahet?
617 3191 679 3242 Non
689 3189 731 3241 hic
738 3201 774 3242 est
783 3186 848 3240 Iliae
853 3185 911 3240 Atti
917 3186 997 3238 Ebria
1005 3187 1162 3238 veretro?-

118 3265 193 3315 Intra
199 3267 319 3316 convenit
326 3285 387 3318 eum
394 3280 484 3320 excute
487 3289 498 3330 ‚·
508 3270 545 3320 tic
553 3271 622 3322 enim
630 3267 786 3340 metaphora
794 3269 971 3320 continuatur.
979 3296 1015 3307 -
1023 3264 1087 3317 Ilios
1095 3263 1159 3318 Atti.

118 3344 294 3396 Transtuliuse
304 3345 410 3398 Iliadem
420 3349 528 3400 Homeri
539 3348 644 3402 vitietur
657 3352 706 3400 itte
716 3349 821 3415 Attius,
833 3362 859 3400 et
872 3346 978 3419 quidem
992 3347 1160 3417 ineptissime.

116 3425 181 3495 Ejus
194 3441 299 3492 versum
308 3423 379 3477 hune
389 3441 538 3479 memorant
547 3426 697 3480 scholiastae
706 3450 711 3478 :
728 3451 739 3474 ι
749 3427 865 3480 Crudum
875 3425 1019 3478 manducet
1030 3427 1161 3477 Priamum

115 3505 264 3575 Priamique
276 3505 413 3575 pitinnosn
429 3510 474 3577 qui
483 3506 588 3560 videtur
597 3507 673 3560 fictus
685 3507 718 3559 ati
729 3506 877 3580 exemplum
891 3507 1021 3580 nequitie.
1033 3535 1069 3546 -
1082 3505 1160 3558 Ebria

115 3594 225 3636 veratro.
238 3584 376 3637 Veratrum
390 3599 429 3638 eet
441 3588 544 3658 nigrum
562 3587 736 3640 helleborum.
749 3589 831 3639 Porro
845 3588 941 3638 scimus
956 3605 987 3638 ex
1000 3587 1030 3637 H.
1046 3587 1079 3638 tt.
1094 3585 1158 3636 Plin.

114 3666 175 3734 maj.
187 3662 273 3728 XXV,
289 3680 336 3726 nt,
350 3665 453 3733 nigrum
465 3663 646 3734 helleborum,
655 3664 769 3720 candido
779 3663 974 3732 vehementius,
988 3667 1016 3716 in
1033 3664 1159 3718 Helicone

114 3756 205 3794 monte
217 3745 370 3813 provenisse
375 3765 385 3806 ;
399 3757 425 3795 et
436 3744 578 3816 plerosque
591 3765 622 3798 eo
637 3747 676 3800 uti
689 3745 781 3798 solitos
796 3763 866 3810 este,
880 3745 925 3817 qui
940 3743 1090 3811 studerent,
1106 3761 1159 3814 quo

115 3823 199 3874 aerius
213 3823 384 3893 providerent.
399 3852 435 3864 —
448 3824 528 3896 Ebrio
544 3827 624 3895 igitur
642 3825 778 3878 helleboro
796 3824 875 3890 llius,
892 3823 919 3876 h.
938 3843 961 3876 e.
982 3824 1128 3895 compotita
1145 3837 1160 3872 e

114 3913 197 3971 poeta
211 3901 284 3954 ebrio
298 3921 347 3975 per
360 3901 535 3956 helleborum.
546 3905 588 3959 sie
597 3905 697 3959 Seneca
706 3905 788 3976 Epist.
804 3922 848 3974 ¹9²
862 3922 948 3956 termo
961 3904 1052 3955 ebrius.

152 3999 219 4050 Nor.
239 3999 281 4052 5¹.
295 4001 357 4054 Non
370 3999 393 4051 ti
408 4017 462 4072 qua
476 3998 587 4073 elapidio
601 4002 677 4056 erudi
689 4003 831 4056 Dictat-unt
845 4001 977 4074 proceres?
992 4027 1028 4038 -
1038 3993 1160 4066 Eleqidia

114 4095 165 4147 per
184 4091 365 4150 contemptum
386 4080 423 4132 aie
442 4094 570 4134 vocantur
586 4081 702 4154 elegiaca
718 4084 834 4135 earmina
850 4083 1010 4148 minuteque
1026 4077 1160 4146 composi·

114 4158 215 4225 nones,
223 4158 319 4229 quibus
327 4179 357 4212 ea
365 4159 735 4231 atategaudebant.-Gntdi
740 4179 868 4232 proceres,
879 4155 980 4210 nobiles
987 4153 1055 4226 gule
1063 4153 1158 4220 dediti,
