3148 4950
386 429 448 493 ne
471 425 641 494 sturm
665 422 994 490 nouruorruru.
1145 431 1213 517 479

156 553 293 648 fabulas
314 556 621 646 tropico-satyricus,
641 548 798 644 equibus
816 573 885 616 unu
903 564 1054 632 tantum,
1072 550 1215 646 Cyclops

167 663 357 758 Euripidis,
369 667 498 756 integre
511 679 684 756 superest,
696 661 791 728 fuere
803 663 903 729 etiam
916 664 1183 753 comicosatyricae
1192 673 1215 744 ¹,
1226 717 1231 726 .

167 799 237 842 non
248 801 269 842 a
280 777 413 866 tragicis
424 826 432 857 ,
445 771 504 840 sed
516 774 651 841 comicis
664 775 796 863 scriptae
808 773 934 864 poetis,
949 775 1062 857 (nam,
1076 795 1152 866 quae
1164 771 1216 840 bis
1292 783 1298 860 j

168 883 364 950 tribuuntur
383 881 534 950 dramata
551 872 699 962 satirica,
717 902 786 946 non
803 880 928 971 tragica
943 879 1062 962 fuisse,
1081 879 1138 947 sed
1160 905 1216 949 co-

168 995 271 1078 mice,
284 991 338 1060 vel
352 1015 394 1059 ex
413 1015 452 1060 eo
469 989 682 1083 intelligitur,
699 988 791 1084 quod
810 989 950 1084 quilibet
970 1006 1070 1081 poeta
1088 994 1219 1060 Graeco·

169 1127 246 1172 rum
266 1127 335 1171 non
355 1105 418 1170 nisi
432 1126 540 1169 unum
560 1123 700 1195 poeseos
720 1123 826 1192 genus
851 1114 993 1166 tractore
1012 1116 1046 1167 et
1068 1101 1218 1169 excolere

170 1213 317 1298 solebat)
344 1235 442 1308 quse,
475 1211 541 1282 illis
567 1209 639 1304 jam
670 1208 990 1292 deflorescentibus,
1019 1210 1076 1278 diu
1106 1210 1218 1280 adhuc

169 1329 325 1418 viguere,
338 1323 398 1393 sed
410 1349 486 1394 raro
496 1341 529 1392 et
538 1325 764 1416 inscriptionis
776 1337 918 1406 tantum,
933 1345 1002 1389 non
1013 1327 1218 1415 argumenti,

169 1439 299 1505 ratione
311 1435 424 1504 habita
434 1449 682 1516 memorantur,
696 1450 729 1501 et
738 1432 792 1499 vel
802 1432 913 1526 simpl.
926 1434 1119 1501 nominibus
1130 1439 1221 1528 Saty-

170 1571 286 1616 rorum
298 1550 486 1640 insignitae²
497 1599 506 1632 ,
519 1546 574 1616 vel
586 1548 685 1614 variis
702 1543 807 1614 titulis
823 1540 1043 1638 designetoe3,
1060 1546 1114 1615 vel
1130 1571 1221 1616 corn·
1322 1623 1324 1628 ,

170 1660 266 1724 muni
280 1659 521 1726 comoediarum
533 1681 656 1752 genere
672 1653 926 1750 comprehensae
936 1655 1114 1724 videntur:
1131 1659 1221 1727 unde

170 1765 406 1837 difficillimum
418 1767 528 1852 dictu,
549 1793 625 1864 quae
639 1792 718 1835 vera
735 1769 872 1836 comicae
886 1771 1083 1836 Graecorum
1099 1771 1221 1862 Satyri·

172 1900 229 1946 ees
240 1877 342 1946 fuerit
355 1877 502 1960 indoles,
515 1896 550 1947 et
560 1878 762 1974 quibusnam
771 1881 807 1946 iu
819 1878 921 1948 rebus
932 1903 951 1946 e
964 1881 1089 1971 tragica
1100 1879 1223 1948 discre-

172 1984 336 2078 paveritt.

172 2197 675 2269 inpnpeg.117-125.Bublel.leutl.
721 2200 844 2273 quidem,
865 2213 894 2252 st
910 2199 1112 2271 probsbililsus,
1131 2201 1224 2255 seltem

172 2276 325 2331 Eichsteedt
340 2298 367 2350 p.
382 2279 415 2334 25
433 2299 489 2353 seq.
504 2281 595 2354 Fliigel
613 2295 633 2334 t.
648 2283 675 2346 1,
720 2281 884 2352 ingeniosis,
918 2281 1035 2348 ductus,
1068 2280 1125 2335 brec
1155 2285 1225 2336 inter

170 2375 200 2430 p.
213 2357 264 2430 337
277 2377 334 2432 seq.
348 2359 448 2416 Potteri
462 2362 540 2414 Arch.
556 2363 600 2415 Gr.
621 2374 640 2414 t.
655 2362 675 2414 l.
721 2374 862 2431 utrumque
882 2361 991 2413 satirica
1011 2380 1124 2433 poeseos
1141 2381 1224 2432 genus

212 2453 235 2490 t.
254 2438 284 2490 ld
297 2437 404 2510 quidem
421 2458 476 2492 non
491 2441 560 2511 fugit
577 2441 677 2494 Cesen-
721 2439 873 2493 discrimine
881 2442 1059 2494 intercessisse
1072 2442 1222 2494 arbitretur.
1286 2462 1289 2472 ¹

172 2515 273 2570 benum
283 2530 310 2570 et
319 2517 575 2590 Spsnbemium,sed
583 2519 676 2592 leviter
722 2518 1223 2590 s1⁰Trsgicipeete,utitregoedierum,

173 2595 338 2667 unsumplte
345 2617 408 2670 pag.
419 2597 532 2664 1543hic
543 2615 604 2670 peg.
612 2598 676 2669 316)
719 2600 755 2650 ite
768 2600 935 2650 satiricorum
945 2598 1222 2671 quoqnedremstum,

174 2693 230 2730 rem
242 2677 397 2748 tetigerunt,
414 2695 494 2750 quem
505 2677 606 2749 prolixe
622 2679 676 2748 pri·
720 2681 854 2730 materiem
868 2697 884 2730 e
900 2676 974 2752 cyclo
986 2677 1102 2751 mythico
1114 2681 1224 2750 petiere,

174 2768 340 2820 mus,etnon
352 2758 584 2828 minusingeniose
595 2775 677 2828 quem
721 2761 768 2831 qui
776 2758 919 2829 plurimum
929 2762 961 2812 iis
969 2759 1111 2831 prestebst
1122 2773 1147 2812 et
1155 2779 1226 2812 eom·

174 2832 270 2902 docte,
282 2839 405 2888 tractavit
414 2834 592 2892 Eicbsteedtl
601 2835 676 2890 leud-
721 2837 855 2891 modtuos
874 2838 908 2890 sd
920 2837 1036 2908 fingendi
1048 2838 1225 2910 probabilite-

210 2933 234 2969 2.
248 2916 290 2970 Sic
299 2915 441 2972 Athenoeus
451 2916 544 2970 laudet
553 2919 677 2972 Annen-
722 2931 792 2983 tem,
806 2919 977 2970 etrun'etetie
996 2917 1030 2968 ed
1046 2930 1226 2988 spectatorum

174 2993 279 3048 dridem
294 3001 317 3048 ts
332 3001 442 3066 Σατύρῳ,
456 2997 609 3063 Cratinum,
628 2998 677 3050 Ee·
721 2997 933 3055 delectationem.
948 2997 1013 3064 Qun
1025 3009 1179 3066 argumente
1195 2997 1225 3047 li-

174 3073 328 3144 pbuntidem
343 3087 370 3127 et
384 3074 562 3148 Phrynichum
575 3080 598 3126 ts
607 3081 677 3128 Σατῦ-
721 3091 763 3130 cet
777 3078 873 3129 comici
885 3089 970 3147 peette
987 3095 1042 3128 non
1057 3095 1165 3147 prorsus
1179 3075 1226 3128 sd-

175 3171 224 3221 ροις
242 3152 318 3224 (que
342 3173 393 3207 vox
420 3155 490 3225 plur.
512 3173 585 3208 num.
608 3173 677 3227 sepe
721 3153 1016 3226 spernerentursmulti
1034 3165 1121 3206 umen
1138 3171 1152 3205 e
1172 3156 1225 3205 site

175 3252 257 3286 unam
270 3246 373 3288 tentum
389 3234 508 3288 fabulam
528 3235 676 3305 signifieat,
721 3233 1226 3305 communimelueruntqnotidisnsque

176 3333 230 3389 qne
240 3333 283 3368 res
296 3317 380 3386 magis
395 3315 677 3388 turbetur),Timoelis
721 3313 915 3368 cousuetudine
932 3331 963 3366 es
975 3326 1113 3384 repetere:
1131 3313 1157 3366 iu
1171 3331 1225 3385 quo

175 3385 624 3465 lxaptoueksu'poseetbnpesoeeipsw.
722 3397 815 3466 ntique
837 3394 967 3446 diversum
989 3406 1083 3446 sunta
1106 3393 1226 3464 Tragicis

214 3473 240 3525 3.
263 3472 417 3528 Eiehssseds
438 3493 470 3528 eo
493 3475 574 3527 refert
593 3479 678 3541 liupp-
723 3473 863 3529 eonsilium
876 3475 990 3544 sequuti.
1004 3471 1134 3525 Nimirum
1146 3491 1161 3526 s
1173 3473 1227 3526 Co·

175 3554 330 3622 δοτραῃδίαν
352 3554 451 3621 Alcaei,
483 3541 679 3624 herpes-pupiilae
722 3551 824 3606 moediie
836 3551 982 3606 scribendis
997 3555 1123 3624 quonism
1137 3552 1171 3603 ed
1184 3554 1226 3603 fe-

175 3631 316 3688 thiutonis
329 3645 355 3686 et
367 3634 642 3710 quicoeemesdiusss
651 3636 677 3685 in
721 3629 800 3684 bulas
810 3644 975 3684 secesserant
987 3632 1121 3699 satiricos,
1134 3629 1168 3682 ed
1178 3629 1226 3684 bes

175 3711 262 3766 Plauti
275 3712 346 3765 Prol.
365 3712 497 3786 Ampbitr.
516 3733 555 3767 vs.
573 3713 607 3784 59
620 3731 676 3785 seq.
721 3712 759 3764 ite
770 3713 846 3784 quasi
855 3710 1163 3764 transfudissevidentur
1173 3709 1226 3762 Co-

177 3790 224 3844 ubi
245 3805 331 3864 postte
352 3793 434 3845 menti
458 3790 677 3865 Amphitryonem
721 3791 822 3844 moedise
831 3789 958 3858 indolem,
966 3803 995 3842 ut
1003 3807 1084 3860 quum
1094 3787 1225 3860 eliimsle·

177 3869 316 3926 Rhintonis
331 3870 499 3928 obversatum
520 3889 576 3924 esse
591 3873 678 3944 suspi-
722 3869 826 3923 dicendi
837 3867 970 3922 licentiam
981 3887 1012 3921 ex
1026 3887 1057 3920 ee
1066 3866 1225 3937 adsumpsis-

180 3964 262 4004 cstur.
723 3964 796 4019 sent,
819 3947 869 4002 alii·
883 3952 911 4002 in
931 3947 1115 4020 tregoediarum
1139 3959 1226 3998 esseut

175 4027 178 4032 ’
211 4031 478 4100 4.Εἰα1ιεωοάῑ,1οο.
491 4030 679 4104 Ιειιά.ρεθ.46
723 4049 845 4103 perversa
867 4041 893 4082 et
916 4028 949 4080 ed
969 4029 1050 4080 risum
1076 4027 1224 4096 composite

176 4113 269 4173 -et;
298 4114 482 4185 conjecturis,
514 4129 568 4164 non
602 4112 679 4164 certis
725 4111 872 4162 imitatione
896 4107 1034 4178 occupati,
1059 4107 1225 4176 prosemina-
