3116 4934
479 574 705 641 lMlTATlO
726 575 942 642 HORATll.
1169 573 1234 646 565

231 717 275 758 rs.
294 696 374 780 Quid
386 696 523 776 Mum?
534 730 575 746 -·
587 697 737 760 Horatius
756 697 791 758 in
809 695 902 760 simili
918 697 1154 775 deliberatione,
1174 701 1238 760 ini·

187 795 232 857 tio
246 793 335 856 Setir.
350 793 397 872 11,
410 813 454 854 vs.
469 791 504 854 5:

388 955 453 1018 Quid
463 955 562 1016 uum.
574 957 700 1020 prescribe
708 973 716 1006 t
725 960 841 1025 quiesces.

187 1102 232 1162 lix
249 1097 307 1162 hac
324 1101 493 1163 collatione
508 1099 692 1183 intelligitur
713 1123 783 1166 scre
800 1116 831 1164 et
846 1101 1012 1164 vehemens
1033 1104 1129 1165 Persii
1151 1105 1237 1186 inge·

187 1195 296 1258 ninms
316 1218 392 1259 num
405 1200 447 1260 sic
463 1201 540 1281 petit
550 1197 731 1275 consilium,
743 1213 779 1260 ut
789 1195 854 1281 ejus
867 1200 963 1261 dandi
977 1211 1159 1282 potestatem
1170 1221 1236 1262 non

186 1293 302 1369 feciat3
323 1295 375 1356 sed
393 1295 497 1355 statim
518 1307 552 1355 ut
566 1292 676 1356 datum
697 1295 857 1378 repudiet,
879 1295 965 1377 quod
988 1316 1056 1357 non
1077 1295 1237 1358 dubitabat

186 1391 294 1452 datum
308 1392 346 1452 iri
358 1415 366 1468 ;
378 1391 464 1475 quod
475 1392 570 1473 igitur
580 1390 685 1453 lectori
697 1393 910 1476 supplendum
921 1393 1064 1478 reliquit,
1079 1394 1162 1478 opud
1173 1396 1238 1456 Ho-

58 1539 63 1566 ,
186 1491 301 1550 ratium
314 1487 463 1551 habemus
474 1509 666 1572 expressum,
680 1492 821 1575 quiescas.

229 1587 275 1647 13.
289 1587 450 1650 Scribimus
464 1583 585 1661 inclusi,
604 1585 816 1664 numerosius,
833 1585 880 1650 lic
891 1587 964 1672 pede
979 1587 1060 1652 liber.
1071 1623 1111 1638 -
1127 1589 1236 1653 Affinis

188 1703 290 1746 versus
302 1684 348 1746 illi
360 1683 557 1762 Horatiano,
569 1685 669 1768 Epist.
681 1684 703 1746 l.
717 1686 764 1763 11,
774 1706 822 1747 vs.
842 1707 915 1769 ¹¹7³

341 1844 467 1894 &risimus
474 1843 563 1895 indocti
573 1845 683 1911 doctique
692 1857 803 1910 pensate
815 1848 909 1910 pess‘un.

185 1989 251 2050 Etsi
264 2007 321 2049 neo
334 1989 485 2051 sententia
496 1986 606 2050 eodem
620 2004 761 2073 prorsus,
773 2008 830 2052 neo
843 1987 947 2052 verba.

227 2106 275 2148 no.
288 2087 424 2169 lupentes
432 2085 575 2170 trepidare
591 2087 865 2170 Titos-lupentcs
874 2088 946 2162 Titi,
955 2085 1000 2148 itu
1007 2085 1128 2148 dictum
1136 2107 1155 2146 a
1165 2087 1237 2148 Per·

185 2185 248 2262 sio,
262 2197 299 2245 ut
310 2183 457 2261 Horatio,
474 2182 549 2246 Celsi
560 2181 719 2248 Rhamnes.
733 2185 770 2245 ln
782 2185 870 2262 Arte,
884 2181 962 2260 342:

340 2345 404 2395 Celei
413 2356 557 2411 preter-eunt
568 2357 659 2394 ausura
670 2357 779 2412 poemate
786 2343 912 2394 Rhamnes.

186 2489 283 2550 Docte
296 2501 331 2548 ut
343 2489 451 2550 omnia
466 2487 589 2548 notarit
599 2483 730 2571 lsocjam
743 2485 820 2549 olim
830 2483 1009 2548 Hadrianus
1019 2480 1187 2546 Turnebus
1202 2484 1236 2544 in

185 2586 246 2650 suis
257 2585 454 2648 Adversariis.

227 2703 274 2744 nr.
298 2679 432 2744 Tremulo
443 2677 616 2764 scalpuntur
625 2677 676 2742 ubi
693 2682 800 2743 intima
812 2699 903 2742 uersu.
912 2714 951 2726 -
964 2678 1112 2741 Horatius
1125 2679 1236 2741 carmi·

187 2799 264 2842 num
278 2779 361 2842 libro
372 2779 433 2856 lv,
447 2777 508 2842 Od.
529 2777 582 2855 13,
593 2799 637 2840 vs.
652 2777 687 2841 i:

417 2939 446 2987 lle
453 2949 525 2988 centu
535 2939 638 2988 uemulo
647 2950 703 3004 pote
713 2939 854 3003 Cupidinem

419 3013 519 3060 lentum
529 3011 641 3060 sollicites
642 3046 758 3060 .......

185 3153 349 3216 Falluntur
372 3151 487 3214 eruditi
509 3155 567 3215 viri
593 3155 648 3236 qui
672 3153 827 3216 tremulum
850 3167 970 3216 cantum
992 3155 1238 3237 interpretentur

185 3248 302 3313 anilem
318 3269 327 3309 t
346 3250 477 3311 lesciviae
494 3250 579 3313 enim
597 3272 655 3311 vox
673 3252 728 3313 illa
746 3249 1004 3333 significationem
1016 3249 1129 3326 hubet3
1150 3247 1235 3332 cujus

185 3347 448 3431 interpretationis
464 3361 494 3408 et
511 3345 647 3408 fundum
664 3346 816 3409 babemus
833 3347 885 3410 hic
903 3349 1060 3426 Persium,
1080 3359 1110 3409 et
1126 3359 1234 3410 testem

186 3465 312 3526 quoque
337 3458 467 3506 veterem
491 3445 701 3528 interpretem.
727 3446 929 3507 Terentianus
951 3446 1080 3508 Maurus
1099 3443 1140 3507 de
1163 3444 1236 3507 Gul-

185 3541 301 3604 linmbo
316 3561 424 3603 versus

341 3703 480 3766 Nomenque
491 3701 623 3751 Galliembis
634 3715 778 3752 memoretur
784 3701 839 3752 bino
848 3702 942 3762 ditum,

339 3773 462 3824 Tremulus
474 3777 540 3842 quod
548 3791 598 3824 este
607 3775 679 3824 Gellio
690 3775 780 3824 habiles
789 3788 874 3842 putent
882 3777 972 3824 modos.

185 3919 235 3981 Sic
246 3919 369 4005 sledopis
380 3919 482 3984 Greci
490 3939 548 4003 pro
563 3918 677 3982 lascivo
689 3939 727 3982 ac
741 3920 845 3982 molli:
865 3917 951 3982 unde
963 3919 1086 4003 sladepol
1098 3917 1189 3994 ὄψεις,
1206 3930 1237 3977 et

186 4017 308 4101 elsdoepis
318 4021 476 4101 repellimus
493 4019 575 4102 apud
593 4019 782 4081 Clementem
797 4019 1042 4080 Alexandrinum
1056 4015 1237 4078 deveneris

186 4115 393 4199 pusionibus:
421 4119 541 4204 ὼδαρός
562 4131 666 4180 autem
694 4116 778 4211 idem
801 4138 837 4178 sc
859 4115 1018 4178 tremulus.
1041 4110 1235 4198 Hesychius:

187 4212 406 4297 κλαῶρόρμπω,
423 4213 536 4278 ductos
548 4218 582 4276 τὰ
594 4213 703 4295 dpqmu.
