3116 4934
378 378 1432 422 Q

496 588 920 762 rnnsllnl
954 591 1309 720 nontin

742 901 1061 1000 ΙΜΙΤΑΤΙΟ.

808 1197 988 1232 ψ

371 1339 485 1452 Nrrto
502 1390 557 1473 qui
577 1389 625 1450 rel
643 1389 824 1450 summatim
840 1386 1043 1452 humanitatis
1062 1390 1165 1452 studia
1183 1393 1302 1476 attigit,
1325 1395 1425 1457 Persii

369 1489 480 1550 Satiras
493 1487 585 1568 legit,
600 1487 677 1570 quin
694 1487 797 1546 statim
812 1486 992 1548 imitationis
1006 1488 1183 1549 Horatiana
1197 1489 1301 1571 aliqua
1313 1491 1425 1554 saltam

368 1587 493 1668 vestigia
509 1583 741 1669 depmhendat:
759 1597 822 1644 tum
838 1584 937 1646 multa
953 1586 1037 1646 enim
1055 1586 1137 1650 illius
1156 1599 1221 1648 tam
1236 1589 1341 1670 paucis
1360 1611 1424 1651 nu-

369 1703 454 1745 mero
466 1683 606 1745 versibus
620 1681 784 1768 expressit,
802 1697 837 1744 ut
851 1683 987 1766 fungum
1002 1705 1064 1745 esse
1079 1699 1233 1768 oporteat,
1249 1686 1336 1769 cujus
1351 1691 1425 1750 ani·

368 1801 474 1857 mum,
489 1780 582 1842 simul
594 1802 630 1843 nc
640 1783 672 1842 in
688 1777 772 1842 hunc
783 1777 900 1846 librum
913 1781 1017 1844 oculos
1028 1781 1173 1864 conjecit,
1185 1781 1250 1866 ejus
1261 1786 1304 1846 mi
1315 1785 1424 1869 aliqua

368 1899 434 1940 non
449 1880 600 1962 percutiat
616 1880 759 1962 suspicio.
780 1881 819 1940 Et
839 1892 943 1940 tamen
961 1899 996 1940 ea
1014 1892 1097 1953 arte,
1116 1899 1153 1942 eo
1171 1880 1289 1961 judicio
1310 1884 1343 1942 in
1361 1881 1425 1946 liae

367 1987 453 2060 parte
464 1995 536 2036 usus
547 1990 592 2036 est
612 1989 704 2059 poeta
722 1977 1000 2058 ingeniosissimus,
1018 1980 1123 2061 utqui
1140 1979 1217 2040 adeo
1235 1980 1333 2040 multa
1351 2001 1422 2043 non

366 2093 422 2136 sua
434 2089 579 2158 usurpat,
596 2091 671 2136 suus
682 2087 787 2137 mosen
803 2076 919 2159 ubique
934 2077 991 2153 sit,
1010 2097 1067 2137 nec
1083 2076 1179 2138 alieni
1196 2076 1337 2139 beneficii
1355 2079 1425 2142 iam

365 2171 555 2254 quidquam,
569 2191 678 2234 rerum
691 2175 819 2257 propria
829 2175 936 2234 omnia
947 2171 1060 2234 habers
1071 2174 1221 2238 rideatur.
1233 2175 1291 2256 tir
1300 2179 1350 2258 ylo
1360 2177 1423 2259 παρ’

363 2270 443 2330 ἄλλου
459 2273 523 2353 λάθῃ
540 2290 567 2332 rs
581 2271 651 2340 idio:
664 2277 733 2351 αὐτῷ
753 2277 880 2354 spisso:
896 2270 962 2333 lists
980 2274 1011 2330 ri
1023 2273 1114 2350 luciis
1130 2281 1216 2333 rosit
1236 2271 1323 2354 quod
1340 2272 1423 2335 olim

364 2368 563 2430 eruditissimi
577 2368 676 2429 critici
691 2368 731 2428 da
744 2365 923 2450 Thucydide
937 2367 1109 2428 Homerum
1123 2367 1263 2430 imitantis
1277 2389 1422 2451 pronun-

363 2465 491 2528 tiarunt.
512 2467 616 2544 Quare
636 2465 781 2546 squidem
800 2464 890 2525 facilc
912 2465 1037 2546 ignosco
1056 2475 1107 2526 tot
1126 2467 1422 2528 commentatoribus
1555 2499 1557 2538 :

363 2583 441 2650 quos
455 2563 558 2648 palam
572 2575 616 2625 ast
632 2566 674 2624 ita
689 2563 880 2645 negligenter
891 2562 925 2621 in
938 2557 998 2622 hoc
1009 2563 1135 2643 negotio
1147 2581 1209 2624 essa
1221 2575 1371 2641 versatos,
1382 2579 1421 2626 nt

363 2663 431 2726 loca
443 2679 510 2724 non
526 2677 625 2745 pauca
642 2676 803 2744 perperam
820 2661 1008 2742 sccsparint;
1021 2659 1184 2742 quasdam,
1201 2661 1253 2722 sed
1268 2661 1420 2740 illustria,

363 2779 428 2823 non
441 2759 718 2822 animadverterint
741 2777 802 2820 osso
816 2767 964 2838 corrupta
980 2757 1104 2818 unicam
1120 2755 1162 2818 nb
1176 2777 1301 2818 causam
1315 2757 1397 2822 hano
1405 2805 1417 2836 ,

362 2857 450 2940 qood
473 2857 613 2918 Persium
634 2873 705 2915 cnm
731 2853 860 2914 Horatio
880 2853 1042 2934 diligantur
1063 2852 1267 2930 contrudere,
1288 2875 1418 2918 suarum

364 2955 500 3036 partium
515 2967 578 3015 ossa
596 2951 737 3012 animum
757 2965 922 3031 nunquam
942 2947 1129 3010 mduxarint
1148 2949 1209 3010 llos
1228 2963 1302 3010 roro
1319 2965 1419 3033 qnam

363 3049 424 3111 illis
435 3045 601 3110 tribuimus
610 3050 749 3122 soniam,
763 3067 804 3109 na
813 3047 854 3106 ab
866 3046 935 3106 aliis
946 3059 1049 3130 potera
1059 3047 1117 3130 ipsi
1126 3066 1204 3128 opus
1215 3044 1418 3126 habemmur3

362 3163 566 3234 quiscumque
587 3133 621 3208 ln
641 3163 679 3208 so
702 3163 813 3229 genem
831 3146 1045 3208 observationr
1061 3145 1419 3228 dignsdsprohsndera·

361 3265 449 3326 mus,
465 3247 573 3309 omnia
585 3241 720 3307 studiose
732 3244 930 3327 collegimus,
949 3259 1043 3329 atque
1056 3245 1090 3305 in
1104 3263 1205 3305 unum
1218 3244 1313 3306 veluti
1330 3267 1417 3308 oom-

361 3362 489 3406 munem
505 3342 610 3405 locum
624 3339 686 3403 lruo
699 3340 895 3426 conjecimus.
912 3344 1076 3425 Sparsmus
1091 3361 1160 3402 non
1175 3343 1334 3424 ingratum
1345 3341 1419 3405 iore

361 3439 534 3518 tironibus,
553 3459 690 3524 quorum
707 3440 816 3502 studiis
834 3437 976 3523 prodesse
993 3451 1155 3521 optumus,
1171 3453 1311 3502 nostrum
1332 3440 1416 3504 istud

363 3538 551 3621 consiliuml,
563 3557 661 3622 quum
673 3539 844 3622 presertim
858 3537 1040 3598 imitationis
1051 3549 1167 3612 artam,
1181 3537 1316 3620 siusqua
1327 3559 1418 3624 puna

261 3691 264 3700 .
361 3636 553 3700 infructuosa
572 3649 711 3697 veterum
731 3635 823 3698 lectio
841 3633 949 3712 suerit,
967 3633 1085 3697 nullius
1101 3635 1242 3717 magistri
1260 3649 1417 3719 procepta

361 3755 448 3820 aquo
461 3735 539 3798 bane
549 3737 634 3819 ipsos
650 3733 778 3796 doctum
790 3735 870 3812 sint,
888 3747 982 3816 atqua
997 3733 1057 3795 hoc
1070 3731 1317 3816 pulcherrimum
1332 3739 1414 3800 tanti

360 3835 420 3894 viri
429 3831 614 3914 exemplum.
624 3833 654 3893 si
664 3843 816 3894 exstarent
825 3829 937 3892 Lucilii
947 3829 1067 3904 Satira,
1081 3849 1148 3892 uon
1156 3829 1269 3892 dubito
1276 3831 1368 3892 mam
1378 3832 1415 3893 in

359 3932 420 3994 illis
433 3928 560 4012 reperiri
571 3928 715 4013 quadam
731 3949 833 4011 posse,
845 3927 959 4010 quibus
971 3941 1076 3989 noster
1089 3947 1144 3988 sna
1155 3925 1264 3989 fecerit
1274 3929 1413 3989 auctiora

357 4041 388 4089 et
404 4025 628 4089 luculentiora:
643 4025 693 4087 sed
706 4025 777 4101 illa,
791 4021 916 4109 opinor,
928 4021 1029 4088 iorem
1044 4045 1108 4086 non
1126 4023 1226 4084 multa
1237 4047 1245 4084 ι
1257 4037 1412 4105 quantum
