3148 4950
393 520 456 584 DE
480 519 647 585 SATIRA
671 519 998 588 ROMANORUM.
1151 525 1216 614 487

175 648 247 713 voci
267 645 383 712 relicta
394 654 414 712 ¹.
436 650 617 741 Postquam
640 643 714 738 lege
734 645 799 714 hac
818 645 1010 714 fabularum
1028 647 1071 716 ub
1089 649 1161 718 risu
1179 673 1219 718 ec

174 756 285 824 soluto
303 755 383 849 joco
403 780 457 825 res
478 757 681 825 avocabatur
702 773 735 825 et
755 756 856 824 ludus
875 761 910 826 in
928 774 1035 828 artem
1054 758 1217 852 paulatim

173 884 334 952 verterut;
352 866 530 960 juventus,
545 869 764 937 histrionibus
778 868 977 938 fabellarum
991 886 1069 938 actu
1083 869 1218 955 relicto,

174 979 246 1069 ipsa
264 981 351 1045 inter
363 1001 399 1044 se
412 1001 507 1046 more
519 981 658 1072 antiquo
670 975 812 1046 ridicula
824 980 950 1045 intexta
962 978 1115 1046 versibus
1124 977 1219 1071 jacti·
1242 995 1245 1000 '

172 1103 243 1157 tare
255 1093 393 1184 ooepitt:
409 1113 486 1185 quse
496 1090 577 1175 iude
587 1087 700 1158 ciodia
712 1105 831 1183 postea
843 1089 1034 1184 appellata³
1048 1107 1218 1160 consertu-

172 1238 244 1290 Suet.
260 1239 337 1292 Galb.
351 1241 397 1307 13,
409 1239 456 1294 ubi
466 1240 517 1294 rid.
529 1242 675 1314 Ernesti),
719 1241 817 1312 Seite),
837 1241 954 1309 hebere,
973 1244 1020 1313 qui
1038 1254 1173 1310 conteret,
1195 1257 1223 1295 st

173 1319 321 1388 etquidem
337 1321 423 1375 multo
439 1325 535 1375 acriori
551 1323 675 1376 acrehe-
720 1337 773 1391 quo
794 1315 993 1392 pronunciante
1011 1323 1063 1393 ipsi
1088 1320 1221 1374 saltarent.

173 1400 312 1463 mention,
326 1418 408 1471 quum
420 1420 475 1453 non
488 1399 564 1453 simul
579 1420 674 1454 canere
718 1401 814 1474 Kaenip
831 1423 838 1451 .·
857 1402 1024 1454 «Histrioues
1046 1399 1222 1466 dicebantur,

173 1493 318 1550 vocemque
342 1480 480 1532 intendere
505 1495 573 1550 opus
595 1493 672 1534 csset.
719 1480 765 1551 qui
781 1477 913 1531 usitabant
932 1493 958 1531 et
978 1478 1222 1550 gesticulshentur,

172 1557 212 1606 ltu
228 1575 335 1628 quoque
351 1559 438 1610 Valer.
455 1561 526 1612 Max.
542 1560 580 1625 ΙΙ,
595 1559 627 1626 4,
640 1561 674 1626 4,
719 1577 834 1629 quorum
851 1561 911 1612 voci
924 1561 1009 1611 -etiam
1023 1559 1137 1611 diverbia
1152 1558 1223 1629 (diu-

172 1632 228 1688 haec
238 1636 317 1688 verba
331 1639 518 1710 interpretatus
531 1652 585 1691 est:
601 1663 613 1686 ι
622 1639 676 1692 Ad·
719 1638 811 1710 logos,
827 1639 893 1708 das,
906 1658 958 1692 was
973 1638 1139 1712 gesproehen
1152 1658 1222 1690 wur-

171 1711 256 1765 hihito
271 1719 347 1786 pueri
364 1731 390 1770 et
407 1717 523 1770 tibicinis
542 1715 676 1770 concentu'
719 1720 769 1790 de)
787 1719 878 1771 relicta
897 1735 986 1786 erant,
1008 1721 1111 1772 contire
1134 1732 1222 1771 sutem

172 1796 401 1865 gesticulitionem
421 1799 517 1850 tacitus
535 1800 645 1870 peregit.
661 1819 672 1844 ι
719 1795 891 1869 (soliloquia)
912 1797 996 1848 relata
1013 1797 1048 1848 sd
1068 1796 1221 1868 treffoedos,

171 1903 208 1914 -
235 1877 371 1928 Canticum
403 1879 515 1930 Romani
543 1878 676 1935 vocabant
720 1877 764 1947 qui
783 1876 817 1928 ad
834 1875 991 1930 histrionum
1010 1889 1098 1947 gestus
1115 1894 1223 1930 accom-

172 1958 306 2019 μισολογίαν
328 1955 370 2009 vel
385 1957 556 2030 soliloquium
570 1995 578 2024 ,
601 1954 674 2028 quod
718 1953 824 2007 modste
832 1954 972 2008 canebant.
984 1980 995 2002 n
1006 1957 1121 2009 Ernesti:
1133 1979 1144 2003 s
1156 1949 1222 2009 Con-⁴

173 2031 227 2086 scil.
248 2033 282 2086 td
300 2035 396 2088 modos
414 2033 484 2088 tibite
504 2038 608 2087 canitur
628 2049 674 2087 sut
719 2044 772 2085 ture
786 2035 821 2085 ud
836 2053 945 2087 monum
962 2034 1060 2086 dicitur
1071 2035 1104 2086 de
1116 2033 1223 2086 histrio-

173 2117 312 2177 recitutur;
321 2117 432 2172 diverbia
442 2131 532 2170 autem
539 2116 674 2186 dialogum
718 2112 807 2180 uilms,
814 2131 895 2186 quum
903 2115 1044 2166 recitantes
1054 2133 1075 2166 s.
1084 2127 1223 2166 csutuntss

173 2212 194 2246 s.
226 2194 358 2268 colloquia
388 2194 501 2248 duorum
527 2194 673 2268 pluriumve
717 2192 786 2244 illud
805 2195 893 2264 ipsum
910 2196 1076 2264 exprimunt,
1098 2193 1172 2268 quod
1189 2196 1222 2246 sb

173 2288 302 2326 actorum.
324 2275 467 2328 Diomedes
486 2277 536 2343 ΙΙΙ,
549 2295 576 2346 p.
606 2275 673 2344 488,
718 2272 887 2325 saltatoribus
895 2272 1078 2342 gesticulando
1093 2271 1223 2342 significa-

173 2351 274 2408 collect.
283 2353 388 2406 Putsch.
407 2355 562 2421 «Membra,
572 2357 673 2425 inquit,
718 2363 791 2403 tura
806 2350 949 2405 Salmasius
964 2351 999 2405 ad
1011 2355 1120 2423 Vopisc.
1135 2353 1221 2404 Cario.

172 2433 361 2487 comoediarum
372 2437 422 2486 tria
432 2446 504 2500 sunt,
512 2435 674 2501 diverhiutn,
722 2447 767 2501 19,
780 2431 939 2494 emendabat
950 2433 986 2482 ad
996 2449 1103 2483 manunt
1114 2430 1222 2498 saltari,

173 2501 319 2574 canticumi
338 2511 444 2566 chorus.
467 2513 590 2564 Diverbia
613 2524 675 2566 sunt
718 2489 1222 2583 xsrporbustre-Equidemverbsudma-

172 2608 209 2641 eae
221 2592 407 2643 comoediarum
423 2606 524 2663 partes,
536 2591 563 2645 in
578 2591 673 2664 quibus
719 2609 782 2641 num
797 2601 904 2642 cantare
920 2589 1015 2642 eodem
1034 2593 1222 2671 sensucupio,

173 2667 336 2722 diversorum
349 2689 468 2742 persone
481 2671 626 2744 rer‘ssutur.
644 2673 674 2723 ln
714 2685 773 2742 ¹quo
782 2671 871 2724 Liuius
883 2668 964 2722 modo
975 2669 1078 2722 dixerat
1090 2671 1222 2724 cunticttm

174 2749 282 2800 canticis
300 2764 386 2802 autem
402 2769 455 2802 una
472 2746 576 2803 tantum
596 2750 674 2804 debet
718 2769 792 2822 spere
808 2762 895 2817 tnotu,
914 2764 944 2801 ut
955 2752 1083 2802 sententia
1096 2747 1122 2800 h.
1138 2748 1155 2801 1.
1170 2752 1220 2802 sit:

173 2845 231 2879 esse
244 2847 372 2898 persona;
385 2844 446 2898 sut,
455 2831 477 2883 si
492 2829 549 2882 duae
561 2833 670 2900 fuerint,
717 2828 782 2881 lude
796 2829 829 2881 ab
843 2829 1015 2882 histrionibus
1026 2831 1128 2880 cantica
1143 2832 1223 2901 gesti·

172 2907 207 2956 ittt
222 2905 321 2960 dehent
331 2929 403 2976 esse,
416 2924 446 2963 ut
457 2929 488 2962 ex
501 2909 606 2963 occulto
620 2929 673 2964 una
718 2909 866 2976 culatione,
879 2907 937 2961 sols
950 2928 1013 2961 vero
1025 2907 1142 2961 diverbia
1156 2927 1222 2961 vocs

172 2985 280 3056 studiat,
296 3009 345 3043 nec
367 2990 549 3062 colloquatur,
567 2989 615 3042 sed
630 3010 673 3043 se·
719 3008 741 3043 s.
756 2991 877 3044 canendo
891 2992 1002 3062 exprimi
1012 3003 1108 3058 coeptu.

172 3082 249 3132 cum,
262 3070 283 3120 si
296 3088 364 3139 opus
377 3069 472 3133 luerit,
488 3069 569 3121 rerba
583 3070 671 3121 faciat.
755 3087 778 3121 η.
794 3071 863 3122 Beue
884 3068 939 3120 haec
960 3074 1106 3139 παραφράζει
1121 3069 1220 3120 Cassu-

172 3145 201 3195 ln
215 3145 302 3198 choris
319 3167 380 3199 vero
397 3166 524 3200 numerus
542 3167 673 3220 persone·
718 3145 818 3215 bonus,
830 3168 858 3220 p.
873 3148 939 3199 182:
959 3146 1140 3198 -rabutarum
1150 3166 1222 3199 com-

173 3241 231 3275 rttm
246 3224 369 3277 delinitus
383 3244 438 3277 non
450 3241 521 3279 est·
717 3227 852 3295 positione
878 3227 1003 3293 iuventa,
1027 3227 1124 3278 refrixit
1145 3228 1222 3279 initio

211 3321 233 3355 r.
251 3306 410 3375 interpretes
427 3318 529 3358 tentum
544 3323 600 3357 non
618 3324 674 3357 om·
718 3305 818 3367 sarim
832 3323 923 3358 verum
932 3305 985 3358 hoc
998 3307 1143 3378 tantisper,
1158 3306 1222 3358 dunt

172 3401 219 3436 nes
230 3386 349 3454 junxisse
364 3383 443 3437 rerba
460 3386 495 3436 ad
508 3403 616 3436 manum
632 3385 674 3437 lti-
718 3400 776 3434 mos
789 3383 916 3454 obtinuit,
927 3397 956 3434 ut
968 3386 1017 3454 ipsi
1029 3397 1115 3454 postte
1124 3388 1225 3440 sustin

171 3465 322 3532 strionibus,
342 3484 426 3538 eaque
443 3483 493 3537 pro
513 3465 548 3516 od
565 3483 674 3518 manum
719 3479 798 3514 scens
816 3461 920 3514 fabulas
940 3476 1048 3534 egerent
1066 3485 1073 3516 s
1094 3464 1142 3518 ubi
1160 3483 1221 3518 rero

172 3543 325 3597 histrionum
339 3547 426 3616 posita
441 3545 674 3616 accepisssriden·
719 3540 814 3611 egendi
835 3553 925 3614 portes
946 3542 980 3596 ad
998 3541 1140 3596 histriones
1160 3560 1222 3598 sunt

172 3634 224 3675 tur.
251 3625 401 3676 Gronovius
420 3637 446 3674 et
467 3622 614 3675 Rambach.
639 3621 672 3675 ud
717 3617 864 3685 trunslstte,
880 3617 970 3671 retulit
990 3621 1018 3671 iu
1036 3639 1142 3674 scenam
1162 3623 1221 3694 ipsu

70 3719 72 3726 ’
171 3699 284 3753 Cassub.
301 3721 328 3773 p.
351 3701 399 3753 183
417 3712 574 3774 exponunts
590 3704 673 3754 tacitte
712 3700 839 3768 juventus
858 3699 980 3751 Romans
1000 3698 1069 3752 ritus
1090 3704 1222 3773 jocosque

172 3777 306 3832 histrionis
321 3778 532 3849 gesticulatiooi,
550 3799 607 3852 que
624 3781 674 3832 ssl-
715 3781 833 3850 priorum
847 3776 1006 3842 Satirarum
1020 3799 1076 3832 non
1095 3781 1220 3851 quidem,

172 3855 253 3909 tando
266 3858 345 3912 liebus
354 3873 380 3910 et
389 3857 494 3932 loquaci
504 3877 600 3926 mortu,
610 3877 673 3912 can·
716 3870 746 3909 ut
757 3857 862 3911 fabulas
876 3858 1063 3925 excluderent,
1078 3858 1125 3910 sed
1140 3870 1170 3910 ut
1185 3857 1222 3910 fs·

172 3933 253 3986 tundo
269 3937 431 4010 respondere
452 3951 479 3992 et
496 3940 673 4010 pronunciare
716 3937 786 3991 bulis
798 3940 880 4012 ipsis,
892 3940 1136 4012 presertimsutem
1147 3934 1221 3989 Atel-

173 4012 324 4082 modulate,
339 4036 397 4089 quse
412 4017 505 4070 histrio
521 4030 589 4088 affut.
604 4019 674 4069 Tur·
717 4019 802 4087 lanis,
827 4019 1032 4093 adjungerentur
1053 4020 1106 4071 sire
1122 4020 1221 4071 insurs-

172 4091 258 4145 nebus
269 4096 295 4146 in
306 4096 441 4150 Animadr.
453 4100 503 4166 ΙΙΙ,
517 4091 566 4164 α’3,
577 4109 602 4151 et
615 4101 675 4150 Fer·
717 4115 818 4154 rentur.
830 4125 842 4149 s

172 4173 257 4224 rarius
268 4172 420 4229 :histriones
430 4190 568 4249 ooeperunt
577 4178 613 4230 ud
620 4197 674 4231 rna·
754 4181 779 4233 3.
792 4181 881 4232 Satiru
890 4197 972 4253 quum
981 4176 1079 4233 fabulis
1091 4179 1224 4252 adjunge-

173 4254 677 4331 num,inpromptu,inproesentis(sur
717 4271 818 4329 rentur,
828 4257 1221 4330 Exodu(1nseonmt,ttscts
