3116 4934
359 355 423 434 542
547 353 608 416 DE
631 351 725 416 SIT.
750 349 956 428 LUCILII,
982 347 1202 428 IIORATII,

357 481 507 574 liumque
519 475 609 546 baud
621 479 716 572 sequi
726 475 871 560 videtur,
885 476 937 546 vel
956 475 1000 544 ad
1013 493 1153 558 metam,
1165 478 1272 571 siqua
1285 480 1399 558 aiest,

356 593 464 684 longis
485 590 682 682 ambagibus
702 587 911 683 flexibusque
934 587 1073 657 diuersis
1093 588 1183 656 lente
1207 587 1396 672 contendit3

356 705 403 770 ita
424 717 463 768 ut
479 699 632 793 plurimas
653 696 726 792 ejus
740 700 849 766 satirae
863 701 1042 790 Imaginem
1060 696 1239 766 exhibeant
1251 697 1399 764 ambula·

359 815 471 894 tionis,
494 796 618 904 inqua
641 808 797 904 quaelibet
820 807 893 876 loca
918 807 1028 888 devia,
1054 813 1087 874 ὥς
1104 820 1130 876 o
1147 807 1264 890 παρόδῳ,
1291 807 1398 875 oeulis

358 921 606 1015 perlustrantur
616 937 652 988 et
662 923 771 987 omnis
786 919 839 986 via
853 937 904 987 ast
916 935 1015 987 recta.
1032 921 1162 986 Persius
1180 934 1215 984 et
1226 917 1399 986 Iuvenalis

357 1053 615 1125 nonnumquam
637 1029 775 1123 quidem
789 1032 965 1098 Horatium
980 1032 1081 1097 etiarn
1098 1029 1160 1098 hac
1176 1032 1211 1096 in
1225 1053 1262 1097 re
1279 1029 1399 1096 imitati

358 1161 453 1226 suut,
469 1140 527 1208 sed
542 1139 743 1234 plerumque
757 1163 851 1208 more
866 1139 1144 1234 pbilosophorum
1161 1139 1399 1234 rhetorumque

358 1275 461 1319 unam
473 1267 603 1318 tantum
625 1247 735 1316 thesin
756 1248 941 1342 explicant,
960 1267 994 1318 et
1008 1267 1099 1317 reeto
1117 1249 1236 1316 itinere
1252 1248 1400 1341 dirigunt

358 1385 515 1442 cursum,
530 1383 598 1454 qno
619 1358 848 1458 contendunt,
870 1383 947 1428 raro
959 1385 980 1426 a
998 1362 1050 1428 via
1070 1359 1280 1427 aberrantes:
1295 1358 1399 1450 negli-

359 1473 471 1564 gentia
502 1472 591 1538 enim
610 1472 809 1552 Horatiana,
833 1493 909 1564 quae
933 1473 968 1536 in
983 1467 1100 1563 jocoso
1123 1469 1255 1538 dioendi
1277 1493 1398 1561 genere

358 1583 497 1651 mirilico
520 1603 583 1650 nos
609 1581 775 1665 delectat,
799 1607 820 1648 a
842 1586 995 1674 graviore
1021 1605 1062 1650 so
1088 1581 1222 1650 sublimi
1251 1582 1399 1648 oratioue

358 1694 468 1762 aliena
482 1711 542 1762 est.
563 1692 657 1762 Illius
670 1694 781 1760 satirae
796 1711 874 1760 sunt
888 1695 1026 1786 poeticae
1040 1695 1312 1787 pertractatioues
1325 1715 1402 1784 pro-

359 1805 533 1898 positionis
554 1801 812 1896 philosophicas,
831 1800 932 1895 hujus
953 1827 1032 1871 varo
1051 1802 1206 1871 thematis
1225 1801 1398 1882 rhetorici,

360 1914 466 1982 dootae
477 1912 614 2008 quidem
632 1931 667 1980 et
682 1913 850 1982 interdum
868 1917 1065 2008 iugeniosae,
1080 1935 1156 2007 quae
1169 1930 1281 1982 tamen
1294 1915 1401 2004 magis

361 2049 397 2093 se
417 2025 654 2093 commendant
674 2045 764 2104 arte,
780 2048 847 2119 qua
869 2025 999 2118 singula
1016 2041 1279 2120 pertractantur,
1298 2048 1400 2120 quam

362 2139 490 2228 poetica
513 2139 723 2217 inventione,
743 2161 811 2230 qua
833 2160 971 2231 prorsus
989 2153 1105 2205 oarent
1118 2135 1204 2219 illae,
1224 2133 1400 2230 inquibus

361 2248 452 2312 varia
468 2262 599 2314 tantum
618 2249 719 2314 unius
738 2246 914 2315 bominum
929 2249 1060 2340 generis
1074 2248 1153 2314 vitia
1166 2261 1399 2323 recensentur,

361 2381 393 2426 v.
409 2381 437 2425 o.
451 2355 631 2424 mulierum
645 2359 679 2425 in
694 2374 787 2426 sexta
800 2359 899 2425 satira
911 2356 1092 2425 Iuvenalis.

409 2471 448 2536 Iu
462 2470 704 2535 sententiarum
714 2490 804 2536 nexu
817 2491 997 2560 rerumque
1011 2467 1129 2535 ordine
1141 2484 1176 2534 et
1186 2463 1401 2535 oollooatione

363 2581 518 2647 Horatius
535 2603 604 2648 nou
618 2578 719 2648 modo
733 2576 984 2672 negligentiam,
1003 2603 1145 2674 eamque
1161 2581 1400 2672 gratissimam,

307 2685 315 2704 ⁶
362 2688 524 2771 ostendit,
542 2687 600 2758 sed
619 2715 785 2759 summurn
801 2713 936 2784 quoque
953 2707 1075 2772 artem,
1098 2715 1199 2786 quam
1217 2709 1328 2760 tamen
1350 2715 1402 2758 se-

362 2794 442 2865 dulo
454 2796 649 2866 dissimulat
660 2804 745 2868 Tam
757 2799 902 2867 naturali
916 2802 1006 2868 enim
1016 2819 1176 2894 arctoque
1186 2797 1321 2868 vinculo
1334 2823 1404 2866 om-

362 2908 418 2972 nia
430 2911 621 2990 consuicta,
634 2925 700 2975 tam
714 2908 852 2976 mirifice
865 2910 929 2977 alia
943 2935 984 2978 ex
993 2909 1066 2978 aliis
1077 2929 1156 3003 apta
1167 2929 1201 2982 et
1210 2933 1295 2978 nexa
1308 2928 1402 2992 suut,

364 3029 454 3082 tanta
477 3015 632 3085 facilitate
647 3020 751 3084 oratio
767 3021 871 3086 oumit
889 3044 929 3087 ac
951 3019 1041 3103 fluit,
1062 3039 1132 3089 tam
1153 3025 1233 3091 scite
1255 3036 1404 3089 axuema

363 3128 586 3217 cumprimis,
602 3143 636 3196 et
647 3144 757 3220 partes
768 3151 847 3196 oum
860 3147 931 3198 toto
944 3130 1127 3212 cohaerent,
1144 3149 1181 3199 ut
1195 3133 1265 3200 siue
1281 3131 1403 3223 insigni

364 3235 467 3302 totius
478 3234 604 3305 ordinis
618 3238 871 3331 perturbatione
885 3243 939 3310 vix
958 3239 1142 3336 quidquam
1158 3241 1212 3310 vel
1231 3245 1404 3335 transponi

364 3347 471 3436 possit
483 3345 536 3414 vel
547 3349 669 3430 omitti,
681 3365 786 3446 utque
796 3347 918 3419 dubius
930 3355 991 3435 sis,
1004 3369 1118 3420 utrum
1132 3353 1262 3446 singula
1273 3377 1352 3420 casu
1362 3377 1405 3420 ac

365 3473 483 3544 sponte
495 3459 562 3524 sint
577 3457 703 3541 oblata,
716 3459 770 3528 rel
781 3477 859 3528 nata
871 3479 1007 3555 repente
1020 3480 1055 3531 et
1065 3465 1136 3530 sine
1148 3463 1259 3532 studio
1271 3487 1310 3532 ac
1322 3487 1405 3532 cura

365 3567 449 3633 ceris
465 3569 636 3653 mandata,
649 3593 692 3640 an
706 3571 881 3664 diligenter
895 3591 973 3642 ante
988 3595 1128 3643 excussa
1144 3594 1177 3644 et
1195 3579 1332 3671 quaesita
1349 3575 1405 3643 vel

365 3678 603 3764 praemeditata.
627 3685 729 3750 Persii
754 3700 869 3752 contra
890 3687 1010 3768 oratio,
1030 3691 1157 3779 passim
1181 3711 1243 3756 nos
1262 3687 1405 3779 abrupto

365 3781 497 3855 dicendi
520 3815 659 3884 genere,
681 3794 863 3864 audacibus
881 3814 915 3864 et
932 3797 1072 3866 insolitis
1089 3799 1337 3868 transitionIbus
1357 3803 1405 3866 iu-

310 3909 313 3914 '
366 3898 642 3994 versionibusque
667 3901 760 3968 duris
788 3903 948 3985 offendit,
970 3923 1004 3972 et
1019 3928 1109 4000 sape
1127 3907 1171 3975 ad
1188 3908 1297 3976 aliena
1313 3908 1405 3976 dela-

366 4003 467 4073 bitur.
490 4011 661 4079 luvenalia
677 4011 824 4104 singulas
842 4014 978 4130 quidpm
994 4035 1104 4109 partes
1121 4021 1226 4110 magis
1243 4019 1413 4089 declama-v
