<?xml version="1.0" encoding="UTF-8"?>
<!DOCTYPE html PUBLIC "-//W3C//DTD XHTML 1.0 Transitional//EN"
    "http://www.w3.org/TR/xhtml1/DTD/xhtml1-transitional.dtd">
<html xmlns="http://www.w3.org/1999/xhtml" xml:lang="en" lang="en">
 <head>
  <title>
</title>
<meta http-equiv="Content-Type" content="text/html;charset=utf-8" />
  <meta name='ocr-system' content='tesseract 3.04.00' />
  <meta name='ocr-capabilities' content='ocr_page ocr_carea ocr_par ocr_line ocrx_word'/>
</head>
<body>
  <div class='ocr_page' id='page_1' title='image "./sexdecimsatir00lemagoog_0644.png"; bbox 0 0 3116 4934; ppageno 0'>
   <div class='ocr_carea' id='block_1_1' title="bbox 313 511 1431 2776">
    <p class='ocr_par' dir='ltr' id='par_1_1' title="bbox 313 511 1429 1010">
     <span class='ocr_line' id='line_1_1' title="bbox 313 511 1001 580; baseline 0.01 -8"><span class='ocrx_word' id='word_1_1' title='bbox 313 561 318 572; x_wconf 94' lang='lat'><em>.</em></span> <span class='ocrx_word' id='word_1_2' title='bbox 403 511 469 578; x_wconf 85' lang='lat'><strong>630</strong></span> <span class='ocrx_word' id='word_1_3' title='bbox 712 521 717 530; x_wconf 91' lang='lat'>&#39;</span> <span class='ocrx_word' id='word_1_4' title='bbox 849 515 1001 580; x_wconf 78' lang='lat' dir='ltr'>INDEX</span> 
     </span>
     <span class='ocr_line' id='line_1_2' title="bbox 398 635 1427 720; baseline 0.007 -24"><span class='ocrx_word' id='word_1_5' title='bbox 398 635 546 698; x_wconf 77' lang='lat' dir='ltr'><strong>quenalis</strong></span> <span class='ocrx_word' id='word_1_6' title='bbox 559 639 734 718; x_wconf 82' lang='lat' dir='ltr'><strong>Satyrorum</strong></span> <span class='ocrx_word' id='word_1_7' title='bbox 749 635 814 698; x_wconf 75' lang='lat' dir='ltr'><strong>libri</strong></span> <span class='ocrx_word' id='word_1_8' title='bbox 832 639 874 713; x_wconf 82' lang='lat' dir='ltr'><strong>V,</strong></span> <span class='ocrx_word' id='word_1_9' title='bbox 892 637 1030 720; x_wconf 72' lang='lat' dir='ltr'><strong>Sulpicia</strong></span> <span class='ocrx_word' id='word_1_10' title='bbox 1045 641 1151 720; x_wconf 81' lang='lat' dir='ltr'><strong>Satyro</strong></span> <span class='ocrx_word' id='word_1_11' title='bbox 1165 643 1197 714; x_wconf 89' lang='lat'><strong>1,</strong></span> <span class='ocrx_word' id='word_1_12' title='bbox 1219 661 1289 701; x_wconf 83' lang='lat' dir='ltr'><strong>cum</strong></span> <span class='ocrx_word' id='word_1_13' title='bbox 1309 642 1427 704; x_wconf 66' lang='lat' dir='ltr'><strong>aetolos</strong></span> 
     </span>
     <span class='ocr_line' id='line_1_3' title="bbox 399 730 1429 817; baseline 0.006 -23"><span class='ocrx_word' id='word_1_14' title='bbox 399 735 613 794; x_wconf 81' lang='lat' dir='ltr'><strong>commentariis</strong></span> <span class='ocrx_word' id='word_1_15' title='bbox 635 730 806 812; x_wconf 69' lang='lat' dir='ltr'><strong>(scholiis)</strong></span> <span class='ocrx_word' id='word_1_16' title='bbox 831 755 911 794; x_wconf 83' lang='lat' dir='ltr'><strong>nunc</strong></span> <span class='ocrx_word' id='word_1_17' title='bbox 937 737 1067 817; x_wconf 81' lang='lat' dir='ltr'><strong>primum</strong></span> <span class='ocrx_word' id='word_1_18' title='bbox 1090 733 1180 795; x_wconf 82' lang='lat' dir='ltr'><strong>editis.</strong></span> <span class='ocrx_word' id='word_1_19' title='bbox 1200 738 1252 796; x_wconf 79' lang='lat' dir='ltr'><strong>Ex</strong></span> <span class='ocrx_word' id='word_1_20' title='bbox 1279 734 1429 800; x_wconf 74' lang='lat' dir='ltr'><strong>otttiooea</strong></span> 
     </span>
     <span class='ocr_line' id='line_1_4' title="bbox 399 828 1427 920; baseline 0.006 -30"><span class='ocrx_word' id='word_1_21' title='bbox 399 833 435 890; x_wconf 88' lang='lat' dir='ltr'><strong>P.</strong></span> <span class='ocrx_word' id='word_1_22' title='bbox 447 829 553 892; x_wconf 75' lang='lat' dir='ltr'><strong>Pithoi</strong></span> <span class='ocrx_word' id='word_1_23' title='bbox 569 829 772 892; x_wconf 79' lang='lat' dir='ltr'><strong>Iurisconsulti</strong></span> <span class='ocrx_word' id='word_1_24' title='bbox 784 828 868 915; x_wconf 80' lang='lat' dir='ltr'><strong>eujus</strong></span> <span class='ocrx_word' id='word_1_25' title='bbox 887 833 974 892; x_wconf 59' lang='lat' dir='ltr'><strong>moos</strong></span> <span class='ocrx_word' id='word_1_26' title='bbox 992 831 1225 915; x_wconf 70' lang='lat' dir='ltr'><strong>Notoequosam</strong></span> <span class='ocrx_word' id='word_1_27' title='bbox 1239 833 1358 920; x_wconf 75' lang='lat' dir='ltr'><strong>udjeotu</strong></span> <span class='ocrx_word' id='word_1_28' title='bbox 1367 849 1427 896; x_wconf 80' lang='lat' dir='ltr'><strong>nort</strong></span> 
     </span>
     <span class='ocr_line' id='line_1_5' title="bbox 400 927 1144 1010; baseline 0 -22"><span class='ocrx_word' id='word_1_29' title='bbox 400 929 547 1003; x_wconf 66' lang='lat' dir='ltr'><strong>Lutetiae,</strong></span> <span class='ocrx_word' id='word_1_30' title='bbox 558 927 643 1010; x_wconf 82' lang='lat' dir='ltr'><strong>opud</strong></span> <span class='ocrx_word' id='word_1_31' title='bbox 654 929 835 988; x_wconf 75' lang='lat' dir='ltr'><strong>Mamertion</strong></span> <span class='ocrx_word' id='word_1_32' title='bbox 846 930 1050 1004; x_wconf 80' lang='lat' dir='ltr'><strong>Potissomtm,</strong></span> <span class='ocrx_word' id='word_1_33' title='bbox 1062 930 1144 990; x_wconf 62' lang='lat' dir='ltr'><strong>inat</strong></span> 
     </span>
    </p>

    <p class='ocr_par' dir='ltr' id='par_1_2' title="bbox 317 1025 1431 2776">
     <span class='ocr_line' id='line_1_6' title="bbox 442 1025 1429 1109; baseline 0.005 -23"><span class='ocrx_word' id='word_1_34' title='bbox 442 1025 548 1087; x_wconf 82' lang='lat' dir='ltr'><strong>Editio</strong></span> <span class='ocrx_word' id='word_1_35' title='bbox 569 1027 817 1109; x_wconf 69' lang='lat' dir='ltr'><strong>prestantissima</strong></span> <span class='ocrx_word' id='word_1_36' title='bbox 837 1040 866 1088; x_wconf 88' lang='lat' dir='ltr'><strong>et</strong></span> <span class='ocrx_word' id='word_1_37' title='bbox 888 1027 970 1087; x_wconf 83' lang='lat' dir='ltr'><strong>inter</strong></span> <span class='ocrx_word' id='word_1_38' title='bbox 991 1026 1255 1088; x_wconf 71' lang='lat' dir='ltr'><strong>emendatissimus</strong></span> <span class='ocrx_word' id='word_1_39' title='bbox 1277 1027 1429 1091; x_wconf 74' lang='lat' dir='ltr'><strong>referende</strong></span> 
     </span>
     <span class='ocr_line' id='line_1_7' title="bbox 400 1123 1431 1207; baseline 0.004 -23"><span class='ocrx_word' id='word_1_40' title='bbox 400 1125 506 1186; x_wconf 86' lang='lat' dir='ltr'><strong>Petrus</strong></span> <span class='ocrx_word' id='word_1_41' title='bbox 518 1123 671 1200; x_wconf 73' lang='lat' dir='ltr'><strong>Pithoeus,</strong></span> <span class='ocrx_word' id='word_1_42' title='bbox 688 1123 783 1184; x_wconf 73' lang='lat' dir='ltr'><strong>frater</strong></span> <span class='ocrx_word' id='word_1_43' title='bbox 793 1123 947 1185; x_wconf 80' lang='lat' dir='ltr'><strong>Francisci</strong></span> <span class='ocrx_word' id='word_1_44' title='bbox 962 1125 1034 1207; x_wconf 89' lang='lat' dir='ltr'><strong>(qui</strong></span> <span class='ocrx_word' id='word_1_45' title='bbox 1046 1123 1154 1186; x_wconf 81' lang='lat' dir='ltr'><strong>fratres</strong></span> <span class='ocrx_word' id='word_1_46' title='bbox 1168 1127 1286 1206; x_wconf 82' lang='lat' dir='ltr'>gemini</span> <span class='ocrx_word' id='word_1_47' title='bbox 1300 1127 1381 1190; x_wconf 75' lang='lat' dir='ltr'><strong>fitero</strong></span> <span class='ocrx_word' id='word_1_48' title='bbox 1393 1149 1431 1188; x_wconf 84' lang='lat' dir='ltr'><strong>cc·</strong></span> 
     </span>
     <span class='ocr_line' id='line_1_8' title="bbox 399 1219 1430 1304; baseline 0.009 -26"><span class='ocrx_word' id='word_1_49' title='bbox 399 1220 553 1282; x_wconf 83' lang='lat' dir='ltr'><strong>laberrimi</strong></span> <span class='ocrx_word' id='word_1_50' title='bbox 568 1221 651 1282; x_wconf 88' lang='lat' dir='ltr'><strong>illius</strong></span> <span class='ocrx_word' id='word_1_51' title='bbox 667 1222 763 1282; x_wconf 69' lang='lat' dir='ltr'><strong>aetatis</strong></span> <span class='ocrx_word' id='word_1_52' title='bbox 774 1219 992 1283; x_wconf 73' lang='lat' dir='ltr'><strong>iurisconsulti</strong></span> <span class='ocrx_word' id='word_1_53' title='bbox 1001 1222 1192 1304; x_wconf 70' lang='lat' dir='ltr'><strong>summisque</strong></span> <span class='ocrx_word' id='word_1_54' title='bbox 1202 1221 1374 1287; x_wconf 61' lang='lat' dir='ltr'><strong>Muuribns</strong></span> <span class='ocrx_word' id='word_1_55' title='bbox 1384 1227 1430 1287; x_wconf 72' lang='lat' dir='ltr'><strong>ta-</strong></span> 
     </span>
     <span class='ocr_line' id='line_1_9' title="bbox 400 1319 1431 1403; baseline 0.008 -27"><span class='ocrx_word' id='word_1_56' title='bbox 400 1319 479 1380; x_wconf 83' lang='lat' dir='ltr'><strong>risiis</strong></span> <span class='ocrx_word' id='word_1_57' title='bbox 492 1321 628 1398; x_wconf 84' lang='lat' dir='ltr'><strong>ornati),</strong></span> <span class='ocrx_word' id='word_1_58' title='bbox 645 1319 683 1381; x_wconf 91' lang='lat' dir='ltr'><strong>de</strong></span> <span class='ocrx_word' id='word_1_59' title='bbox 697 1332 843 1382; x_wconf 83' lang='lat' dir='ltr'><strong>contextu</strong></span> <span class='ocrx_word' id='word_1_60' title='bbox 860 1331 925 1380; x_wconf 86' lang='lat' dir='ltr'><strong>tum</strong></span> <span class='ocrx_word' id='word_1_61' title='bbox 943 1320 961 1379; x_wconf 92' lang='lat' dir='ltr'>J</span> <span class='ocrx_word' id='word_1_62' title='bbox 964 1319 1101 1381; x_wconf 83' lang='lat' dir='ltr'><strong>urenalis</strong></span> <span class='ocrx_word' id='word_1_63' title='bbox 1117 1341 1214 1403; x_wconf 84' lang='lat' dir='ltr'><strong>quam</strong></span> <span class='ocrx_word' id='word_1_64' title='bbox 1231 1323 1330 1384; x_wconf 76' lang='lat' dir='ltr'><strong>Penii</strong></span> <span class='ocrx_word' id='word_1_65' title='bbox 1346 1343 1431 1384; x_wconf 86' lang='lat' dir='ltr'><strong>emen·</strong></span> 
     </span>
     <span class='ocr_line' id='line_1_10' title="bbox 399 1414 1430 1500; baseline 0.006 -24"><span class='ocrx_word' id='word_1_66' title='bbox 399 1415 504 1476; x_wconf 87' lang='lat' dir='ltr'><strong>dando</strong></span> <span class='ocrx_word' id='word_1_67' title='bbox 518 1417 664 1500; x_wconf 70' lang='lat' dir='ltr'><strong>praeclare</strong></span> <span class='ocrx_word' id='word_1_68' title='bbox 678 1418 807 1478; x_wconf 79' lang='lat' dir='ltr'><strong>meritm</strong></span> <span class='ocrx_word' id='word_1_69' title='bbox 820 1429 882 1492; x_wconf 87' lang='lat' dir='ltr'><strong>est,</strong></span> <span class='ocrx_word' id='word_1_70' title='bbox 897 1414 1042 1478; x_wconf 85' lang='lat' dir='ltr'><strong>adhibitis</strong></span> <span class='ocrx_word' id='word_1_71' title='bbox 1061 1417 1094 1478; x_wconf 90' lang='lat' dir='ltr'><strong>in</strong></span> <span class='ocrx_word' id='word_1_72' title='bbox 1112 1418 1282 1483; x_wconf 85' lang='lat' dir='ltr'><strong>consilium</strong></span> <span class='ocrx_word' id='word_1_73' title='bbox 1295 1419 1430 1482; x_wconf 79' lang='lat' dir='ltr'><strong>codicibus</strong></span> 
     </span>
     <span class='ocr_line' id='line_1_11' title="bbox 399 1513 1430 1599; baseline 0.008 -27"><span class='ocrx_word' id='word_1_74' title='bbox 399 1513 518 1595; x_wconf 85' lang='lat' dir='ltr'><strong>scriptis</strong></span> <span class='ocrx_word' id='word_1_75' title='bbox 528 1527 560 1576; x_wconf 89' lang='lat' dir='ltr'><strong>et</strong></span> <span class='ocrx_word' id='word_1_76' title='bbox 569 1515 762 1597; x_wconf 86' lang='lat' dir='ltr'><strong>potissimum</strong></span> <span class='ocrx_word' id='word_1_77' title='bbox 777 1514 903 1597; x_wconf 86' lang='lat' dir='ltr'><strong>quidem</strong></span> <span class='ocrx_word' id='word_1_78' title='bbox 917 1516 1132 1596; x_wconf 84' lang='lat' dir='ltr'><strong>antiquissimo</strong></span> <span class='ocrx_word' id='word_1_79' title='bbox 1145 1516 1295 1592; x_wconf 87' lang='lat' dir='ltr'><strong>Budensi,</strong></span> <span class='ocrx_word' id='word_1_80' title='bbox 1308 1517 1430 1599; x_wconf 83' lang='lat' dir='ltr'><strong>quiolito</strong></span> 
     </span>
     <span class='ocr_line' id='line_1_12' title="bbox 398 1608 1430 1696; baseline 0.002 -26"><span class='ocrx_word' id='word_1_81' title='bbox 398 1609 538 1671; x_wconf 81' lang='lat' dir='ltr'><strong>Matthite</strong></span> <span class='ocrx_word' id='word_1_82' title='bbox 552 1613 686 1674; x_wconf 80' lang='lat' dir='ltr'><strong>Corvino</strong></span> <span class='ocrx_word' id='word_1_83' title='bbox 703 1612 769 1692; x_wconf 80' lang='lat' dir='ltr'><strong>regi</strong></span> <span class='ocrx_word' id='word_1_84' title='bbox 782 1614 888 1692; x_wconf 79' lang='lat' dir='ltr'><strong>Hung.</strong></span> <span class='ocrx_word' id='word_1_85' title='bbox 900 1608 1020 1686; x_wconf 80' lang='lat' dir='ltr'><strong>fuerat,</strong></span> <span class='ocrx_word' id='word_1_86' title='bbox 1031 1623 1063 1672; x_wconf 86' lang='lat' dir='ltr'><strong>et</strong></span> <span class='ocrx_word' id='word_1_87' title='bbox 1081 1633 1117 1672; x_wconf 85' lang='lat' dir='ltr'><strong>ex</strong></span> <span class='ocrx_word' id='word_1_88' title='bbox 1136 1631 1199 1692; x_wconf 94' lang='lat' dir='ltr'><strong>quo</strong></span> <span class='ocrx_word' id='word_1_89' title='bbox 1214 1613 1311 1672; x_wconf 81' lang='lat' dir='ltr'><strong>etium</strong></span> <span class='ocrx_word' id='word_1_90' title='bbox 1329 1613 1430 1696; x_wconf 73' lang='lat' dir='ltr'><strong>pimus</strong></span> 
     </span>
     <span class='ocr_line' id='line_1_13' title="bbox 398 1708 1430 1794; baseline 0.003 -25"><span class='ocrx_word' id='word_1_91' title='bbox 398 1711 516 1791; x_wconf 71' lang='lat' dir='ltr'><strong>integra</strong></span> <span class='ocrx_word' id='word_1_92' title='bbox 532 1708 629 1770; x_wconf 86' lang='lat' dir='ltr'><strong>edidit</strong></span> <span class='ocrx_word' id='word_1_93' title='bbox 647 1708 769 1772; x_wconf 76' lang='lat' dir='ltr'><strong>Scholia</strong></span> <span class='ocrx_word' id='word_1_94' title='bbox 779 1723 888 1785; x_wconf 79' lang='lat' dir='ltr'><strong>vetem,</strong></span> <span class='ocrx_word' id='word_1_95' title='bbox 910 1731 1044 1792; x_wconf 86' lang='lat' dir='ltr'><strong>qnorum</strong></span> <span class='ocrx_word' id='word_1_96' title='bbox 1057 1709 1223 1772; x_wconf 83' lang='lat' dir='ltr'><strong>dimidiam</strong></span> <span class='ocrx_word' id='word_1_97' title='bbox 1235 1725 1360 1774; x_wconf 83' lang='lat' dir='ltr'><strong>tantum</strong></span> <span class='ocrx_word' id='word_1_98' title='bbox 1374 1731 1430 1794; x_wconf 86' lang='lat' dir='ltr'><strong>por·</strong></span> 
     </span>
     <span class='ocr_line' id='line_1_14' title="bbox 399 1807 1430 1892; baseline 0 -24"><span class='ocrx_word' id='word_1_99' title='bbox 399 1821 478 1884; x_wconf 90' lang='lat' dir='ltr'><strong>tem,</strong></span> <span class='ocrx_word' id='word_1_100' title='bbox 492 1808 545 1869; x_wconf 87' lang='lat' dir='ltr'><strong>sed</strong></span> <span class='ocrx_word' id='word_1_101' title='bbox 557 1829 625 1870; x_wconf 85' lang='lat' dir='ltr'><strong>oon</strong></span> <span class='ocrx_word' id='word_1_102' title='bbox 638 1811 681 1870; x_wconf 88' lang='lat' dir='ltr'><strong>ita</strong></span> <span class='ocrx_word' id='word_1_103' title='bbox 691 1809 856 1891; x_wconf 79' lang='lat' dir='ltr'><strong>diligenter</strong></span> <span class='ocrx_word' id='word_1_104' title='bbox 868 1810 1048 1892; x_wconf 79' lang='lat' dir='ltr'><strong>exscriptum</strong></span> <span class='ocrx_word' id='word_1_105' title='bbox 1058 1853 1067 1883; x_wconf 93' lang='lat'>,</span> <span class='ocrx_word' id='word_1_106' title='bbox 1078 1809 1258 1892; x_wconf 65' lang='lat' dir='ltr'><strong>vulgaverat</strong></span> <span class='ocrx_word' id='word_1_107' title='bbox 1268 1810 1356 1872; x_wconf 78' lang='lat' dir='ltr'><strong>Valla</strong></span> <span class='ocrx_word' id='word_1_108' title='bbox 1365 1807 1430 1888; x_wconf 84' lang='lat' dir='ltr'><strong>(ride</strong></span> 
     </span>
     <span class='ocr_line' id='line_1_15' title="bbox 398 1905 1430 1988; baseline 0.004 -24"><span class='ocrx_word' id='word_1_109' title='bbox 398 1925 466 1986; x_wconf 80' lang='lat' dir='ltr'><strong>sup.</strong></span> <span class='ocrx_word' id='word_1_110' title='bbox 476 1907 515 1966; x_wconf 87' lang='lat' dir='ltr'><strong>ad</strong></span> <span class='ocrx_word' id='word_1_111' title='bbox 529 1907 602 1967; x_wconf 84' lang='lat' dir='ltr'><strong>edit.</strong></span> <span class='ocrx_word' id='word_1_112' title='bbox 617 1910 725 1969; x_wconf 87' lang='lat' dir='ltr'><strong>Venet.</strong></span> <span class='ocrx_word' id='word_1_113' title='bbox 733 1908 824 1984; x_wconf 86' lang='lat' dir='ltr'>VIII,</span> <span class='ocrx_word' id='word_1_114' title='bbox 840 1927 914 1968; x_wconf 85' lang='lat' dir='ltr'><strong>anu.</strong></span> <span class='ocrx_word' id='word_1_115' title='bbox 934 1905 1034 1987; x_wconf 67' lang='grc'>1486).</span> <span class='ocrx_word' id='word_1_116' title='bbox 1050 1905 1168 1968; x_wconf 74' lang='lat' dir='ltr'><strong>Scholia</strong></span> <span class='ocrx_word' id='word_1_117' title='bbox 1183 1906 1266 1983; x_wconf 84' lang='lat' dir='ltr'><strong>haec,</strong></span> <span class='ocrx_word' id='word_1_118' title='bbox 1280 1907 1386 1988; x_wconf 85' lang='lat' dir='ltr'><strong>quihus</strong></span> <span class='ocrx_word' id='word_1_119' title='bbox 1399 1907 1430 1968; x_wconf 84' lang='lat' dir='ltr'><strong>si·</strong></span> 
     </span>
     <span class='ocr_line' id='line_1_16' title="bbox 317 2002 1429 2088; baseline 0 -26"><span class='ocrx_word' id='word_1_120' title='bbox 317 2009 319 2016; x_wconf 80' lang='grc'>’</span> <span class='ocrx_word' id='word_1_121' title='bbox 398 2003 486 2064; x_wconf 79' lang='lat' dir='ltr'><strong>milia</strong></span> <span class='ocrx_word' id='word_1_122' title='bbox 499 2005 532 2063; x_wconf 88' lang='lat' dir='ltr'><strong>in</strong></span> <span class='ocrx_word' id='word_1_123' title='bbox 545 2005 652 2066; x_wconf 87' lang='lat' dir='ltr'><strong>multis</strong></span> <span class='ocrx_word' id='word_1_124' title='bbox 663 2004 913 2068; x_wconf 63' lang='lat' dir='ltr'><strong>mensenatis</strong></span> <span class='ocrx_word' id='word_1_125' title='bbox 928 2007 1136 2087; x_wconf 82' lang='lat' dir='ltr'><strong>reperiuntur,</strong></span> <span class='ocrx_word' id='word_1_126' title='bbox 1150 2017 1180 2066; x_wconf 90' lang='lat' dir='ltr'><strong>et</strong></span> <span class='ocrx_word' id='word_1_127' title='bbox 1193 2025 1268 2088; x_wconf 80' lang='lat' dir='ltr'><strong>qnoe</strong></span> <span class='ocrx_word' id='word_1_128' title='bbox 1279 2002 1429 2066; x_wconf 77' lang='lat' dir='ltr'><strong>admodum</strong></span> 
     </span>
     <span class='ocr_line' id='line_1_17' title="bbox 320 2101 1430 2188; baseline 0.002 -26"><span class='ocrx_word' id='word_1_129' title='bbox 320 2123 334 2136; x_wconf 84' lang='lat'><em>·</em></span> <span class='ocrx_word' id='word_1_130' title='bbox 398 2117 543 2184; x_wconf 73' lang='lat' dir='ltr'>corrupte</span> <span class='ocrx_word' id='word_1_131' title='bbox 560 2103 711 2188; x_wconf 85' lang='lat' dir='ltr'><strong>descripta</strong></span> <span class='ocrx_word' id='word_1_132' title='bbox 728 2115 802 2166; x_wconf 82' lang='lat' dir='ltr'><strong>sunt</strong></span> <span class='ocrx_word' id='word_1_133' title='bbox 817 2101 925 2183; x_wconf 87' lang='lat' dir='ltr'><strong>(uude</strong></span> <span class='ocrx_word' id='word_1_134' title='bbox 938 2104 1029 2166; x_wconf 81' lang='lat' dir='ltr'><strong>multi</strong></span> <span class='ocrx_word' id='word_1_135' title='bbox 1043 2105 1077 2166; x_wconf 90' lang='lat' dir='ltr'><strong>in</strong></span> <span class='ocrx_word' id='word_1_136' title='bbox 1093 2104 1130 2164; x_wconf 88' lang='lat' dir='ltr'><strong>iis</strong></span> <span class='ocrx_word' id='word_1_137' title='bbox 1146 2103 1349 2164; x_wconf 73' lang='lat' dir='ltr'><strong>emendandis</strong></span> <span class='ocrx_word' id='word_1_138' title='bbox 1362 2105 1430 2184; x_wconf 75' lang='lat' dir='ltr'><strong>ingo·</strong></span> 
     </span>
     <span class='ocr_line' id='line_1_18' title="bbox 399 2200 1429 2284; baseline -0.001 -26"><span class='ocrx_word' id='word_1_139' title='bbox 399 2202 488 2259; x_wconf 85' lang='lat' dir='ltr'><strong>nium</strong></span> <span class='ocrx_word' id='word_1_140' title='bbox 499 2219 673 2279; x_wconf 85' lang='lat' dir='ltr'><strong>exercuere,</strong></span> <span class='ocrx_word' id='word_1_141' title='bbox 686 2201 849 2284; x_wconf 87' lang='lat' dir='ltr'><strong>dequibus</strong></span> <span class='ocrx_word' id='word_1_142' title='bbox 864 2201 927 2262; x_wconf 79' lang='lat' dir='ltr'><strong>sid.</strong></span> <span class='ocrx_word' id='word_1_143' title='bbox 941 2201 1014 2262; x_wconf 84' lang='lat' dir='ltr'><strong>edit.</strong></span> <span class='ocrx_word' id='word_1_144' title='bbox 1020 2202 1167 2264; x_wconf 62' lang='lat' dir='ltr'><strong>nennio.</strong></span> <span class='ocrx_word' id='word_1_145' title='bbox 1180 2211 1210 2263; x_wconf 86' lang='lat' dir='ltr'><strong>et</strong></span> <span class='ocrx_word' id='word_1_146' title='bbox 1222 2200 1402 2280; x_wconf 65' lang='lat' dir='ltr'><strong>Aetam),</strong></span> <span class='ocrx_word' id='word_1_147' title='bbox 1415 2219 1429 2257; x_wconf 86' lang='lat' dir='ltr'><strong>a</strong></span> 
     </span>
     <span class='ocr_line' id='line_1_19' title="bbox 334 2297 1429 2380; baseline -0.002 -22"><span class='ocrx_word' id='word_1_148' title='bbox 334 2333 338 2336; x_wconf 97' lang='lat'>-</span> <span class='ocrx_word' id='word_1_149' title='bbox 399 2299 557 2360; x_wconf 86' lang='lat' dir='ltr'><strong>nonnullis</strong></span> <span class='ocrx_word' id='word_1_150' title='bbox 578 2301 762 2362; x_wconf 88' lang='lat' dir='ltr'><strong>tribuuntur</strong></span> <span class='ocrx_word' id='word_1_151' title='bbox 780 2303 937 2372; x_wconf 85' lang='lat' dir='ltr'><strong>Cornuto,</strong></span> <span class='ocrx_word' id='word_1_152' title='bbox 954 2301 993 2360; x_wconf 86' lang='lat' dir='ltr'><strong>ab</strong></span> <span class='ocrx_word' id='word_1_153' title='bbox 1008 2301 1074 2364; x_wconf 86' lang='lat' dir='ltr'><strong>aliis</strong></span> <span class='ocrx_word' id='word_1_154' title='bbox 1091 2299 1330 2380; x_wconf 16' lang='lat' dir='ltr'><strong>PetroABirthio,</strong></span> <span class='ocrx_word' id='word_1_155' title='bbox 1350 2319 1366 2358; x_wconf 89' lang='lat' dir='ltr'><strong>a</strong></span> <span class='ocrx_word' id='word_1_156' title='bbox 1381 2297 1429 2380; x_wconf 82' lang='lat' dir='ltr'><strong>ple</strong></span> 
     </span>
     <span class='ocr_line' id='line_1_20' title="bbox 398 2394 1429 2478; baseline 0 -24"><span class='ocrx_word' id='word_1_157' title='bbox 398 2394 501 2476; x_wconf 77' lang='lat' dir='ltr'><strong>risque</strong></span> <span class='ocrx_word' id='word_1_158' title='bbox 518 2395 629 2468; x_wconf 82' lang='lat' dir='ltr'><strong>Probo,</strong></span> <span class='ocrx_word' id='word_1_159' title='bbox 646 2397 708 2457; x_wconf 82' lang='lat' dir='ltr'><strong>sire</strong></span> <span class='ocrx_word' id='word_1_160' title='bbox 725 2396 850 2457; x_wconf 80' lang='lat' dir='ltr'><strong>Valerio</strong></span> <span class='ocrx_word' id='word_1_161' title='bbox 866 2395 983 2472; x_wconf 85' lang='lat' dir='ltr'><strong>Probo,</strong></span> <span class='ocrx_word' id='word_1_162' title='bbox 1001 2395 1211 2457; x_wconf 77' lang='lat' dir='ltr'><strong>Grammatico</strong></span> <span class='ocrx_word' id='word_1_163' title='bbox 1228 2396 1364 2478; x_wconf 72' lang='lat' dir='ltr'><strong>Berytio,</strong></span> <span class='ocrx_word' id='word_1_164' title='bbox 1380 2395 1429 2454; x_wconf 79' lang='lat' dir='ltr'><strong>site</strong></span> 
     </span>
     <span class='ocr_line' id='line_1_21' title="bbox 398 2489 1428 2576; baseline 0.004 -26"><span class='ocrx_word' id='word_1_165' title='bbox 398 2493 466 2554; x_wconf 83' lang='lat' dir='ltr'><strong>aliis</strong></span> <span class='ocrx_word' id='word_1_166' title='bbox 486 2489 580 2575; x_wconf 75' lang='lat' dir='ltr'><strong>hujus</strong></span> <span class='ocrx_word' id='word_1_167' title='bbox 597 2497 732 2556; x_wconf 87' lang='lat' dir='ltr'><strong>nominis</strong></span> <span class='ocrx_word' id='word_1_168' title='bbox 749 2497 957 2576; x_wconf 70' lang='lat' dir='ltr'><strong>grammaticis</strong></span> <span class='ocrx_word' id='word_1_169' title='bbox 972 2494 1028 2574; x_wconf 86' lang='lat' dir='ltr'><strong>(de</strong></span> <span class='ocrx_word' id='word_1_170' title='bbox 1045 2493 1094 2554; x_wconf 88' lang='lat' dir='ltr'><strong>his</strong></span> <span class='ocrx_word' id='word_1_171' title='bbox 1109 2493 1172 2554; x_wconf 80' lang='lat' dir='ltr'><strong>vid.</strong></span> <span class='ocrx_word' id='word_1_172' title='bbox 1188 2496 1295 2576; x_wconf 75' lang='lat' dir='ltr'><strong>Heyne</strong></span> <span class='ocrx_word' id='word_1_173' title='bbox 1312 2493 1348 2554; x_wconf 86' lang='lat' dir='ltr'><strong>de</strong></span> <span class='ocrx_word' id='word_1_174' title='bbox 1361 2491 1428 2553; x_wconf 82' lang='lat' dir='ltr'><strong>editt·</strong></span> 
     </span>
     <span class='ocr_line' id='line_1_22' title="bbox 326 2589 1427 2676; baseline -0.002 -26"><span class='ocrx_word' id='word_1_175' title='bbox 326 2669 329 2676; x_wconf 67' lang='lat'>,</span> <span class='ocrx_word' id='word_1_176' title='bbox 398 2592 485 2673; x_wconf 77' lang='lat' dir='ltr'><strong>Virg.</strong></span> <span class='ocrx_word' id='word_1_177' title='bbox 505 2605 527 2654; x_wconf 89' lang='lat' dir='ltr'><strong>t.</strong></span> <span class='ocrx_word' id='word_1_178' title='bbox 546 2595 580 2670; x_wconf 92' lang='lat' dir='ltr'><strong>l,</strong></span> <span class='ocrx_word' id='word_1_179' title='bbox 604 2614 634 2676; x_wconf 89' lang='lat' dir='ltr'><strong>p.</strong></span> <span class='ocrx_word' id='word_1_180' title='bbox 659 2595 827 2669; x_wconf 82' lang='lat' dir='ltr'>CXLVIII,</span> <span class='ocrx_word' id='word_1_181' title='bbox 841 2593 888 2653; x_wconf 88' lang='lat' dir='ltr'><strong>ed.</strong></span> <span class='ocrx_word' id='word_1_182' title='bbox 911 2613 967 2654; x_wconf 85' lang='lat' dir='ltr'><strong>sac.</strong></span> <span class='ocrx_word' id='word_1_183' title='bbox 982 2605 1012 2653; x_wconf 85' lang='lat' dir='ltr'><strong>et</strong></span> <span class='ocrx_word' id='word_1_184' title='bbox 1034 2593 1138 2652; x_wconf 77' lang='lat' dir='ltr'><strong>Burni.</strong></span> <span class='ocrx_word' id='word_1_185' title='bbox 1161 2591 1200 2654; x_wconf 84' lang='lat' dir='ltr'><strong>ad</strong></span> <span class='ocrx_word' id='word_1_186' title='bbox 1222 2591 1348 2654; x_wconf 78' lang='lat' dir='ltr'><strong>Anthol.</strong></span> <span class='ocrx_word' id='word_1_187' title='bbox 1365 2603 1386 2650; x_wconf 78' lang='lat' dir='ltr'><strong>t.</strong></span> <span class='ocrx_word' id='word_1_188' title='bbox 1402 2589 1427 2660; x_wconf 90' lang='lat' dir='ltr'><strong>I,</strong></span> 
     </span>
     <span class='ocr_line' id='line_1_23' title="bbox 400 2689 1428 2776; baseline -0.008 -20"><span class='ocrx_word' id='word_1_189' title='bbox 400 2716 430 2775; x_wconf 87' lang='lat' dir='ltr'><strong>p.</strong></span> <span class='ocrx_word' id='word_1_190' title='bbox 453 2695 528 2775; x_wconf 79' lang='lat'>739,</span> <span class='ocrx_word' id='word_1_191' title='bbox 547 2709 577 2755; x_wconf 88' lang='lat' dir='ltr'><strong>et</strong></span> <span class='ocrx_word' id='word_1_192' title='bbox 597 2697 631 2754; x_wconf 88' lang='lat' dir='ltr'><strong>io</strong></span> <span class='ocrx_word' id='word_1_193' title='bbox 654 2694 746 2756; x_wconf 71' lang='lat' dir='ltr'><strong>Praei.</strong></span> <span class='ocrx_word' id='word_1_194' title='bbox 771 2704 801 2776; x_wconf 83' lang='lat' dir='ltr'><strong>p.</strong></span> <span class='ocrx_word' id='word_1_195' title='bbox 824 2695 898 2772; x_wconf 80' lang='lat'><strong>35):</strong></span> <span class='ocrx_word' id='word_1_196' title='bbox 923 2693 973 2754; x_wconf 88' lang='lat' dir='ltr'><strong>sed</strong></span> <span class='ocrx_word' id='word_1_197' title='bbox 998 2691 1198 2776; x_wconf 73' lang='lat' dir='ltr'><strong>probabilior</strong></span> <span class='ocrx_word' id='word_1_198' title='bbox 1212 2707 1255 2755; x_wconf 86' lang='lat' dir='ltr'><strong>est</strong></span> <span class='ocrx_word' id='word_1_199' title='bbox 1276 2689 1428 2773; x_wconf 82' lang='lat' dir='ltr'><strong>conjectura</strong></span> 
     </span>
    </p>
   </div>
   <div class='ocr_carea' id='block_1_2' title="bbox 397 2787 1428 3454">
    <p class='ocr_par' dir='ltr' id='par_1_3' title="bbox 397 2787 1428 3454">
     <span class='ocr_line' id='line_1_24' title="bbox 398 2787 1426 2878; baseline -0.006 -28"><span class='ocrx_word' id='word_1_200' title='bbox 398 2809 522 2864; x_wconf 84' lang='lat' dir='ltr'><strong>eorum,</strong></span> <span class='ocrx_word' id='word_1_201' title='bbox 542 2793 596 2878; x_wconf 84' lang='lat' dir='ltr'><strong>qui</strong></span> <span class='ocrx_word' id='word_1_202' title='bbox 617 2803 744 2873; x_wconf 81' lang='lat' dir='ltr'><strong>putant,</strong></span> <span class='ocrx_word' id='word_1_203' title='bbox 761 2805 922 2851; x_wconf 82' lang='lat' dir='ltr'><strong>centonem</strong></span> <span class='ocrx_word' id='word_1_204' title='bbox 935 2788 1021 2850; x_wconf 86' lang='lat' dir='ltr'><strong>hunc</strong></span> <span class='ocrx_word' id='word_1_205' title='bbox 1032 2809 1125 2851; x_wconf 83' lang='lat' dir='ltr'><strong>essee</strong></span> <span class='ocrx_word' id='word_1_206' title='bbox 1141 2791 1234 2850; x_wconf 77' lang='lat' dir='ltr'><strong>variis</strong></span> <span class='ocrx_word' id='word_1_207' title='bbox 1251 2805 1284 2850; x_wconf 85' lang='lat' dir='ltr'><strong>et</strong></span> <span class='ocrx_word' id='word_1_208' title='bbox 1302 2811 1318 2849; x_wconf 84' lang='lat' dir='ltr'><strong>a</strong></span> <span class='ocrx_word' id='word_1_209' title='bbox 1339 2787 1426 2856; x_wconf 78' lang='lat' dir='ltr'><strong>raris,</strong></span> 
     </span>
     <span class='ocr_line' id='line_1_25' title="bbox 398 2883 1428 2969; baseline 0 -23"><span class='ocrx_word' id='word_1_210' title='bbox 398 2887 464 2946; x_wconf 89' lang='lat' dir='ltr'><strong>sine</strong></span> <span class='ocrx_word' id='word_1_211' title='bbox 476 2885 610 2964; x_wconf 88' lang='lat' dir='ltr'><strong>delectu,</strong></span> <span class='ocrx_word' id='word_1_212' title='bbox 623 2883 806 2962; x_wconf 77' lang='lat' dir='ltr'><strong>consutum,</strong></span> <span class='ocrx_word' id='word_1_213' title='bbox 818 2900 848 2946; x_wconf 89' lang='lat' dir='ltr'><strong>et</strong></span> <span class='ocrx_word' id='word_1_214' title='bbox 863 2887 959 2946; x_wconf 84' lang='lat' dir='ltr'><strong>multa</strong></span> <span class='ocrx_word' id='word_1_215' title='bbox 971 2907 1077 2969; x_wconf 79' lang='lat' dir='ltr'><strong>sapere</strong></span> <span class='ocrx_word' id='word_1_216' title='bbox 1086 2907 1188 2948; x_wconf 68' lang='lat' dir='ltr'><strong>estun</strong></span> <span class='ocrx_word' id='word_1_217' title='bbox 1198 2888 1298 2948; x_wconf 77' lang='lat' dir='ltr'><strong>serius</strong></span> <span class='ocrx_word' id='word_1_218' title='bbox 1310 2903 1339 2947; x_wconf 88' lang='lat' dir='ltr'><strong>et</strong></span> <span class='ocrx_word' id='word_1_219' title='bbox 1348 2885 1428 2964; x_wconf 69' lang='lat' dir='ltr'><strong>lupe</strong></span> 
     </span>
     <span class='ocr_line' id='line_1_26' title="bbox 399 2982 1426 3066; baseline -0.003 -25"><span class='ocrx_word' id='word_1_220' title='bbox 399 2995 537 3044; x_wconf 88' lang='lat' dir='ltr'><strong>ratorum</strong></span> <span class='ocrx_word' id='word_1_221' title='bbox 549 2982 792 3043; x_wconf 85' lang='lat' dir='ltr'><strong>Christianorum</strong></span> <span class='ocrx_word' id='word_1_222' title='bbox 801 2985 845 3063; x_wconf 80' lang='lat' dir='ltr'><strong>(v.</strong></span> <span class='ocrx_word' id='word_1_223' title='bbox 857 3004 884 3042; x_wconf 90' lang='lat' dir='ltr'><strong>c.</strong></span> <span class='ocrx_word' id='word_1_224' title='bbox 896 2983 1012 3045; x_wconf 85' lang='lat' dir='ltr'><strong>scholia</strong></span> <span class='ocrx_word' id='word_1_225' title='bbox 1023 2983 1060 3044; x_wconf 84' lang='lat' dir='ltr'><strong>ad</strong></span> <span class='ocrx_word' id='word_1_226' title='bbox 1076 2987 1137 3045; x_wconf 79' lang='lat' dir='ltr'><strong>Sat.</strong></span> <span class='ocrx_word' id='word_1_227' title='bbox 1150 2985 1187 3060; x_wconf 88' lang='lat' dir='ltr'><strong>V,</strong></span> <span class='ocrx_word' id='word_1_228' title='bbox 1199 3004 1250 3066; x_wconf 78' lang='lat'><strong>¹7³</strong></span> <span class='ocrx_word' id='word_1_229' title='bbox 1263 2984 1352 3059; x_wconf 85' lang='lat' dir='ltr'>VIII,</span> <span class='ocrx_word' id='word_1_230' title='bbox 1371 2997 1426 3061; x_wconf 87' lang='lat' dir='ltr'><strong>r7o;</strong></span> 
     </span>
     <span class='ocr_line' id='line_1_27' title="bbox 397 3079 1427 3162; baseline 0 -24"><span class='ocrx_word' id='word_1_231' title='bbox 397 3080 455 3154; x_wconf 85' lang='lat' dir='ltr'><strong>xl,</strong></span> <span class='ocrx_word' id='word_1_232' title='bbox 470 3079 527 3161; x_wconf 82' lang='lat'><strong>87;</strong></span> <span class='ocrx_word' id='word_1_233' title='bbox 540 3079 627 3154; x_wconf 87' lang='lat' dir='ltr'>XIV,</span> <span class='ocrx_word' id='word_1_234' title='bbox 640 3081 695 3160; x_wconf 81' lang='lat'><strong>78,</strong></span> <span class='ocrx_word' id='word_1_235' title='bbox 710 3087 798 3158; x_wconf 80' lang='lat' dir='ltr'><strong>tou),</strong></span> <span class='ocrx_word' id='word_1_236' title='bbox 812 3079 965 3140; x_wconf 87' lang='lat' dir='ltr'><strong>nonnulla</strong></span> <span class='ocrx_word' id='word_1_237' title='bbox 978 3081 1070 3140; x_wconf 83' lang='lat' dir='ltr'><strong>etiam</strong></span> <span class='ocrx_word' id='word_1_238' title='bbox 1083 3079 1140 3140; x_wconf 78' lang='lat' dir='ltr'><strong>stoi</strong></span> <span class='ocrx_word' id='word_1_239' title='bbox 1155 3101 1337 3162; x_wconf 74' lang='lat' dir='ltr'><strong>repugnare.</strong></span> <span class='ocrx_word' id='word_1_240' title='bbox 1348 3079 1427 3138; x_wconf 77' lang='lat' dir='ltr'><strong>Gete-</strong></span> 
     </span>
     <span class='ocr_line' id='line_1_28' title="bbox 398 3176 1426 3252; baseline -0.002 -15"><span class='ocrx_word' id='word_1_241' title='bbox 398 3199 469 3240; x_wconf 85' lang='lat' dir='ltr'><strong>rum</strong></span> <span class='ocrx_word' id='word_1_242' title='bbox 485 3197 550 3238; x_wconf 87' lang='lat' dir='ltr'><strong>non</strong></span> <span class='ocrx_word' id='word_1_243' title='bbox 568 3177 719 3252; x_wconf 85' lang='lat' dir='ltr'><strong>diffiteor,</strong></span> <span class='ocrx_word' id='word_1_244' title='bbox 738 3176 926 3238; x_wconf 85' lang='lat' dir='ltr'><strong>Scholiasten</strong></span> <span class='ocrx_word' id='word_1_245' title='bbox 946 3177 1147 3238; x_wconf 79' lang='lat' dir='ltr'><strong>Pithoeaunm</strong></span> <span class='ocrx_word' id='word_1_246' title='bbox 1171 3177 1265 3240; x_wconf 83' lang='lat' dir='ltr'><strong>fuisse</strong></span> <span class='ocrx_word' id='word_1_247' title='bbox 1290 3177 1426 3238; x_wconf 80' lang='lat' dir='ltr'><strong>homiuem</strong></span> 
     </span>
     <span class='ocr_line' id='line_1_29' title="bbox 397 3275 1428 3358; baseline 0.002 -24"><span class='ocrx_word' id='word_1_248' title='bbox 397 3275 541 3350; x_wconf 64' lang='lat' dir='ltr'><strong>domum,</strong></span> <span class='ocrx_word' id='word_1_249' title='bbox 553 3276 606 3357; x_wconf 92' lang='lat' dir='ltr'><strong>qui</strong></span> <span class='ocrx_word' id='word_1_250' title='bbox 619 3289 648 3336; x_wconf 90' lang='lat' dir='ltr'><strong>et</strong></span> <span class='ocrx_word' id='word_1_251' title='bbox 660 3289 756 3358; x_wconf 78' lang='lat' dir='ltr'><strong>poetas</strong></span> <span class='ocrx_word' id='word_1_252' title='bbox 766 3277 878 3357; x_wconf 85' lang='lat' dir='ltr'><strong>passim</strong></span> <span class='ocrx_word' id='word_1_253' title='bbox 891 3290 1026 3335; x_wconf 88' lang='lat' dir='ltr'><strong>mentem</strong></span> <span class='ocrx_word' id='word_1_254' title='bbox 1036 3289 1117 3336; x_wconf 84' lang='lat' dir='ltr'><strong>recte</strong></span> <span class='ocrx_word' id='word_1_255' title='bbox 1129 3277 1242 3358; x_wconf 79' lang='lat' dir='ltr'><strong>ceperit</strong></span> <span class='ocrx_word' id='word_1_256' title='bbox 1251 3277 1428 3353; x_wconf 74' lang='lat' dir='ltr'><strong>multumque</strong></span> 
     </span>
     <span class='ocr_line' id='line_1_30' title="bbox 398 3367 1427 3454; baseline 0.001 -23"><span class='ocrx_word' id='word_1_257' title='bbox 398 3372 474 3434; x_wconf 88' lang='lat' dir='ltr'><strong>lucis</strong></span> <span class='ocrx_word' id='word_1_258' title='bbox 488 3372 637 3434; x_wconf 80' lang='lat' dir='ltr'><strong>effuderit</strong></span> <span class='ocrx_word' id='word_1_259' title='bbox 654 3373 727 3434; x_wconf 84' lang='lat' dir='ltr'><strong>locis</strong></span> <span class='ocrx_word' id='word_1_260' title='bbox 743 3373 862 3454; x_wconf 84' lang='lat' dir='ltr'><strong>aliquot</strong></span> <span class='ocrx_word' id='word_1_261' title='bbox 882 3372 1034 3448; x_wconf 82' lang='lat' dir='ltr'><strong>obscuris,</strong></span> <span class='ocrx_word' id='word_1_262' title='bbox 1055 3387 1087 3433; x_wconf 89' lang='lat' dir='ltr'><strong>et</strong></span> <span class='ocrx_word' id='word_1_263' title='bbox 1110 3373 1211 3434; x_wconf 84' lang='lat' dir='ltr'><strong>varias</strong></span> <span class='ocrx_word' id='word_1_264' title='bbox 1232 3367 1427 3434; x_wconf 74' lang='lat' dir='ltr'><strong>memor-avait</strong></span> 
     </span>
    </p>
   </div>
   <div class='ocr_carea' id='block_1_3' title="bbox 395 3467 1462 4238">
    <p class='ocr_par' dir='ltr' id='par_1_4' title="bbox 395 3467 1462 4238">
     <span class='ocr_line' id='line_1_31' title="bbox 398 3467 1426 3555; baseline -0.003 -26"><span class='ocrx_word' id='word_1_265' title='bbox 398 3469 535 3547; x_wconf 84' lang='lat' dir='ltr'><strong>fabulas,</strong></span> <span class='ocrx_word' id='word_1_266' title='bbox 554 3470 694 3532; x_wconf 82' lang='lat' dir='ltr'><strong>historias</strong></span> <span class='ocrx_word' id='word_1_267' title='bbox 709 3485 800 3554; x_wconf 88' lang='lat' dir='ltr'><strong>atque</strong></span> <span class='ocrx_word' id='word_1_268' title='bbox 813 3472 973 3555; x_wconf 75' lang='lat' dir='ltr'><strong>opiniones</strong></span> <span class='ocrx_word' id='word_1_269' title='bbox 988 3472 1146 3553; x_wconf 79' lang='lat' dir='ltr'><strong>antiquas,</strong></span> <span class='ocrx_word' id='word_1_270' title='bbox 1163 3489 1234 3552; x_wconf 81' lang='lat' dir='ltr'><strong>quae</strong></span> <span class='ocrx_word' id='word_1_271' title='bbox 1245 3471 1321 3531; x_wconf 84' lang='lat' dir='ltr'><strong>alibi</strong></span> <span class='ocrx_word' id='word_1_272' title='bbox 1332 3467 1426 3528; x_wconf 73' lang='lat' dir='ltr'><strong>trum</strong></span> 
     </span>
     <span class='ocr_line' id='line_1_32' title="bbox 398 3565 1425 3652; baseline 0.004 -23"><span class='ocrx_word' id='word_1_273' title='bbox 398 3581 587 3651; x_wconf 78' lang='lat' dir='ltr'><strong>queruntur.</strong></span> <span class='ocrx_word' id='word_1_274' title='bbox 602 3570 658 3630; x_wconf 86' lang='lat' dir='ltr'><strong>Sed</strong></span> <span class='ocrx_word' id='word_1_275' title='bbox 674 3569 756 3630; x_wconf 84' lang='lat' dir='ltr'><strong>idern</strong></span> <span class='ocrx_word' id='word_1_276' title='bbox 775 3587 899 3652; x_wconf 81' lang='lat' dir='ltr'><strong>quoqne</strong></span> <span class='ocrx_word' id='word_1_277' title='bbox 920 3579 1000 3629; x_wconf 86' lang='lat' dir='ltr'><strong>recte</strong></span> <span class='ocrx_word' id='word_1_278' title='bbox 1019 3567 1097 3628; x_wconf 82' lang='lat' dir='ltr'><strong>mihi</strong></span> <span class='ocrx_word' id='word_1_279' title='bbox 1111 3568 1300 3630; x_wconf 79' lang='lat' dir='ltr'><strong>contendere</strong></span> <span class='ocrx_word' id='word_1_280' title='bbox 1319 3565 1425 3642; x_wconf 72' lang='lat' dir='ltr'><strong>videor,</strong></span> 
     </span>
     <span class='ocr_line' id='line_1_33' title="bbox 397 3660 1426 3750; baseline -0.003 -24"><span class='ocrx_word' id='word_1_281' title='bbox 397 3667 635 3750; x_wconf 74' lang='lat' dir='ltr'><strong>pslmnmlonge</strong></span> <span class='ocrx_word' id='word_1_282' title='bbox 645 3666 1091 3750; x_wconf 64' lang='lat' dir='ltr'><strong>phmmusejusesplioatiostes</strong></span> <span class='ocrx_word' id='word_1_283' title='bbox 1100 3660 1426 3728; x_wconf 74' lang='lat' dir='ltr'><strong>nimislesesncnitia·</strong></span> 
     </span>
     <span class='ocr_line' id='line_1_34' title="bbox 396 3763 1425 3849; baseline 0 -23"><span class='ocrx_word' id='word_1_284' title='bbox 396 3765 457 3840; x_wconf 85' lang='lat' dir='ltr'><strong>les,</strong></span> <span class='ocrx_word' id='word_1_285' title='bbox 472 3776 577 3826; x_wconf 90' lang='lat' dir='ltr'><strong>tenues</strong></span> <span class='ocrx_word' id='word_1_286' title='bbox 591 3779 621 3826; x_wconf 88' lang='lat' dir='ltr'><strong>et</strong></span> <span class='ocrx_word' id='word_1_287' title='bbox 629 3765 766 3849; x_wconf 82' lang='lat' dir='ltr'><strong>jejunas,</strong></span> <span class='ocrx_word' id='word_1_288' title='bbox 785 3764 909 3825; x_wconf 85' lang='lat' dir='ltr'><strong>subtiles</strong></span> <span class='ocrx_word' id='word_1_289' title='bbox 924 3777 953 3824; x_wconf 86' lang='lat' dir='ltr'><strong>et</strong></span> <span class='ocrx_word' id='word_1_290' title='bbox 970 3776 1110 3844; x_wconf 79' lang='lat' dir='ltr'><strong>argutas,</strong></span> <span class='ocrx_word' id='word_1_291' title='bbox 1132 3765 1247 3824; x_wconf 88' lang='lat' dir='ltr'><strong>alienas</strong></span> <span class='ocrx_word' id='word_1_292' title='bbox 1261 3780 1292 3824; x_wconf 87' lang='lat' dir='ltr'><strong>et</strong></span> <span class='ocrx_word' id='word_1_293' title='bbox 1307 3763 1425 3841; x_wconf 72' lang='lat' dir='ltr'><strong>ineptas,</strong></span> 
     </span>
     <span class='ocr_line' id='line_1_35' title="bbox 397 3851 1425 3944; baseline -0.01 -18"><span class='ocrx_word' id='word_1_294' title='bbox 397 3861 539 3926; x_wconf 81' lang='lat' dir='ltr'><strong>obscuros</strong></span> <span class='ocrx_word' id='word_1_295' title='bbox 555 3875 587 3924; x_wconf 89' lang='lat' dir='ltr'><strong>et</strong></span> <span class='ocrx_word' id='word_1_296' title='bbox 599 3875 751 3924; x_wconf 82' lang='lat' dir='ltr'><strong>contortas</strong></span> <span class='ocrx_word' id='word_1_297' title='bbox 776 3878 855 3930; x_wconf 68' lang='lat' dir='ltr'><strong>estes</strong></span> <span class='ocrx_word' id='word_1_298' title='bbox 874 3859 1002 3937; x_wconf 78' lang='lat' dir='ltr'><strong>deinde,</strong></span> <span class='ocrx_word' id='word_1_299' title='bbox 1020 3861 1137 3944; x_wconf 84' lang='lat' dir='ltr'><strong>quoties</strong></span> <span class='ocrx_word' id='word_1_300' title='bbox 1148 3858 1213 3922; x_wconf 81' lang='lat' dir='ltr'><strong>iere</strong></span> <span class='ocrx_word' id='word_1_301' title='bbox 1229 3857 1379 3922; x_wconf 80' lang='lat' dir='ltr'><strong>Iuvenalis</strong></span> <span class='ocrx_word' id='word_1_302' title='bbox 1394 3851 1425 3912; x_wconf 83' lang='lat' dir='ltr'><strong>sd</strong></span> 
     </span>
     <span class='ocr_line' id='line_1_36' title="bbox 397 3945 1426 4040; baseline -0.012 -20"><span class='ocrx_word' id='word_1_303' title='bbox 397 3957 827 4040; x_wconf 69' lang='lat' dir='ltr'><strong>ignotosnobishomineovet</strong></span> <span class='ocrx_word' id='word_1_304' title='bbox 835 3945 1426 4040; x_wconf 76' lang='lat' dir='ltr'><strong>orentussuitcmporiseespicistetiude</strong></span> 
     </span>
     <span class='ocr_line' id='line_1_37' title="bbox 396 4045 1462 4139; baseline -0.011 -24"><span class='ocrx_word' id='word_1_305' title='bbox 396 4057 557 4118; x_wconf 83' lang='lat' dir='ltr'><strong>materiam</strong></span> <span class='ocrx_word' id='word_1_306' title='bbox 577 4066 660 4137; x_wconf 82' lang='lat' dir='ltr'><strong>petat</strong></span> <span class='ocrx_word' id='word_1_307' title='bbox 681 4055 887 4132; x_wconf 64' lang='lat' dir='ltr'><strong>taeniarum,</strong></span> <span class='ocrx_word' id='word_1_308' title='bbox 907 4055 1018 4132; x_wconf 86' lang='lat' dir='ltr'><strong>illum,</strong></span> <span class='ocrx_word' id='word_1_309' title='bbox 1045 4045 1424 4139; x_wconf 65' lang='lat' dir='ltr'><strong>doronls‚.Porphyrionis</strong></span> <span class='ocrx_word' id='word_1_310' title='bbox 1460 4075 1462 4078; x_wconf 95' lang='lat'>·</span> 
     </span>
     <span class='ocr_line' id='line_1_38' title="bbox 395 4143 1436 4238; baseline -0.006 -27"><span class='ocrx_word' id='word_1_311' title='bbox 395 4151 591 4235; x_wconf 85' lang='lat' dir='ltr'><strong>aliorumque</strong></span> <span class='ocrx_word' id='word_1_312' title='bbox 602 4157 875 4234; x_wconf 76' lang='lat' dir='ltr'><strong>grammaticorum</strong></span> <span class='ocrx_word' id='word_1_313' title='bbox 896 4153 1052 4238; x_wconf 85' lang='lat' dir='ltr'><strong>exemplo,</strong></span> <span class='ocrx_word' id='word_1_314' title='bbox 1069 4153 1208 4214; x_wconf 84' lang='lat' dir='ltr'><strong>nonalia</strong></span> <span class='ocrx_word' id='word_1_315' title='bbox 1227 4173 1262 4213; x_wconf 87' lang='lat' dir='ltr'><strong>ac</strong></span> <span class='ocrx_word' id='word_1_316' title='bbox 1278 4152 1360 4236; x_wconf 89' lang='lat' dir='ltr'><strong>plura</strong></span> <span class='ocrx_word' id='word_1_317' title='bbox 1377 4143 1436 4206; x_wconf 78' lang='lat' dir='ltr'><strong>not¹</strong></span> 
     </span>
    </p>
   </div>
   <div class='ocr_carea' id='block_1_4' title="bbox 0 0 1562 4934">
    <p class='ocr_par' dir='ltr' id='par_1_5' title="bbox 0 0 1562 4934">
     <span class='ocr_line' id='line_1_39' title="bbox 0 0 1562 4934; baseline 0 0"><span class='ocrx_word' id='word_1_318' title='bbox 0 0 1562 4934; x_wconf 95' lang='lat' dir='ltr'><strong> </strong></span> 
     </span>
    </p>
   </div>
  </div>
 </body>
</html>
