3148 4950
347 422 414 488 520
708 421 770 484 DE
793 419 1029 486 SATlRlClS

352 553 421 615 «Ut
443 544 509 614 hoc
531 545 690 614 affirmari
718 547 772 612 vix
796 561 867 614 tuto
889 544 987 632 licet,
1017 569 1125 640 quum
1152 545 1267 638 plures
1291 545 1399 614 Rufos

347 661 381 725 in
413 656 562 751 epistolis
593 673 758 725 memoret
788 655 936 740 Plinius,
966 660 1012 724 ita
1033 675 1068 726 et
1098 654 1183 726 illud
1209 655 1308 724 valde
1332 655 1398 724 du·

345 767 457 853 bium,
477 792 521 835 an
534 769 705 836 Satiricam
723 765 797 834 Rufi
818 768 935 860 poesin
951 765 1113 836 Martialis
1128 765 1267 835 laudare
1281 765 1399 834 volue-

345 880 399 946 rit.
427 881 512 946 Nam
532 901 640 973 quum
664 876 707 944 de
732 879 876 969 imagine
905 877 1046 946 Socratis
1070 899 1181 945 sermo
1205 878 1268 956 sit,
1294 899 1399 971 quem

346 989 432 1055 simo
449 987 544 1055 vultu
560 1003 595 1055 et
614 984 732 1054 Silonis
755 985 863 1054 simile
886 983 989 1054 fuisse
1010 1008 1153 1077 gemmae
1169 985 1318 1080 autiquae
1340 984 1398 1053 do-

346 1112 439 1180 cent,
457 1112 570 1189 potest
585 1094 658 1164 hoec
672 1117 746 1162 esse
764 1097 930 1162 sententia
948 1091 1126 1175 Martialis,
1145 1111 1184 1162 ut
1203 1092 1306 1178 dimt,
1321 1092 1397 1162 vul·

347 1224 417 1275 tum
439 1208 644 1277 Socraticum
656 1204 732 1273 Rufi
747 1207 844 1300 quasi
857 1207 945 1274 inter
963 1207 1097 1300 Satyros
1110 1204 1229 1289 firisse,
1245 1221 1396 1276 autenm

346 1318 480 1385 irrisum
493 1339 512 1383 a
525 1317 669 1386 Sotiricis
680 1317 823 1408 poetis.»

394 1432 535 1494 Annuus
549 1429 721 1507 Comutus,
738 1425 959 1521 philosophus
975 1429 1117 1509 StoicuS,
1137 1430 1281 1520 tragicus
1297 1447 1397 1522 poeta

349 1536 428 1624 (vid.
442 1540 578 1606 Sueton.
593 1540 658 1606 Vit.
676 1539 793 1624 Persii)
811 1555 845 1605 et
855 1554 1041 1632 praeceptor
1056 1541 1159 1608 Persii
1170 1535 1280 1630 (cujus
1292 1541 1397 1607 Satira

348 1653 465 1746 quinta
477 1653 507 1719 ei
518 1654 677 1745 inscripta
692 1655 764 1738 est),
775 1649 879 1718 multa
891 1653 1023 1747 scripsit
1037 1649 1268 1747 philosophica
1279 1666 1314 1719 et
1324 1649 1397 1718 rhe-

346 1763 450 1827 torica
460 1758 540 1849 (vid.
554 1759 676 1828 Euseb.
694 1764 727 1828 in
739 1759 864 1826 Chron.
877 1759 921 1826 ad
931 1783 959 1829 a.
977 1763 1085 1840 2083,
1098 1763 1233 1828 Hieron.
1245 1763 1279 1826 in
1291 1763 1394 1853 Epist

347 1871 391 1938 ad
405 1856 567 1963 Magnum
581 1887 764 1954 oratorem,
780 1889 814 1938 et
824 1869 958 1950 Snidas,
974 1873 1033 1966 qui
1051 1888 1164 1941 tamen
1181 1872 1286 1942 multa
1301 1873 1344 1941 de
1356 1896 1398 1939 eo

344 1981 446 2062 falsa,
467 1997 501 2049 et
513 1984 627 2074 inepta
641 1979 774 2069 tradit),
796 1982 883 2050 forte
895 1998 929 2050 et
943 1981 1094 2050 libellum
1111 1981 1153 2050 de
1168 1989 1294 2052 Natura
1312 1988 1399 2051 Deo-

348 2117 443 2176 rum,
465 2097 524 2188 qui
546 2094 712 2186 Phornuti
734 2095 835 2188 vulgo
857 2119 979 2163 nomen
1002 2119 1072 2188 prae
1094 2120 1130 2163 se
1146 2097 1228 2180 fert,
1251 2110 1399 2164 necnon

348 2209 588 2274 commentaria
610 2209 645 2274 in
660 2203 834 2313 Virgilium
856 2223 891 2274 et
907 2205 1010 2274 libros
1024 2207 1067 2275 de
1085 2207 1201 2301 liguris
1221 2212 1400 2277 sententia·

348 2337 426 2382 rum
441 2315 617 2403 (vidGell.
634 2321 677 2397 ll,
694 2317 732 2396 63
745 2319 805 2396 lX,
822 2342 859 2406 9,
876 2331 909 2382 et
924 2315 1071 2384 Macrob.
1089 2321 1130 2398 V,
1147 2321 1216 2408 19):
1232 2343 1252 2386 a
1266 2323 1399 2386 Nerone

349 2441 462 2494 autem
475 2442 612 2519 propter
628 2425 764 2494 liberius
776 2426 819 2494 de
833 2424 906 2519 ejus
918 2425 1122 2498 carminibus
1133 2454 1145 2519 J
1151 2427 1298 2495 udicium
1311 2431 1399 2496 exsi-

348 2536 394 2605 lio
404 2537 584 2607 mulctatus
597 2557 647 2606 est
657 2537 736 2625 (vid.
751 2537 873 2606 Euseb.
886 2536 909 2604 l.
921 2537 942 2605 l.
956 2555 989 2604 et
998 2539 1059 2604 Dio
1071 2541 1161 2604 Cass.
1173 2543 1275 2619 LXll,
1285 2543 1397 2624 extr),

279 2657 286 2674 “
349 2663 384 2715 et
396 2664 513 2740 postea
525 2648 719 2716 interfectus
734 2671 813 2714 cum
831 2650 987 2714 Musonio
1002 2646 1107 2733 (conf.
1121 2644 1238 2715 Suidas
1253 2665 1287 2716 et
1300 2653 1397 2714 Voss.

350 2759 393 2826 ‹lc
407 2759 482 2827 hist.
498 2759 555 2826 lat.
570 2765 600 2838 l,
618 2762 678 2840 26,
692 2757 751 2826 uhi
766 2759 914 2826 diversus
928 2762 1132 2827 narrationes
1144 2757 1219 2826 illas
1235 2761 1279 2826 ita
1292 2761 1399 2827 conci·

349 2869 462 2955 liavit).
476 2868 641 2937 Eumdem
656 2872 884 2962 composuisse
897 2871 1035 2950 Satires,
1050 2867 1218 2962 colligitur
1232 2893 1273 2938 ex
1288 2868 1398 2937 verbis

350 2979 516 3072 Fulgentii
539 2979 726 3048 Planciadis
747 2983 781 3048 iu
803 2981 944 3074 exposit.
969 3004 1067 3048 serm.
1088 2997 1157 3048 ant.
1183 2981 1400 3048 Titiuillitium

350 3092 416 3158 clici
435 3092 602 3158 voluerunt
612 3091 678 3185 fila
698 3091 845 3184 putrida,
870 3117 940 3184 quoe
960 3092 997 3158 de
1020 3091 1090 3158 telis
1110 3091 1237 3159 cadunt.
1259 3092 1399 3159 Plautus

351 3204 466 3269 Casina
481 3207 524 3285 ll,
542 3205 578 3284 5,
595 3205 656 3293 39,

450 3385 521 3446 Non
535 3406 593 3467 ego
608 3385 688 3446 istud
705 3383 834 3445 verbum
848 3387 986 3446 enisitem
1001 3385 1179 3461 titivillitio,

350 3547 456 3629 idest,
471 3575 504 3616 re
516 3552 684 3618 admodum
699 3551 865 3618 vilissima.
880 3553 962 3619 Nam
973 3563 1005 3617 et
1018 3552 1062 3618 M.
1079 3551 1236 3618 Cornutus
1249 3553 1284 3614 iu
1293 3547 1401 3617 Satira

349 3663 427 3726 ait:
453 3663 607 3729 Titivilles
629 3663 741 3728 Flacco
766 3663 807 3728 do
833 3663 899 3729 tibi.
924 3668 972 3728 lta
997 3661 1088 3730 hunc
1112 3659 1226 3730 locum
1252 3658 1403 3727 exhibuit

349 3771 526 3840 Muncker.
536 3774 570 3840 in
582 3771 749 3864 Mythogr.
759 3777 832 3839 Lat.
845 3791 925 3842 tom.
937 3777 981 3852 ll,
997 3795 1073 3864 pag.
1095 3777 1169 3860 ¹74·
1183 3770 1401 3838 Casanbonus

349 3906 430 3951 vero
448 3881 491 3952 de
504 3887 570 3953 Sat.
591 3887 686 3950 Rom.
707 3886 873 3975 pag-'234
889 3901 923 3952 et
937 3883 1020 3965 235,
1036 3885 1082 3950 ita
1099 3885 1213 3950 citavit
1230 3897 1400 3974 postrema

349 3991 471 4060 verba:
495 3995 679 4060 Titiuillitii
697 3994 832 4060 succedo
846 3995 923 4073 tibi,
944 4009 977 4062 et
997 3991 1069 4060 haec
1087 3990 1280 4060 adnotavit:
1301 3996 1401 4058 «Fon
1436 4025 1438 4029 ·

349 4117 437 4171 tasse
455 4103 654 4196 legendum:
674 4105 856 4172 Titivillitio
875 4110 952 4174 istas
970 4106 1043 4174 cedo
1064 4105 1124 4170 tibi
1140 4103 1216 4191 (sed
1236 4101 1303 4172 vid.
1317 4105 1400 4170 Gro-
