3038 4932
318 480 377 546 nx
402 477 616 546 incurro
640 475 788 543 surm.
813 475 957 541 niuno
1090 477 1153 564 327

351 683 357 706 1
556 601 714 671 CXOEV',

122 764 696 785 .................
722 710 853 781 Sanctu'
866 712 1013 805 Serapis,

121 832 182 896 lsis
195 843 229 894 et
239 830 477 918 Herpocmtes,
491 822 592 914 digito
604 824 663 916 qui
678 819 840 913 significat
850 843 897 888 sr.
927 869 931 876 -

576 935 699 1000 CXCV.

121 1054 165 1115 At
176 1067 335 1136 magnum
347 1043 441 1125 fecit,
455 1041 545 1137 quod
558 1041 667 1109 verbis
679 1045 795 1109 Graece
806 1044 930 1111 Letinis

120 1157 268 1224 Miscuit.

572 1249 710 1314 CXCVI.

123 1364 360 1451 cretatumque
372 1356 494 1424 bovem
504 1354 635 1424 duciad
646 1353 806 1449 Capitolia
820 1379 952 1447 magne.

564 1469 719 1533 CXCVII.

127 1626 384 1644 ........
410 1575 562 1642 Vidimus
577 1577 727 1642 vinctum
739 1575 894 1644 thomicae
906 1573 1035 1642 cebina.

562 1689 733 1754 cxcvur.
1125 1673 1132 1704 ³

173 1804 212 1866 A.
235 1795 383 1880 Gellius,
402 1801 496 1864 Noct.
527 1798 622 1862 Attio.
645 1794 704 1862 lih.
721 1800 801 1880 VII,
824 1821 897 1888 cap.
918 1800 936 1864 3
954 1823 961 1863 :
979 1803 1095 1882 Recte,
1114 1802 1166 1864 in-

130 1910 205 2003 quit
224 1910 322 1994 (Tiro
332 1905 464 1975 Tullius
478 1911 524 1974 M.
541 1907 710 1974 Ciceronis
726 1905 912 1995 Libertus),
928 1907 992 1976 hoe
1009 1910 1090 1976 vitio
1110 1908 1167 1976 dut

127 2018 275 2087 Lucilius
303 2033 402 2111 poete
421 2015 594 2109 Euripidi,
622 2014 712 2110 quod
732 2041 838 2110 quum
860 2015 1085 2110 Polyphontes
1108 2044 1167 2087 rex

128 2143 306 2220 propterea
318 2150 355 2194 se
366 2126 569 2194 interfecisse
586 2126 724 2193 fratrem
740 2126 881 2211 diceret,
900 2128 991 2223 quod
1009 2132 1080 2222 ipse
1090 2143 1168 2196 ente

129 2238 305 2307 consilium
322 2237 364 2306 de
379 2261 462 2306 nece
474 2233 546 2330 ejus
558 2242 715 2331 cepisset,
726 2245 844 2332 AErope
856 2240 966 2308 fratris
979 2264 1064 2310 uxor
1078 2240 1169 2310 hisce

132 2375 208 2418 eum
222 2349 376 2419 versibus
396 2348 550 2418 eluserit:

272 2499 303 2545 Et
315 2500 362 2564 γάρ
376 2514 400 2546 ot
414 2498 500 2560 ἔμελεν,
511 2497 540 2553 ὣς
555 2497 647 2564 sirpus,
663 2501 749 2544 muno
764 2499 827 2552 πόσις

272 2589 325 2653 Χρὴ
342 2593 383 2634 καί
396 2603 419 2634 σε
434 2587 531 2649 pttlsu,
546 2587 575 2642 ὥς
590 2591 671 2652 χρόνος
685 2594 761 2652 παρῆν
777 2585 843 2640 δῆθεν.

136 2713 178 2774 At
188 2707 253 2775 hoc
267 2710 372 2792 enim,
385 2710 512 2803 inquit,
529 2706 628 2801 plane
640 2706 790 2774 stultitiae
804 2703 947 2798 plenum.
957 2723 1021 2790 est,
1038 2730 1079 2774 eo
1095 2728 1174 2773 con·

170 2877 272 2930 'Pauca
285 2897 342 2950 que
352 2887 497 2950 sequuntur
506 2878 632 2947 fragmen·
675 2890 705 2929 ut
721 2877 794 2948 apud
813 2877 941 2931 Lucilium
957 2900 963 2928 ε
984 2878 1040 2931 :At
1052 2895 1176 2951 mquam

134 2969 174 3022 ta,
185 2970 211 3008 et
222 2975 277 3028 quae
287 2956 365 3009 linem
375 2956 512 3009 absolvunt
522 2957 632 3008 incerto·
671 2955 752 3026 fecit,
765 2969 814 3008 etc.
827 2970 876 3010 etc.
887 2981 899 3005 ι

135 3055 192 3088 rum
206 3033 299 3088 Lucilii
310 3034 430 3087 locorum
443 3035 496 3087 lsuc
507 3051 633 3106 reponere
712 3045 822 3098 cxcvl,
836 3045 1044 3098 commentarius
1060 3048 1086 3096 in
1097 3046 1176 3097 Juve-

136 3133 223 3186 (ΨΜ
241 3117 353 3186 Pretium
377 3134 433 3167 ‘⁵⁸⁸
458 3111 633 3179 “fedldlmffls
678 3123 847 3178 uslemzsat.
860 3121 1001 3176 xaditta:
1099 3167 1103 3176 ,

137 3193 320 3264 potiusquam
338 3194 361 3245 si
380 3211 412 3245 ea
429 3190 634 3262 relinqueremus
1093 3185 1097 3192 ’

138 3273 165 3321 in
182 3269 273 3322 ultime
282 3269 341 3322 libri
351 3270 436 3337 culce,
450 3282 479 3321 ut
488 3271 518 3320 fit
527 3270 555 3320 in
568 3270 638 3321 Dou-

138 3353 210 3403 sieua
224 3350 344 3403 editione.
356 3354 403 3405 En.
613 3391 620 3406 .

173 3430 288 3482 CXCIV,
299 3432 383 3481 van-0
397 3428 430 3480 de
442 3429 515 3499 Ling,
526 3426 583 3476 Lat,
593 3424 637 3476 lib,
682 3413 769 3467 Credit
782 3416 872 3466 Douse
884 3414 954 3466 hunc
969 3432 1070 3466 versum
1086 3414 1181 3480 Lucre-

140 3511 191 3576 1v‚
204 3511 337 3580 principe,
347 3511 413 3575 Dei,
428 3506 525 3561 caelum
541 3518 566 3557 ει
577 3506 640 3556 Ter.
681 3493 719 3543 tio
730 3511 780 3564 pro
788 3492 889 3544 Lucilio
898 3494 1092 3563 perperum,ob
1100 3494 1182 3546 nomi·

141 3609 168 3642 re
182 3589 229 3642 :hi
240 3587 277 3639 dii
290 3588 370 3640 iidem
381 3590 461 3659 quiin
473 3589 584 3656 AEgypto
594 3585 639 3636 Se-
683 3575 723 3626 nis
733 3575 905 3636 vicinitatem,
919 3576 1102 3645 transcriptum
1116 3598 1122 3626 ι
1137 3593 1183 3625 ne·

143 3669 209 3740 ¹¹⁰?ss
222 3677 248 3719 ,ρ
257 3668 321 3726 152¹„
335 3675 362 3719 ,ς
369 3666 415 3720 ST
422 3665 592 3738 Harpocmfes
601 3659 640 3713 df.
684 3671 735 3725 que
745 3653 814 3704 enim
824 3669 883 3704 eum
893 3653 920 3703 in
929 3651 1059 3718 Lucretio,
1069 3653 1185 3724 quemvis

142 3747 205 3817 pirus
217 3743 357 3818 significat.
684 3731 879 3804 diligentissime
888 3730 1065 3804 pervolutata,
1071 3733 1185 3804 reperire

177 3827 275 3878 CXCV.
290 3827 365 3878 Vers-
375 3835 412 3878 est
422 3823 523 3876 Horatii
534 3821 641 3891 loquen-
684 3815 772 3885 potuit
783 3813 881 3864 Dousa·
895 3813 943 3863 Ευ-

147 3898 642 3957 tiedeLucilio.·luliusRufinianusde
720 3900 841 3954 cxcvn.
873 3901 967 3951 Festus
991 3918 996 3946 ε
1024 3897 1184 3959 Thomices,

148 3985 280 4040 Schemate
296 3983 585 4038 DismExutlrenismos
596 4001 602 4030 :
614 3979 647 4029 ΕΑ
686 3979 777 4030 Grnco
790 3977 896 4028 nomine
914 3973 1081 4048 appellantur
1093 3969 1188 4023 canabi

147 4085 209 4137 flurs
217 4065 272 4119 hec
283 4066 312 4118 lit
323 4083 403 4138 quum
413 4082 468 4116 rem
478 4062 591 4133 aliquam
600 4077 644 4110 ex-
687 4058 803 4128 impositi
816 4069 841 4109 et
853 4069 940 4127 sparto
952 4053 1042 4104 leviter
1055 4061 1127 4104 torte
1137 4068 1188 4102 res·

148 4142 646 4216 tenuemus,etcontcmptemlacimus,
689 4148 743 4203 tes,
755 4153 785 4188 ex
798 4135 892 4206 quibus
904 4133 979 4183 funes
988 4129 1063 4181 fiunt.

680 3247 735 3288 Pone
742 3243 798 3287 doml
805 3243 884 3294 leutos,
894 3243 933 3287 duc
941 3245 963 3287 in
973 3241 1073 3300 Cepitolin
1082 3255 1178 3298 magnum

681 3306 827 3362 Crctsturrlque
837 3307 918 3348 bovem.
