3148 4950
445 464 762 530 ROMANORUM
787 461 968 530 POE'l'lS.
1170 463 1235 553 519

181 605 302 682 ιὺφνίανς
326 592 458 660 lacertis
485 593 576 658 enim
596 607 689 660 caret
713 593 820 657 oratio
843 606 876 657 et
895 602 1056 679 ἀῃνιπικῷ
1071 591 1231 682 spiritu.»

179 702 278 771 Conf.
295 701 503 770 Wernsdorf
520 700 542 768 l.
561 699 583 767 l.
604 725 680 794 pag.
695 702 740 768 60
752 723 824 794 seq.
1221 711 1224 718 '

230 817 329 883 Tucca
347 818 483 908 ineptus
501 813 565 880 fuit
585 812 843 906 satirographus
864 829 898 880 et
918 811 1125 880 deridetura
1144 817 1235 880 Mer-

181 925 259 994 tiale
284 929 365 1008 ΧΠ,
393 927 458 1017 95,
485 923 551 992 alio
578 930 691 1016 94,et
712 923 778 992 ulio
798 924 853 1013 96.
879 918 1019 1015 lloujus
1036 924 1234 1014 epigramm.

181 1058 282 1107 versu
308 1061 349 1129 7:
923 1085 925 1088 -

280 1241 436 1302 Audemus
450 1241 580 1302 Satires:
597 1242 732 1302 Lucilius
746 1263 808 1302 esse
819 1240 949 1302 laboras.

181 1443 401 1514 Casaubonus
416 1461 450 1513 et
462 1445 719 1514 Wernsdorlius
740 1434 966 1540 colligebant,
981 1441 1193 1527 Martialem,
1210 1447 1238 1510 si

181 1576 260 1622 eum
281 1556 368 1621 serio
390 1557 581 1646 scripserit,
596 1558 709 1648 ipsum
735 1579 871 1652 quoque
895 1557 1107 1622 satiricorum
1124 1569 1236 1647 poeta·

180 1689 257 1732 rum
276 1665 379 1734 choro
391 1663 609 1734 inserendum
629 1691 713 1736 esse.
737 1671 804 1754 Qui
823 1682 935 1736 totum
954 1690 1036 1736 vero
1056 1665 1238 1760 perlegerit

181 1782 407 1871 epigramma,
422 1783 551 1848 nonita
565 1777 742 1873 judicabit.

228 1891 348 1956 Manlii
375 1893 506 1984 Vopisci
528 1892 703 1982 ingenium
728 1890 825 1958 etad
852 1888 919 1956 alia
943 1890 1112 1968 carmina,
1137 1883 1236 1954 etad

180 2002 302 2069 satiras
320 1999 515 2070 scribendas
536 2003 749 2095 aptissimum
771 2004 893 2069 Statius
914 2002 1056 2071 summis
1077 1993 1235 2064 laudibus

179 2111 327 2181 celebrat
341 2115 377 2180 in
394 2111 486 2207 Sylv.
503 2119 536 2196 1,
558 2116 596 2194 3,
620 2140 677 2181 ror
700 2137 773 2208 seq.
790 2096 949 2207 idemque
968 2115 1004 2180 in
1025 2107 1176 2204 Epistola
1192 2106 1236 2176 ad

179 2221 331 2306 Stellam,
348 2221 456 2315 Sylvis
473 2222 628 2316 praefixa,
640 2225 825 2316 Vopiscum
845 2221 995 2318 appellat
1011 2226 1116 2288 uirum
1132 2218 1236 2286 erudi-

179 2337 355 2415 tissimum,
379 2338 440 2428 qui
461 2337 615 2428 precipue
641 2335 778 2402 vindicet
800 2359 827 2423 α,
843 2339 906 2426 situ
932 2335 1038 2400 literas
1052 2337 1126 2422 jem
1148 2353 1236 2424 pene

169 2449 343 2537 firpientes.
831 2501 846 2538 h
882 2509 886 2518 ,

223 2559 369 2627 Satiricis
381 2553 502 2624 horum
517 2574 709 2651 temporum
726 2559 832 2650 poetis
850 2555 1117 2629 adnumerantur
1134 2553 1234 2620 etium

178 2669 287 2734 Julius
304 2670 423 2760 Rufus,
446 2670 619 2750 Cornutus,
636 2668 757 2734 Gavius
778 2670 894 2734 Bassus
912 2683 947 2734 et
961 2667 1110 2734 Rabirius
1128 2687 1156 2732 s.
1173 2664 1236 2728 Ru-

179 2780 292 2847 brius:
313 2778 374 2847 sed
396 2779 505 2848 Rufus
527 2777 639 2848 nullas
664 2779 751 2846 forte
774 2781 914 2862 Satires,
937 2793 971 2846 et
994 2776 1114 2871 reliqui
1133 2772 1234 2854 alias,
1318 2850 1320 2858 ¹

179 2914 282 2984 quam
300 2889 505 2974 Lucilianus,
530 2893 705 2985 scripsere.
727 2891 813 2956 Iulii
835 2891 908 2982 Rufi
932 2890 1137 2958 mentionem
1157 2885 1236 2952 facit

179 2997 339 3070 Martialis
355 3002 391 3068 in
408 2999 569 3083 disticho,
584 3000 701 3094 figurae
721 2999 863 3070 Socratis
883 2999 1090 3092 subscripto,
1108 2995 1167 3066 lib.
1182 3000 1231 3062 x,

179 3114 283 3203 epigr.
298 3137 362 3203 99:

278 3305 308 3364 Si
323 3305 463 3366 Romana
478 3307 581 3366 forent
598 3305 663 3366 haec
677 3309 808 3368 Socratis
823 3329 894 3380 ora,
910 3305 1055 3380 fuissent,

318 3402 419 3463 Julius
431 3405 465 3464 in
479 3405 583 3466 Satiris
599 3405 703 3488 qualia
719 3405 817 3464 Rufus
831 3404 930 3464 habet.

176 3602 396 3670 Casaubmms
406 3601 450 3670 de
465 3603 579 3672 Satiris
590 3609 834 3685 Romanorum,
853 3626 929 3699 pag.
946 3607 1007 3672 adr
1022 3651 1031 3687 ,
1048 3607 1231 3686 existimat,

177 3711 229 3781 his
254 3713 366 3781 verbis
393 3717 590 3808 {pravitatem
614 3715 690 3782 [ltili
718 3719 753 3783 in
781 3715 896 3784 Satiris
919 3714 1068 3798 laudari,
1091 3717 1232 3783 Cronius

179 3841 291 3906 ¹sutem
308 3824 387 3893 ibid.
402 3829 448 3894 in·
460 3824 574 3894 adnot.
595 3843 629 3894 et
645 3826 797 3895 Raderus
812 3826 857 3894 ad
878 3826 1021 3894 Martial.
1044 3825 1068 3894 l.
1084 3824 1106 3893 l.
1124 3828 1227 3917 suspi-

179 3950 306 4016 cantur,
324 3933 418 4002 launo
433 3936 543 4003 virum
562 3933 725 4004 illustrem
737 3937 841 4006 faisse
854 3954 886 4008 et
900 3935 1054 4016 doctum,
1072 3933 1116 4003 ad
1131 3955 1232 4031 quem

181 4042 304 4112 Plinius
323 4045 428 4140 Epist.
446 4049 487 4129 V,
507 4069 567 4128 ar,
587 4064 620 4116 et
638 4047 715 4130 vll,
734 4048 774 4115 25
786 4075 802 4130 ,’
814 4051 991 4143 scripserit.
1009 4045 1072 4118 Sed
1091 4052 1231 4116 Werns-

175 4151 263 4220 dorl.
286 4148 307 4221 Ι.
325 4154 347 4222 l.
370 4177 445 4249 pag.
475 4178 532 4247 ιγ,
557 4156 633 4252 jam
648 4157 736 4226 bene
753 4176 868 4227 contra
885 4181 943 4228 eos
958 4161 1003 4227 ita
1026 4157 1228 4253 disputavitz
