2970 4936
353 394 397 460 80
527 393 681 458 VARIAE
705 389 975 456 LECTIONES
999 389 1061 456 ET
1085 392 1220 458 NOTAE

352 517 386 572 de
404 529 527 571 votorum
545 515 718 588 improbitate
737 529 763 568 et
783 515 973 570 sacrificiorum
992 517 1224 587 superstitionibus
1242 536 1296 571 sue
1314 519 1399 570 etstis

352 595 543 669 conquerendi.
553 623 589 636 -
597 598 697 662 Poscis,
706 597 725 648 i.
734 615 759 649 e.
773 598 811 648 ita
822 597 905 667 petis,
917 599 994 668 quusi
1003 597 1051 649 tibi
1060 615 1111 669 pro
1120 600 1219 652 meritis
1232 596 1334 670 aliquid
1341 600 1400 668 jure

351 676 490 730 debeatur.
500 705 537 716 ·-
546 677 625 728 Prsoe
633 677 732 742 emaci,
742 678 759 728 i.
771 695 794 728 e.
805 694 901 747 prece,
913 679 956 729 cui
968 677 1098 730 sacrificiu
1108 691 1264 750 sumptuosa
1275 677 1401 749 adjuncta

352 770 428 824 sunt,
440 757 537 828 quibus
546 758 665 810 Deorum
674 754 888 810 benevolentium
900 772 927 811 et
936 757 1123 812 liberalitatem
1132 761 1210 831 quasi
1221 778 1306 812 emere
1315 757 1404 812 stude·

350 839 417 890 bant
429 856 530 909 eosque
541 834 706 908 obligatione
717 835 896 908 obstringere,
906 851 938 890 ut
950 856 978 890 se
990 839 1077 890 omnis
1088 839 1196 911 penoris
1204 838 1333 892 felicitate
1345 837 1403 890 effi·

352 929 450 972 cerent.
463 917 542 972 Coni.
555 917 604 969 inf.
616 935 641 967 v.
654 915 705 978 303
717 917 811 968 Horot.
824 915 876 970 Oti.
890 919 938 982 111,
952 935 999 990 29,
1012 917 1058 971 58:

727 1038 747 1050 ..
757 1038 773 1049 ..
781 1007 813 1050 td
821 1006 910 1050 miserm
917 1019 991 1064 preces

685 1074 813 1126 Decurrem,
824 1075 1055 1129 etuotispaciscim.

352 1192 388 1204 —
396 1159 512 1214 Seductis
522 1158 682 1213 committere
693 1157 772 1225 divis,
785 1157 894 1230 quidem
903 1157 1054 1229 explicant:
1066 1159 1166 1212 crudete
1176 1159 1233 1212 Diis
1239 1177 1289 1231 per
1294 1178 1404 1212 munera

352 1240 479 1312 corruptis
484 1261 494 1301 ‚·
506 1238 579 1311 quod
589 1237 678 1290 minus
687 1236 784 1309 placet.
794 1237 923 1304 Quamvis
934 1239 1004 1290 onim
1013 1239 1131 1292 seducere
1140 1256 1315 1310 corrumpere
1323 1243 1404 1292 inter·

353 1321 418 1374 dum
427 1319 570 1390 significet,
585 1319 685 1390 quotie
695 1329 770 1369 recte
782 1315 926 1380 deducere;
937 1316 1021 1370 nolim
1032 1330 1121 1370 tamen
1133 1319 1251 1385 auctori,
1266 1337 1319 1389 pru
1330 1335 1405 1372 cute-

353 1402 390 1454 ris
399 1400 483 1466 brevi,
494 1396 616 1450 eamdem
625 1414 715 1449 rursus
726 1397 847 1468 usurpari
858 1399 1030 1464 sententiam,
1042 1417 1100 1470 quse
1109 1401 1165 1468 jem
1175 1416 1241 1450 voce
1253 1401 1338 1451 emaci
1348 1401 1405 1452 fue·

353 1483 386 1534 rit
398 1495 534 1550 expresse,
548 1494 661 1548 qumque
675 1477 762 1528 minus
774 1478 917 1528 conveniet
929 1493 989 1528 cum
1001 1495 1079 1528 versu
1090 1478 1250 1548 insequenti.
1262 1480 1405 1544 Homines,

354 1557 463 1633 vendo
476 1575 537 1608 cum
548 1557 581 1608 iio
595 1553 697 1625 aliquid
708 1555 905 1606 communicare
919 1554 1057 1622 volumus,
1070 1555 1144 1627 quod
1154 1556 1245 1628 palem
1256 1557 1315 1610 fieri
1326 1559 1406 1611 nolu-

353 1657 429 1703 mus,
445 1636 604 1700 reducimus,
621 1651 668 1686 seu
681 1632 804 1686 ducimus
818 1634 847 1684 in
861 1632 950 1686 iocum
964 1653 980 1686 e
994 1633 1072 1686 turba
1085 1647 1225 1688 secretum.
1240 1635 1302 1688 vid.
1317 1639 1403 1708 Heyn.

355 1719 390 1774 ed
399 1715 498 1770 Tibull.
510 1718 547 1782 11,
561 1733 585 1780 1,
597 1712 640 1779 84.
651 1715 709 1764 Ηοο
721 1711 792 1764 bene
804 1711 961 1766 nuntiatum
972 1727 1012 1766 est
1024 1714 1060 1766 sd
1070 1716 1156 1781 Deos,
1169 1715 1331 1786 quibuscum
1341 1731 1406 1771 vote

354 1810 456 1853 secretu
470 1797 550 1862 fiunt,
564 1806 591 1847 et
602 1812 635 1846 eu
645 1792 856 1860 committuntur,
871 1812 928 1865 que
941 1795 987 1865 qui
998 1808 1123 1866 precatur
1137 1814 1192 1847 uon
1207 1795 1304 1849 undeet
1315 1800 1406 1869 pelam

353 1879 481 1954 profiteri.
495 1878 590 1930 Senec.
601 1875 685 1947 Epist.
698 1873 737 1938 X,
751 1891 783 1925 ex
794 1872 989 1926 Athenodoro.-
1007 1877 1104 1928 «Tunc
1115 1877 1197 1942 scito,
1210 1889 1236 1928 te
1247 1896 1305 1930 esee
1318 1883 1407 1932 omni-

353 1961 404 2012 bus
419 1955 609 2029 cupiditatibus
625 1954 756 2018 solutum,
771 1970 852 2025 quum
868 1971 901 2005 eo
913 1957 1080 2025 perveneris,
1094 1967 1124 2007 ut
1136 1955 1202 2007 nihii
1216 1959 1301 2009 Deum
1319 1979 1405 2032 repes,

354 2039 405 2092 nisi
421 2037 493 2110 quod
507 2052 597 2108 roqare
612 2035 693 2105 possis
708 2031 809 2104 poium.
828 2033 906 2086 Nunc
921 2036 992 2086 enirn
1004 2048 1103 2105 qusntu
1115 2033 1250 2088 dementit
1261 2050 1299 2090 est
1314 2037 1405 2092 bomi-

353 2117 435 2169 num?
449 2114 602 2186 turpissime
613 2123 675 2164 vote
686 2111 743 2164 Diis
756 2113 938 2175 insusurren13
950 2115 973 2165 si
988 2115 1048 2185 quis
1062 2113 1208 2168 admoverit
1220 2134 1326 2184 eurem,
1337 2137 1405 2174 cou-

352 2199 494 2259 tioescent,
506 2205 532 2245 et
541 2189 616 2263 quod
625 2192 692 2244 ecire
701 2189 839 2242 homiuem
847 2188 958 2258 uolunt,
966 2193 1024 2244 Deo
1035 2208 1152 2247 narrent.
1163 2195 1206 2248 Sic
1218 2199 1275 2250 vive
1284 2217 1346 2250 cum
1356 2199 1406 2252 bo-

354 2274 484 2338 minibus,
497 2285 625 2344 tauqusm
631 2268 812 2334 Deusvideet3
824 2272 861 2322 sic
871 2268 982 2343 loquere
992 2289 1052 2324 cum
1062 2275 1134 2342 Deo,
1144 2287 1272 2348 tunquam
1281 2277 1405 2334 homines

354 2353 471 2406 audiunt.
483 2375 495 2398 s

384 2533 469 2579 Vsum
477 2543 612 2578 tucrtottu.
627 2530 650 2589 4.
663 2531 762 2579 Athona
771 2548 827 2596 pars
837 2548 958 2597 procerum
967 2537 1035 2582 tacito
1045 2534 1123 2583 libebit
1131 2553 1218 2584 ucerrm
1230 2561 1262 2576 —
1273 2539 1367 2588 Habent
1379 2543 1405 2588 ts·-

353 2603 414 2650 bobit
425 2602 500 2659 8055,
515 2601 589 2664 8070,
604 2601 678 2665 8072,
696 2603 759 2665 quod
774 2605 923 2652 Cseaubonus
936 2607 1060 2669 ceterique
1074 2623 1156 2655 omnes
1168 2623 1279 2672 recepere
1293 2612 1404 2662 editores.

350 2675 419 2723 Solus
427 2676 520 2735 Koenifl.
531 2673 610 2736 posuit
619 2671 710 2728 libnvit,·
719 2687 766 2734 qun
774 2687 832 2718 tero
841 2673 915 2720 betur
925 2679 1063 2724 auctor-une
1073 2679 1191 2740 posnmit,
1200 2695 1248 2726 non
1256 2695 1346 2732 mouet.

386 2781 454 2834 Nor.
468 2779 493 2846 4.
508 2779 545 2830 At
553 2779 621 2830 bona
631 2795 691 2849 pars
698 2795 835 2849 procerum
848 2781 926 2832 tacito
937 2781 1029 2835 libabit
1037 2803 1134 2837 ocem.
1143 2815 1180 2825 -
1188 2787 1263 2838 Bono
1271 2809 1333 2861 paru
1342 2810 1405 2863 pro-

350 2877 446 2912 cem.
460 2855 615 2909 Notandum
630 2869 670 2910 est
680 2857 800 2909 Persium
812 2859 839 2908 in
849 2877 966 2930 proceres
979 2864 1167 2937 principesque
1181 2868 1350 2937 potissimum
1362 2873 1406 2922 iu-

351 2935 668 3005 vehi,iufimoshoruiues
676 2934 716 2987 vei
725 2935 959 3006 dedignatum,vel
968 2943 1129 2996 miseratum.
1141 2974 1176 2986 -
1188 2945 1304 3013 libabit,
1316 2963 1405 3002 sumet

351 3020 415 3072 thus
425 3016 592 3070 etfundetex
600 3034 703 3081 nom,
712 3014 803 3066 ercule
811 3015 929 3070 thuraria
938 3019 1082 3092 quadratu,
1092 3043 1124 3076 ec
1136 3023 1170 3077 de
1183 3044 1234 3078 ere
1246 3027 1407 3101 plerumque

352 3100 488 3171 elegentes·
494 3095 656 3163 facto,uude
664 3095 725 3148 thus
732 3096 905 3168 promebutur
912 3111 938 3151 et
945 3101 973 3151 in
980 3102 1068 3171 ignem
1075 3104 1407 3182 injicicbutur;itaquepo·

352 3183 426 3234 nitur
432 3199 481 3253 pro
488 3175 763 3250 sacn'ficat,precatur.
770 3177 834 3230 Hor.
841 3181 883 3246 m,
891 3180 1002 3253 8,2sqq.
1010 3182 1088 3235 ovid.
1097 3203 1129 3236 ex
1135 3185 1221 3239 Ponto
1229 3189 1404 3264 lv,8,39sq.

583 3266 1077 3326 Necquedeperreiiiepeuperlibataomo

610 3333 684 3376 Thura
692 3333 766 3377 minus
772 3336 849 3392 granu
857 3349 924 3392 quem
932 3337 984 3380 deta
990 3336 1051 3382 leuce
1059 3337 1136 3382 velent.

351 3421 451 3476 Exhoc
458 3419 559 3490 colligit
567 3419 688 3490 exemplo
695 3423 971 3494 Proteus,impr0prie
978 3426 1095 3476 Pereium
1103 3427 1143 3477 uti
1149 3426 1231 3478 verbo
1238 3447 1325 3481 acerra
1330 3449 1405 3502 ,quie

351 3504 434 3555 fuerit
443 3519 607 3574 pauperum,
620 3517 702 3572 quum
711 3519 837 3571 proceres
846 3501 969 3555 lancibus
979 3515 1125 3556 uterentur.
1140 3508 1175 3558 At
1186 3525 1250 3558 vero
1264 3507 1406 3565 aliodem

353 3581 474 3635 sacrificii
487 3597 572 3649 genus
588 3577 660 3649 quod
674 3579 749 3633 fieret
762 3601 864 3646 werra,
879 3580 952 3633 eliud
967 3583 1041 3654 quod
1055 3582 1144 3652 lance,
1159 3600 1185 3638 et
1199 3600 1341 3660 utrumque
1355 3592 1407 3643 fuit

351 3662 441 3734 parvis
453 3677 528 3732 teque
541 3675 572 3710 ec
584 3661 687 3728 mugnis
702 3661 843 3724 usitatum
856 3659 904 3714 sed
916 3659 1002 3713 fictilis
1013 3675 1070 3714 erat
1082 3682 1168 3716 acerra
1182 3665 1347 3736 infimorum,
1363 3688 1406 3721 nr-

351 3751 448 3813 genteu
467 3736 510 3790 rel
523 3754 604 3789 auree
619 3738 775 3808 primorum.
794 3769 829 3779 —
851 3739 956 3806 Tacita,
973 3759 1022 3812 per
1036 3746 1225 3817 metonymiam
1242 3765 1294 3818 pro
1312 3749 1408 3817 tacite,

351 3820 421 3873 votis
431 3817 571 3870 summissa
582 3833 648 3868 voce
661 3819 836 3888 nuncupetis,
853 3836 887 3870 ne
901 3819 1027 3892 iniquitas
1038 3841 1131 3876 eorum
1143 3837 1169 3876 et
1183 3825 1290 3880 foeditue
1305 3830 1408 3881 ceteris
1448 3869 1454 3884 ,

352 3901 440 3972 possit
452 3893 607 3949 hominibus
621 3897 795 3950 innotescere.

388 4017 456 4068 Nor.
470 4015 494 4068 5.
503 4011 669 4068 Haudcuiut's
675 4027 828 4088 promptum
840 4026 877 4069 est
884 4036 1054 4091 mumurque
1064 4019 1227 4096 humilesque
1237 4041 1358 4077 msurtos.
1368 4053 1406 4064 -—

354 4091 684 4169 Promptum,expeditum
689 4095 1198 4171 ,iacile.-Humiiesquesusurros,i.e.
1205 4121 1312 4175 pressos
1319 4121 1406 4158 suotr-

447 4353 454 4386 i
