3026 4944
1161 317 1172 362 s

361 427 402 506 34
533 421 686 513 VARIAE
710 417 977 484 LECTIONES
1001 419 1063 483 ET
1086 419 1223 485 NOTAE

359 551 478 616 Marcus,
488 559 538 600 etc.
552 563 609 618 quse
621 543 700 597 ducta
713 557 773 597 sunt
783 562 798 596 a
807 543 927 613 regibus,
944 557 990 595 aut
1005 544 1171 616 principibus
1181 545 1251 596 viris.
1264 573 1299 584 -
1311 543 1402 618 Trepi-

358 631 433 695 dam,
445 631 554 699 gestire,
565 624 686 677 subsilire
698 622 798 688 latitia,
810 623 931 674 lascivius
942 623 1039 675 efferri.
1053 653 1087 662 -
1103 624 1188 694 Quum
1199 625 1315 676 carmina
1329 623 1401 676 lum-

358 710 418 760 bum
430 706 536 758 intrant.
550 702 661 756 Lumbtu
673 716 711 758 est
723 703 830 775 proprie
841 720 870 754 ea
882 720 942 774 pars
952 701 1039 767 dorsi,
1051 721 1107 774 quae
1117 701 1193 756 sedes
1205 701 1301 755 dicitur
1312 703 1400 756 libidi-

357 790 408 839 nis.
421 788 463 840 Sic
476 781 625 849 luvenalis,
637 782 713 834 Satin.
726 781 760 832 v1
767 818 775 846 ‚
787 779 839 846 314
852 801 858 831 :
874 780 961 849 Quum
975 780 1023 831 tibi
1034 780 1098 831 tilio
1108 779 1213 832 lumbos
1224 781 1323 832 incitat.

392 893 459 944 Nor.
481 905 523 942 at.
535 889 572 939 Et
579 885 848 957 tremuloscolpuntur
856 885 900 936 ubi
910 885 1006 937 intima
1013 903 1092 938 versu.
1103 916 1138 925 -
1149 883 1270 938 Tremulo
1281 903 1364 951 versu,
1372 884 1402 938 id

358 985 411 1038 est,
423 987 507 1035 scm,
519 970 563 1040 qui
574 966 683 1018 tremula
692 984 757 1018 voce
770 966 909 1028 recitatum
920 965 990 1016 unde
999 967 1117 1018 nescitur
1129 967 1156 1018 in
1168 965 1330 1018 audientium
1344 968 1402 1020 soi·

357 1053 406 1102 mis
417 1047 540 1119 voluptas
553 1040 668 1116 quedam
681 1043 802 1109 titillans,
820 1047 953 1096 contraria
967 1047 1087 1114 gravitati
1099 1058 1126 1097 et
1136 1048 1303 1114 constantim,
1319 1060 1348 1098 ut
1363 1048 1403 1098 ait

356 1128 469 1180 Tullius.
480 1129 570 1179 Horat.
582 1128 625 1190 lv,
638 1122 681 1175 od.
697 1126 740 1191 13,
752 1125 781 1177 5:

610 1213 636 1255 Et
644 1219 709 1254 cantu
717 1213 809 1254 tre-uta
817 1221 867 1267 pota
874 1210 1003 1268 Cupidinem

612 1279 704 1320 lentum
711 1275 851 1321 sollicites...

357 1359 495 1410 -Intima
501 1394 510 1423 ,
522 1367 584 1407 sunt
591 1352 616 1404 si
623 1352 634 1404 i
637 1351 720 1422 piens,
727 1370 789 1424 pars
796 1353 877 1404 animi
885 1367 937 1424 qua
947 1355 1159 1424 concupiscimus
1167 1366 1194 1405 et
1201 1373 1257 1426 que
1262 1352 1402 1426 voluptate

356 1437 444 1503 alitur,
456 1449 485 1488 ut
497 1437 533 1487 ait
544 1433 614 1486 idem
624 1431 741 1494 Tullius;
756 1431 797 1485 vel
809 1433 898 1504 potius
908 1434 970 1504 ipsae
985 1434 1105 1504 corporis
1116 1447 1219 1503 partes,
1229 1453 1285 1507 que
1297 1453 1401 1487 coucu-

355 1519 488 1589 piscentia
500 1516 625 1568 serviunt.
634 1542 669 1552 -
678 1511 847 1583 Scripseram,
858 1515 934 1586 quasi
943 1513 1081 1593 raduntur,
1092 1513 1216 1568 obscoena
1230 1519 1355 1580 notione;
1370 1528 1402 1567 ut

354 1598 425 1671 apud
437 1615 536 1668 grecos
549 1591 609 1661 ξύιη
623 1589 959 1659 etssidsn..luvenal,V1‚
975 1595 1022 1662 195
1030 1616 1037 1658 ;
1046 1595 1096 1659 ΧΙ,
1112 1595 1170 1646 ιθι.

388 1705 456 1756 Nor.
478 1718 519 1754 aa.
540 1697 615 1765 Tun,
636 1697 733 1765 vetule,
753 1698 878 1750 cunculis
890 1697 982 1752 olienis
996 1698 1097 1772 collipis
1110 1702 1238 1753 acasl-
1252 1698 1403 1752 Refereuda

354 1779 409 1832 hmo
425 1797 479 1832 noo
495 1777 700 1830 admonitorem
718 1778 763 1847 qui
777 1779 895 1828 Persium
907 1776 1099 1848 interpellavit,
1115 1776 1162 1828 sed
1180 1775 1215 1829 ad
1231 1779 1403 1832 recitatorem

353 1862 433 1911 istum
443 1860 488 1930 qui
497 1855 662 1910 describitur.
676 1885 711 1895 -
724 1854 790 1908 Tun'
801 1875 851 1928 pro
864 1867 953 1923 tut-ne,
966 1859 1042 1908 sicuti
1052 1874 1132 1929 supra
1143 1853 1208 1907 min'
1215 1874 1266 1927 pro
1276 1856 1401 1910 milii-ne.

355 1969 390 1979 -
398 1939 425 1992 V
421 1937 502 2005 etule,
509 1940 525 1989 i.
535 1955 557 1988 e.
567 1933 658 2003 stulte,
666 1955 751 2007 eoque
759 1936 864 1988 stultior
872 1935 979 2008 quodin
986 1937 1095 1989 stultitia
1104 1939 1278 2000 consenuisti;
1285 1951 1404 2008 tangun-

354 2034 397 2072 tur
404 2018 447 2070 hic
454 2020 565 2070 fortasse
573 2016 680 2087 quidam
691 2017 785 2068 famosi
794 2018 919 2082 Romani,
929 2037 995 2088 quoa
1003 2019 1029 2069 io
1038 2031 1173 2071 senectute
1183 2020 1277 2090 nugari
1286 2039 1340 2071 non
1351 2041 1402 2092 pu-

354 2101 448 2165 debat,
461 2099 574 2170 ideoque
580 2101 636 2168 jam
646 2096 725 2149 dixit:
741 2097 815 2151 Tunc
824 2117 905 2170 quum
916 2099 950 2149 acl
959 2100 1096 2165 canitiem,
1106 2112 1156 2151 etc.
1167 2103 1289 2152 Attamen
1299 2099 1403 2155 vetulus

355 2186 381 2234 io
391 2179 554 2253 apostrophe
564 2180 657 2249 sapius
670 2179 800 2250 accipitur
808 2181 883 2250 quasi
894 2177 990 2230 delirus
1004 2196 1082 2231 senex
1094 2191 1120 2230 et
1132 2181 1229 2252 turpis,
1242 2195 1288 2232 aut
1298 2181 1402 2254 simpli-

354 2264 420 2314 citer
428 2263 502 2331 quasi
512 2257 623 2310 stolidus
634 2272 659 2309 et
669 2275 797 2332 nequam²
809 2260 850 2309 vix
859 2257 949 2309 habita
959 2259 1041 2310 aetatis
1051 2259 1162 2310 ratione.
1177 2258 1260 2311 Plaut.
1274 2258 1351 2331 Epid.
1363 2263 1402 2328 Π,

342 2359 384 2410 ᾳ,
392 2343 416 2408 l.
427 2337 558 2408 ilriatoplr.
567 2336 638 2388 nuh.
648 2337 707 2406 789.
715 2331 988 2390 -Aisriculisolienis
994 2355 1062 2389 escas
1067 2333 1198 2410 collipcrc,
1206 2339 1291 2390 facete
1298 2338 1402 2392 dictum

353 2437 420 2491 pru:
436 2417 528 2468 alienis
542 2415 649 2467 auribus
665 2414 805 2468 scribendo
819 2413 859 2467 vel
874 2414 1010 2467 recitando
1024 2417 1156 2467 inservire.
1168 2417 1344 2470 Tritissimum
1359 2431 1402 2471 est

353 2498 425 2570 apud
434 2497 539 2548 Graecos
549 2495 671 2560 διωχῧθιι
681 2495 769 2562 alpert,
780 2509 805 2547 et
817 2495 914 2560 ιὺιχίιι
924 2493 964 2545 sei
973 2492 1086 2550 insint:
1096 2493 1179 2547 tntu.
1197 2496 1291 2549 AElian.
1305 2497 1335 2550 V.
1351 2501 1401 2567 ll,

352 2583 400 2644 111,
418 2595 425 2628 ι
440 2599 445 2628 :
459 2575 611 2630 salimurius
621 2571 647 2627 αὖ
653 2574 724 2641 μα’λιι
734 2575 778 2631 rsit
789 2573 873 2637 hesir,
886 2577 903 2626 i.
917 2595 940 2628 s.
952 2589 978 2628 et
987 2579 1053 2628 mire
1059 2587 1202 2628 vescuntur
1209 2576 1399 2631 auditionibus.

384 2749 446 2794 Vn.
462 2744 499 2790 ²3.
512 2741 600 2802 Quibus
612 2751 634 2788 et
643 2745 705 2789 dictu
718 2749 770 2788 cute
778 2745 880 2806 perditus
890 2759 896 2790 :
908 2741 958 2790 ulie.
967 2743 1121 2790 -Scribitur
1130 2745 1155 2790 iu
1169 2745 1244 2793 MMS.
1258 2744 1314 2792 lsohe
1324 2758 1347 2793 et
1357 2747 1401 2796 hoe

353 2821 376 2858 et
387 2807 436 2856 ulte.
452 2809 592 2852 Postremum
603 2804 841 2866 praedicationem,
857 2821 910 2869 quas
919 2804 1012 2852 videtur
1020 2807 1092 2854 luisse
1101 2808 1215 2854 usitatior.
1234 2808 1325 2854 Nullam
1341 2825 1401 2858 sero

353 2881 434 2927 harum
445 2879 588 2926 admiserunt
599 2875 693 2938 quidm
703 2876 805 2924 editores
811 2894 818 2932 ;
833 2877 874 2926 sed
885 2891 1014 2940 posueruut
1025 2877 1091 2935 culte,
1108 2891 1148 2926 eut
1162 2895 1220 2935 ruo,
1235 2880 1400 2930 bacchantium

352 2967 445 3004 rocem,
454 2966 524 3012 quam
531 2947 585 2994 lruic
594 2946 648 2994 loco
657 2948 750 2993 minime
761 2951 939 2994 convenientem
946 2951 983 2994 vix
991 2951 1138 3012 interpretati
1145 2963 1281 3014 potueruut.
1291 2953 1318 2997 ln
1327 2969 1400 3017 quem

352 3039 456 3070 errorem
464 3023 544 3070 lorsao
553 3035 621 3068 versu
631 3019 719 3066 Horatii
729 3021 817 3068 inducti
829 3034 895 3077 suut,
906 3024 929 3068 iu
939 3037 987 3085 quo
996 3023 1059 3070 vocis
1067 3022 1109 3070 ohe
1118 3026 1182 3086 prior
1189 3026 1329 3088 corripitur:

552 3095 692 3150 Importuous
699 3103 759 3136 amet
766 3091 861 3136 laudarit
869 3097 939 3138 Donec
947 3094 1043 3152 otejsm
1050 3127 1055 3139 .
1062 3130 1066 3139 .
1074 3129 1078 3138 .

352 3171 398 3216 Sat.
409 3171 441 3224 11,
451 3169 476 3224 5,
487 3169 525 3231 96.
538 3167 638 3214 Produci
648 3182 703 3213 vero
712 3183 806 3230 quoque
819 3179 908 3230 potest,
921 3183 947 3216 ut
956 3180 1053 3232 apparet
1062 3186 1105 3232 per
1113 3167 1176 3217 lruuc
1185 3169 1296 3219 Martialis
1304 3171 1397 3230 locum,

352 3243 392 3289 tib.
405 3245 450 3299 lv,
461 3259 491 3304 90
500 3258 506 3288 :
516 3239 623 3305 OheJ'am
634 3241 701 3296 satis,
714 3241 755 3288 olse
763 3239 847 3289 libelle.

387 3343 453 3392 Nor.
464 3341 505 3392 23.
515 3337 746 3409 Auriculisquibus
752 3352 779 3392 et
787 3341 856 3392 dicus
865 3351 924 3390 cute
932 3340 1064 3412 perditus:
1077 3340 1136 3392 olre.
1146 3369 1181 3379 —
1190 3339 1398 3403 Auriculis5hoc

350 3421 472 3470 iteratum
488 3432 566 3488 auget
581 3420 618 3469 rei
635 3418 826 3489 indignitatem.
842 3450 878 3459 -
894 3421 957 3471 Cute
969 3419 1097 3490 perditus,
1111 3423 1217 3492 proprie
1231 3422 1322 3472 vitium
1334 3439 1398 3473 cor·

351 3500 422 3568 poris
432 3496 486 3548 haec
496 3495 574 3549 verba
584 3496 714 3562 indicant,
722 3517 779 3569 quae
788 3498 829 3551 vel
839 3495 871 3550 tle
882 3498 1003 3550 scabioso
1013 3516 1154 3569 possumus
1164 3500 1343 3571 interpretari,
1354 3499 1399 3551 vel

352 3577 385 3629 de
400 3596 432 3630 eo
452 3580 496 3648 qui
515 3595 584 3648 aqua
602 3579 730 3630 intercute
749 3577 858 3631 laboret.
877 3579 1085 3630 Transieruntur
1100 3592 1188 3630 autern
1205 3578 1248 3632 hio
1265 3579 1298 3631 ad
1315 3582 1398 3633 animi

352 3657 458 3720 vitium,
473 3674 526 3727 quo
539 3655 692 3708 erubescere
707 3675 760 3708 non
772 3659 856 3728 possit
868 3659 993 3708 recitator
1002 3656 1252 3729 impudentissimus.
1265 3659 1306 3711 Sic
1315 3657 1398 3710 Luci-

352 3734 402 3787 lius
412 3757 418 3785 :
429 3753 526 3808 quam
540 3745 564 3785 te
578 3734 652 3786 credo
667 3736 694 3785 in
703 3735 798 3805 {animo
810 3736 900 3788 labere
912 3738 1061 3787 intercutem
1068 3758 1078 3798 ,·
1088 3739 1126 3787 sic
1135 3739 1226 3808 opinio
1236 3740 1277 3789 sui
1285 3749 1398 3789 vocatur

353 3814 470 3887 hydrops.
484 3814 537 3867 sid.
552 3814 668 3885 Apollin.
681 3814 726 3867 lib.
742 3818 791 3884 tx,
806 3815 839 3867 ad
851 3817 986 3868 Faustum.
1002 3847 1038 3856 -
1059 3817 1127 3884 Olse,
1140 3819 1286 3888 interjectio
1301 3830 1341 3870 est
1353 3836 1397 3869 sa·

351 3897 465 3946 rietatem
476 3911 560 3966 usque
570 3892 604 3944 ad
616 3894 749 3947 fastidium
762 3894 910 3965 designans.
921 3897 1011 3949 Horat.
1023 3896 1060 3963 ll,
1070 3897 1137 3964 Sat,
1153 3897 1185 3964 5,
1197 3897 1247 3969 96:

551 3983 691 4037 tnponunos
699 3993 759 4025 amat
767 3983 864 4027 laudarit
871 3983 951 4033 donec,
960 3984 1003 4028 Olre
1009 3983 1069 4039 ljnm

550 4047 665 4092 luceium
673 4049 775 4092 manibus
781 4049 871 4094 sublatis
877 4051 965 4104 dixerit,
973 4065 1036 4108 urge5
1045 4059 1065 4094 et

551 4117 685 4158 Crescentem
694 4113 783 4160 tumidis
789 4115 841 4160 inda
848 4117 985 4160 sermonibus
993 4127 1071 4160 utrem.
