3116 4934
463 457 691 522 IMITATIO
715 455 926 521 HORATH.
1155 456 1221 546 579

212 585 263 662 dn.
278 583 436 658 Credimus,
449 584 536 664 inque
550 584 640 642 vicem
651 579 812 665 psoebemus
822 602 908 642 cmm
918 584 1038 665 saqittis.
1049 616 1089 636 -.-
1098 583 1225 644 Notissi-

174 702 243 742 mus
256 681 378 741 Horatii
393 699 512 755 versus,
524 676 592 762 Epl.
609 699 642 751 α,
655 675 710 740 lib.
723 699 781 740 soc.
792 699 836 738 νε.
850 699 905 761 92:

360 832 488 890 Cdimnr,
502 843 526 878 st
534 831 628 879 totidem
638 831 710 895 plsgis
718 833 876 879 consumimus
884 830 982 879 hostem.

215 966 265 1044 43.
281 968 397 1029 Vivitur
408 964 465 1030 iroe
476 978 573 1048 paeto.
587 999 626 1012 -
637 967 697 1028 sat.
712 964 821 1026 ultima
834 963 907 1026 libri
923 985 979 1026 sec.
993 986 1036 1026 νε.
1051 964 1105 1026 65:
1142 928 1147 938 Ι

362 1121 417 1167 Hire
428 1131 461 1166 sss
472 1117 577 1167 conditio
588 1118 688 1165 vivendi.
701 1153 707 1165 .
720 1153 725 1164 .
738 1154 743 1165 .
756 1155 762 1167 .

177 1253 283 1314 confer
296 1253 453 1334 integrum
467 1250 580 1312 locum.

180 1395 183 1402 ,
218 1349 268 1425 45.
287 1351 324 1410 Ut
337 1351 445 1423 mavis,
457 1348 497 1408 da
508 1346 607 1408 verba.
620 1384 657 1393 -
671 1349 716 1408 Ex
730 1347 791 1410 illis
805 1348 941 1410 Horatii:

366 1512 495 1567 Uerrinis,
506 1511 621 1557 imitare..
647 1546 669 1556 ..

180 1654 258 1714 Vide
272 1653 377 1714 locum
392 1654 424 1713 in
438 1654 536 1713 Satira
551 1674 585 1729 2,
601 1650 656 1712 lib.
669 1653 693 1712 1.

220 1749 298 1812 lbid.
311 1752 418 1832 Decipe
430 1769 539 1810 nervos.
551 1782 589 1794 -
603 1749 701 1830 Epist.
720 1748 755 1810 16
768 1747 842 1808 libri
856 1749 967 1832 primi,
981 1770 1024 1810 vs.
1038 1769 1075 1808 22
1089 1773 1096 1807 ε

373 1935 377 1946 .
388 1935 394 1945 .
404 1935 409 1944 .
420 1936 426 1945 .
436 1935 441 1946 ,
452 1935 456 1944 .
469 1897 591 1946 Occultum
600 1897 689 1946 febrem
699 1898 743 1946 sub
754 1910 846 1962 tempus
855 1897 939 1945 edendi

368 1970 502 2018 Dissimulet
506 2005 575 2017 .....

182 2106 242 2166 Ubi
258 2105 364 2166 eadem
378 2117 528 2166 tractatur
542 2104 701 2166 sententis.

221 2201 270 2278 46.
285 2205 447 2286 Eqreqium
458 2223 549 2286 quum
563 2223 609 2261 me
620 2203 729 2262 vicinia
741 2201 828 2263 dieat.
842 2237 880 2246 -
891 2201 1028 2278 Ibidem,
1046 2221 1089 2262 νε.
1104 2222 1161 2262 22:

374 2391 379 2400 .
390 2389 396 2400 .
406 2389 411 2398 .
423 2357 460 2401 ‚Si
469 2365 492 2402 se
501 2351 603 2418 populus
613 2367 697 2400 sorsum
706 2365 815 2417 reeteque
824 2352 938 2400 ssientem

368 2427 463 2473 uitiiset
465 2460 530 2472 .....

183 2561 269 2621 ldem
283 2562 317 2619 in
330 2562 347 2620 5
361 2559 487 2621 secundi
501 2562 561 2621 Sat.
577 2579 620 2619 νε.
639 2561 712 2620 106:

371 2711 466 2774 Egregie
475 2711 561 2757 facium
571 2709 651 2756 raudo
660 2711 754 2755 vicino.
765 2745 770 2754 .
780 2744 785 2754 .
797 2744 801 2754 .

184 2849 224 2907 Et
236 2847 269 2906 in
283 2848 379 2928 Epist.
398 2847 446 2921 16,
462 2845 515 2906 lib.
531 2845 651 2927 primo,
666 2864 708 2905 νε.
722 2841 763 2920 44
776 2866 783 2902 :

372 2999 417 3047 sei
425 2998 932 3046 videtisneomnisdomuusvicrniswo.

226 3139 273 3197 50.
297 3139 498 3218 Nequiequam
515 3133 623 3218 popolo
645 3133 758 3195 bibulas
778 3133 931 3195 donaveris
948 3155 1041 3195 aures.
1054 3167 1093 3180 -
1104 3136 1237 3213 ibidem,

186 3253 230 3294 vs.
249 3253 302 3312 19:

367 3361 411 3410 Sed
423 3377 506 3408 vereor
514 3377 543 3408 ne
551 3363 589 3408 eui
600 3361 629 3408 de
640 3373 662 3407 te
671 3361 725 3424 plus
734 3377 806 3425 quom
815 3361 859 3408 tibi
868 3361 956 3409 eredes.

187 3504 244 3566 Sed
255 3507 287 3564 τὸ
302 3499 414 3562 bibulas
433 3497 496 3560 alio
507 3511 638 3581 spectat3
656 3518 730 3559 nam
746 3499 781 3558 in
790 3498 844 3560 lib.
855 3499 885 3559 11
893 3500 1097 3580 carminum,
1113 3504 1175 3564 odo
1188 3504 1239 3586 13,

186 3604 264 3664 dixit
277 3601 415 3675 Flaccus,
430 3598 486 3658 32:

373 3747 475 3792 Densum
485 3744 590 3791 humeris
599 3743 659 3790 bibit
667 3758 724 3789 sure
733 3742 822 3805 vulgus.

232 3883 280 3941 52.
304 3883 409 3940 Tecum
425 3878 536 3941 habita.
555 3913 593 3926 -
611 3880 738 3940 Diverso
752 3899 844 3940 sensu
858 3881 1006 3943 Horatius
1018 3883 1052 3943 in
1071 3886 1199 3967 septima
1214 3887 1243 3946 11

190 3979 264 4040 libri
278 3980 338 4040 Sat.
353 4001 395 4040 νε.
414 4000 487 4039 112:

409 4126 459 4170 Non
470 4123 552 4169 horam
562 4135 639 4168 serum
649 4137 698 4169 esse
706 4137 780 4185 potes.

1046 4209 1100 4292 37.
