3026 4944
310 471 358 536 IN
384 469 594 536 SATIRAM
618 469 822 533 PRIMAM.
1045 471 1082 540 51

100 615 136 654 att
143 603 170 656 sit
179 604 227 670 ejas
238 599 291 650 loci
300 598 463 662 obscuritas,
475 607 549 647 tauta
559 596 592 648 de
602 595 761 648 lectionibus
774 599 924 665 contentio,
936 613 989 652 tant
1002 604 1091 658 mult·

100 699 174 735 esensu
183 680 385 752 disputationes,
398 679 530 748 sapienter
538 694 587 748 ego
598 677 782 728 nefariarum
792 677 873 730 fuisse
884 683 989 750 putavi,
1002 685 1023 734 si
1033 703 1090 736 ver·

100 780 116 814 u
124 761 160 830 93,
168 763 209 830 94,
218 759 263 830 95,
275 761 301 810 in
311 775 373 810 meo
384 770 455 809 textu
466 755 578 826 legerem
590 773 643 827 quo
651 754 732 806 modo
742 755 934 826 probatissimis
945 757 1092 818 editoribus

100 855 187 910 guntur,
204 838 362 911 eosdemque
376 839 403 888 in
417 837 632 906 interpretatione
646 836 728 886 textui
742 833 863 905 subjecta
877 855 1005 908 ponerem
1023 843 1093 897 inte·

100 941 137 986 os,
148 939 223 992 neque
235 921 293 991 ipse
304 921 499 989 interpretarer.
512 916 617 966 Etenim
631 915 756 984 amonium
768 913 802 965 de
814 913 867 966 hoc
879 913 940 968 loco
952 919 1018 972 nibil
1030 927 1093 978 satis

100 1015 173 1068 instet,
181 1017 262 1072 neque
272 995 347 1050 aliud
355 994 498 1068 quidquam
508 993 636 1046 habemus
644 995 799 1066 interpretes
808 1013 886 1066 want
897 995 1094 1070 disquisitiones

106 1085 267 1152 conjecturas,
279 1077 335 1130 haec
349 1077 436 1126 omnia
449 1072 513 1126 mihi
522 1075 640 1126 veritatis
653 1073 773 1128 studioso
787 1089 814 1128 et
824 1074 950 1131 lectorem
963 1085 1094 1136 reverenti

106 1176 173 1214 nous
185 1155 359 1214 transferenda
371 1157 487 1208 fuerunt.

100 1323 147 1370 Vsa.
163 1336 200 1385 φ.
212 1321 255 1370 Sed
262 1320 363 1366 assuris
373 1318 440 1364 decor
448 1325 482 1362 est
493 1323 515 1360 et
520 1318 632 1378 junctura
640 1314 718 1360 addita
726 1315 812 1360 crudis.
823 1339 853 1352 -
863 1317 958 1378 legitur
966 1335 1062 1386 qusque
1071 1325 1095 1372 ί,

100 1393 213 1456 umcriptis
225 1390 298 1438 Codd.
314 1389 353 1436 bic
367 1401 447 1434 versus
460 1387 484 1430 in
498 1384 560 1430 huuc
573 1382 670 1430 modum
683 1401 689 1430 ι
704 1385 751 1430 &d
763 1388 863 1432 numnis
876 1387 944 1435 decor
955 1400 979 1436 et
985 1395 1097 1454 junctum

105 1467 176 1510 addita
189 1463 269 1509 audis.
283 1463 340 1522 Quae
354 1460 453 1506 varietas
466 1455 545 1517 capilli
560 1457 666 1502 interest.
681 1479 714 1492 -
726 1455 803 1502 Potest
818 1454 857 1501 bic
873 1474 952 1506 sersus
965 1477 1033 1524 equo
1043 1465 1098 1526 jure

100 1537 128 1581 ssi
138 1547 177 1580 aut
187 1531 306 1586 monitori,
322 1529 363 1592 qui
377 1525 488 1572 defendat
500 1527 524 1570 iu
536 1521 581 1570 boc
594 1522 708 1586 aequales,
721 1523 786 1585 quod
796 1523 877 1572 ssiteta
888 1541 993 1576 veterum
1005 1533 1028 1578 in
1041 1549 1099 1596 psu-

100 1601 282 1652 fflmrmiuibus
291 1600 423 1646 barbariem
431 1595 549 1650 erueriut;
558 1606 598 1640 sut
606 1597 650 1656 ipsi
657 1596 747 1650 Persio,
757 1595 797 1657 qui
807 1610 860 1642 suas
868 1599 1101 1666 equalibusiueptiss

100 1679 143 1724 dee
154 1673 287 1738 pruinas.
300 1673 404 1718 Priorem
415 1683 469 1716 cum
483 1666 602 1730 plerisque
612 1666 741 1714 editoribus
751 1665 876 1716 lectionem
886 1671 990 1732 pratuli,
1003 1689 1055 1737 qua
1065 1691 1102 1722 rs-

100 1749 129 1793 nit
140 1745 228 1806 Dialogi
241 1746 316 1798 vicen
329 1742 414 1790 sedita
424 1738 529 1804 pmuli,
542 1751 568 1784 ut
579 1739 604 1786 in
614 1740 720 1800 sequenti
733 1753 801 1786 sessu
812 1755 917 1788 recurrat
928 1743 1018 1790 ironias
1029 1747 1101 1794 Persii

100 1834 182 1866 mano.

100 1920 156 1971 lor.
175 1935 217 1988 92.
229 1916 280 1969 Sed
287 1913 403 1966 numeris
414 1913 489 1962 decor
497 1921 534 1962 est
542 1919 569 1961 et
571 1911 701 1982 junctura
713 1905 803 1960 addita
815 1909 909 1964 medis.
919 1913 1101 1982 ——Nstmerin

100 2019 106 2052 r
117 1997 198 2051 serbo
208 2015 275 2068 sape
285 1995 383 2066 saepius
394 2009 441 2064 per
451 1989 625 2042 catachresim
638 2000 750 2040 utuntur
759 2001 857 2060 poeta,
871 2009 924 2062 quo
936 2012 1026 2048 rems
1038 2015 1102 2052 300,

100 2083 208 2152 ignens,
220 2078 370 2144 Nosterque
381 2075 435 2141 jam
446 2071 522 2121 initio
535 2067 614 2140 hujus
627 2069 712 2120 satira
724 2069 752 2120 in
764 2067 837 2121 hunc
849 2071 957 2124 modurn
972 2094 1037 2129 usus
1049 2091 1104 2145 est,

104 2178 169 2213 vers.
192 2157 232 2209 13.
243 2155 385 2213 -Decor,·
403 2149 429 2201 id
443 2148 515 2221 quod
530 2149 623 2214 decet,
636 2159 774 2214 venustas,
789 2155 1104 2224 ornatus-dmm,

100 2241 197 2314 politio
206 2237 274 2292 bene
284 2249 482 2305 compactarum
493 2234 561 2286 inter
571 2249 598 2284 se
609 2233 741 2302 partiums
753 2247 786 2283 eo
796 2233 866 2284 enim
877 2251 957 2288 sensu
966 2255 1017 2290 ros
1026 2258 1103 2293 usur·

100 2343 133 2374 nr
141 2320 206 2373 adv.
214 2316 249 2371 65
260 2313 380 2386 ejusdem
389 2311 605 2380 hujusce-satire.
615 2301 730 2376 Quintil:
738 2310 780 2373 X,
790 2309 820 2375 d:
834 2312 883 2362 sin
890 2316 963 2366 omni
973 2319 1105 2390 composi.

100 2405 251 2456 sets-'tasum
258 2389 658 2461 necessaris,ordo,junctura,'
667 2403 799 2442 nements.
808 2413 819 2437 ι
827 2392 1104 2466 compositionem,b.

100 2482 256 2553 {umulianh
267 2471 507 2548 accipedeverbis,
519 2487 575 2520 non
583 2469 616 2520 de
624 2469 705 2520 totius
715 2471 803 2538 operis
810 2472 931 2541 partibus
941 2474 1106 2534 collocandis

100 2561 294 2624 connectendis;
308 2559 336 2610 id
351 2559 418 2609 enim
428 2554 568 2626 dispositio
579 2561 703 2616 vocatur,
713 2559 768 2600 non
780 2555 946 2624 compositio.
958 2559 996 2610 lta
1007 2573 1036 2611 ut
1044 2562 1106 2627 iust-

100 2665 130 2699 να
142 2645 258 2698 rideatur
272 2642 355 2692 fuisse
370 2655 411 2688 ars
427 2631 577 2688 collocandi
588 2643 615 2682 et
627 2627 768 2700 ordinandi
776 2629 869 2698 verbs,
880 2647 909 2686 ut
923 2637 1029 2690 suavior
1042 2639 1107 2692 fluat

100 2727 146 2778 tio.
161 2754 198 2764 -
212 2722 272 2774 Alia
288 2719 392 2772 ratione
408 2711 529 2766 nonnulli
546 2712 705 2782 interpretes
714 2713 871 2782 juncturam
885 2713 1108 2788 interpretantur;

100 2805 172 2858 idem
186 2803 259 2855 enim
271 2799 324 2850 hoc
336 2797 398 2848 loco
410 2795 463 2846 vim
477 2792 598 2846 obtinere
613 2801 709 2860 putant
724 2789 852 2857 verbum,
866 2810 897 2844 ae
910 2811 961 2844 vox
974 2795 1108 2862 clsusuls3

100 2885 119 2936 tl
129 2903 174 2938 eas
182 2879 451 2936 clausulasversuum
462 2874 595 2937 referunt,
605 2887 664 2942 quse
671 2871 740 2924 intre
747 2885 942 2924 memorantur:
953 2871 1034 2940 Atts's,
1044 2874 1110 2930 Del-

100 2985 120 3029 t,·
137 2981 256 3036 qumque
269 2976 361 3012 versus
373 2959 442 3010 iuter
453 2973 495 3020 se,
508 2955 625 3024 priorem
634 2969 695 3004 cum
708 2949 806 3017 altero,
814 2953 940 3024 jungunt.
953 2984 989 2994 —
1002 2957 1108 3022 Caedis,-

100 3046 140 3096 bis
150 3043 271 3096 incoctis
282 3053 308 3094 et
317 3036 464 3090 immaturis
476 3032 598 3104 frugibus
606 3043 749 3102 sumptum.
766 3029 863 3084 Crudos
873 3050 993 3086 uumerus
1004 3054 1050 3088 ecs
1064 3037 1109 3089 iu·-

100 3144 154 3196 go,
168 3125 218 3197 qni
233 3119 365 3174 nonsatis
376 3113 484 3187 expoliti
494 3126 570 3178 sunt,
582 3115 609 3163 in
621 3111 717 3183 quibus
728 3112 837 3164 omnino
847 3112 916 3164 inest
925 3112 1025 3184 aliquid
1035 3116 1110 3187 quod

100 3203 181 3256 ndat.
197 3203 242 3256 Sic
258 3210 334 3252 erant
345 3214 438 3250 versus
449 3195 586 3265 priorum,
598 3192 636 3240 uti
649 3187 767 3240 defendit
780 3189 861 3240 Persii
873 3189 1053 3255 adversarius;
1067 3211 1110 3246 re-

100 3286 204 3339 tiorum
216 3283 417 3353 rerojuncturu
429 3273 523 3328 molliti
535 3283 597 3326 suut
609 3283 636 3322 et
646 3268 768 3322 decorati.

100 3407 150 3455 tm,
172 3402 222 3472 93.
239 3397 368 3453 claudere
383 3396 419 3447 sic
435 3409 534 3446 sermm
549 3383 821 3444 didicits-Didicin
835 3385 895 3436 sub.
909 3384 1006 3456 aliquis
1022 3407 1112 3461 sequa·-

100 3505 124 3548 „
139 3481 187 3532 ,ει
204 3493 302 3532 noster
315 3475 360 3529 ille
374 3488 469 3547 poeta,
484 3473 531 3543 qui
541 3469 621 3540 vulgo
633 3465 769 3538 probatur.
783 3463 887 3532 Quibus
898 3463 995 3517 durum
1009 3465 1113 3523 videtur

100 3562 139 3613 fit
151 3563 195 3614 ,ic
207 3561 331 3631 positum
344 3554 481 3618 absolute,
492 3549 660 3602 meminerint
674 3547 823 3595 iisersuum
833 3541 868 3608 do
881 3554 907 3594 et
917 3543 966 3609 85,
978 3547 1112 3618 inquibus

103 3639 178 3690 insili
192 3640 304 3689 mtione
313 3635 429 3707 positum
439 3645 486 3684 est.
495 3629 584 3681 Persio
594 3624 719 3678 solemnis
729 3635 768 3673 est
778 3619 822 3672 illa
833 3623 1006 3673 constructio.
1014 3624 1115 3680 Didicit

100 3731 247 3790 spretatur
254 3715 353 3788 Koeniq
365 3729 414 3784 per
425 3709 487 3762 solet
492 3731 502 3770 ‚·
514 3705 603 3760 malim
615 3703 784 3772 interpretari
794 3718 844 3770 per
853 3702 938 3765 novit,
949 3705 1112 3778 excapitavit.

100 3795 229 3848 iltrudem
239 3811 358 3857 maim,
369 3809 423 3842 nou
432 3787 466 3840 sd
476 3787 561 3840 sulam
571 3785 685 3834 fortasse
696 3797 818 3832 versuum
829 3777 973 3831 clausulam
983 3783 1115 3852 pertinet,

100 3881 121 3929 ti
136 3895 244 3929 omnes
257 3873 382 3926 arbitrari
393 3871 514 3921 videntur
523 3870 695 3936 interpretes,
706 3861 754 3913 sed
764 3859 799 3912 ad
810 3873 894 3911 totam
904 3878 1030 3912 versuum
1042 3879 1116 3913 cont.

100 3961 229 4010 tionem.
240 3957 289 4008 Est
301 3956 376 4006 enirn
385 3966 490 4022 recepta
501 3948 573 4021 apud
581 3947 690 3998 Latinos
702 3943 802 3996 locutio
810 3939 930 3994 claudere
941 3959 1054 4009 emm,
1065 3959 1115 4014 pro

100 4057 155 4090 usn
168 4037 282 4107 fingere
293 4035 336 4086 vel
349 4050 473 4105 pangere.
485 4031 557 4101 Virg.
570 4029 622 4080 Cir.
637 4045 686 4078 ao:

269 4125 294 4166 Et
304 4121 409 4180 gracilem
419 4117 479 4161 molli
489 4117 551 4160 liceat
560 4117 614 4173 pede
624 4113 729 4156 claudere
739 4125 831 4155 uersssn

100 4203 179 4270 signi
202 4213 271 4252 sunt
286 4215 380 4251 sensus
397 4193 437 4246 lsoe
448 4211 525 4245 voces
533 4197 658 4264 junctura
671 4203 697 4241 et
708 4186 842 4242 clauderes
855 4201 911 4252 quac
923 4183 945 4232 si
957 4199 1054 4235 norum
1065 4203 1119 4236 ear.

949 4281 977 4354 d.
