2970 4936
348 484 412 565 264
515 483 669 547 vuum
693 481 963 549 anemonas
986 484 1048 548 aa
1073 483 1209 550 noun

339 612 469 676 jun'etienat
484 618 523 666 ut;
536 623 638 671 namque
653 607 691 654 bic
705 619 739 654 eet
754 606 922 655 admirativum.
940 611 977 654 Sic
991 609 1054 670 apud
1067 609 1149 671 Virgil.
1162 609 1241 674 ming.
1256 612 1323 668 vm,
1336 611 1380 669 ξος

545 696 886 753 vttidi,ntperii,tstmemalua
893 697 1058 742 abstulitertot!

378 799 445 849 Nor.
462 791 512 858 23,
525 789 566 856 ad.
583 789 618 842 Ut
628 805 702 839 mmo
713 788 741 838 in
750 803 800 839 sese
809 797 890 840 tentat
899 787 1058 854 descendere,
1070 807 1146 840 nemo
1155 811 1165 851 ,-
1174 789 1225 844 Sed
1232 791 1383 863 precedent

342 887 472 954 spectatur
483 872 598 923 mantica
611 871 696 942 serpo!
707 896 742 907 -
753 869 801 918 llis
812 867 930 920 versibus
942 870 1062 922 transitio
1075 867 1103 920 lit
1116 868 1149 920 ad
1162 870 1272 922 alteram
1283 885 1384 942 partem

343 960 440 1014 satirici
452 953 587 1008 sennonis.
605 950 696 1000 Priore
711 948 809 1000 scilicet
821 952 946 1018 juvenem
966 947 1103 1000 admonuit
1122 950 1206 1002 civilis
1225 953 1383 1022 prudentie,

342 1022 421 1115 qnam
432 1051 540 1109 prorsus
549 1034 664 1104 ignoret,
673 1046 756 1099 quum
765 1047 798 1080 ne
807 1030 889 1099 prima
898 1028 1004 1100 quidem
1013 1030 1146 1101 sapientia
1156 1029 1287 1084 elementa
1294 1034 1384 1086 melios
1474 1041 1475 1044 ’

341 1121 457 1183 noverit,
468 1133 548 1187 quam
558 1130 573 1164 e
582 1107 722 1182 plebecula
732 1108 870 1161 vilissimus
881 1111 1001 1180 quisque.
1011 1111 1090 1162 Nunc
1101 1129 1164 1162 vero
1176 1108 1228 1163 bac
1239 1115 1383 1184 posteriore

340 1213 417 1275 parte
428 1194 512 1248 tendit
523 1190 626 1260 longius
639 1189 733 1252 Poeta,
746 1185 920 1258 eumdemque
931 1186 1005 1238 illum
1018 1188 1190 1259 praeferocem
1202 1190 1384 1244 adolescentu-

255 1299 256 1302 ’
340 1282 410 1345 lum,
423 1277 468 1348 qui
483 1289 511 1326 se
526 1271 665 1343 politicum
680 1267 748 1319 ierat
762 1281 789 1318 et
804 1269 832 1317 in
847 1279 954 1319 ceteros
969 1267 1090 1320 homines
1105 1271 1246 1340 imperium
1263 1271 1315 1323 sibl
1326 1271 1385 1324 velit

294 1337 299 1344 Ι
342 1373 479 1428 arrogare,
491 1351 654 1404 demonstrat
664 1344 707 1396 vel
722 1344 793 1395 infra
808 1343 998 1396 humanitatem
1011 1363 1068 1397 esse
1085 1345 1256 1419 prolapsum,
1274 1353 1321 1420 qui
1334 1363 1384 1401 tur-

341 1435 455 1510 pissimis
467 1429 633 1498 mancipetur
643 1421 833 1492 voluptatibus.
852 1421 902 1474 Sed
914 1420 1049 1474 hominem
1065 1441 1118 1495 quo
1135 1429 1232 1479 certius
1249 1427 1382 1494 conficiat,

339 1524 394 1569 nori
412 1523 501 1584 aperte
520 1506 654 1569 adoritur,
672 1519 759 1572 neque
774 1500 890 1552 violenta
910 1504 1050 1570 oratione,
1068 1517 1095 1555 at
1113 1523 1161 1575 per
1177 1505 1300 1558 callidam
1316 1507 1383 1559 banc

339 1593 507 1667 tepidamque
519 1583 624 1637 dicendi
635 1582 780 1633 rationem:
795 1580 830 1631 Ut
839 1599 915 1633 nemo
928 1583 955 1632 in
967 1599 1018 1635 sese
1029 1595 1124 1650 tentat,
1138 1599 1206 1649 etc,
1220 1604 1252 1637 eo
1262 1587 1384 1640 immitis·

339 1692 407 1738 rem,
422 1667 494 1741 quod
508 1664 614 1717 minime
628 1661 733 1711 inimica
748 1657 875 1710 videatur.
891 1661 973 1712 lmmo
986 1663 1064 1713 etiam
1076 1681 1185 1717 arcanas
1198 1664 1315 1718 bominis
1327 1667 1384 1718 libi-

339 1753 415 1805 dines
424 1766 480 1801 non
489 1763 538 1797 auo
550 1743 656 1793 nomine
666 1739 820 1810 descripsit,
836 1737 883 1790 sed
893 1751 923 1791 nt
936 1737 993 1792 aliia
1003 1739 1216 1795 describerentur
1225 1745 1331 1812 retulit,
1344 1748 1384 1797 vix

338 1832 383 1886 isti
399 1828 500 1881 rumori
518 1822 597 1875 iidem
616 1818 740 1871 adhibere
759 1821 845 1886 visua,
863 1817 1033 1888 usqueadeo
1052 1834 1206 1890 portentosa
1227 1827 1381 1876 narrantur!

339 1906 517 1964 Admirandus
530 1916 602 1956 certe
615 1900 704 1966 locus,
719 1900 862 1976 prasertim
877 1917 959 1969 quum
975 1917 1008 1952 eo
1020 1913 1145 1971 tangatur
1154 1921 1252 1955 arcana
1265 1906 1319 1956 vita
1334 1905 1384 1956 Ne·

338 1993 425 2056 ronis,
438 2004 517 2058 quam
530 1994 668 2035 attrectare
679 1996 785 2032 summae
795 1977 890 2049 egebat
903 1979 1064 2032 calliditatis.
1079 1981 1164 2052 Tangi
1173 2001 1239 2034 tero
1250 1981 1383 2036 Neronem
1474 1979 1475 1988 ¹

339 2091 370 2125 ex
382 2089 414 2122 eo
428 2065 593 2119 manifestum
606 2072 661 2126 est,
672 2056 746 2132 quod
756 2057 798 2110 his
810 2058 929 2110 versibus
942 2059 1063 2126 ad-da,
1079 2058 1118 2112 nti
1134 2061 1324 2133 subjiciantur,
1340 2065 1383 2137 qni

338 2147 446 2224 proprie
457 2144 556 2196 Neroni
568 2141 743 2203 conveniunt,
757 2150 787 2190 at
800 2136 884 2208 liquet
896 2156 927 2189 ex
939 2138 1023 2190 Tacit.
1037 2139 1132 2192 Annal.
1146 2139 1223 2209 xnt,
1237 2142 1286 2195 25:

538 2229 624 2274 Vivitur
631 2229 672 2271 hoc
679 2225 790 2285 pactotsie
798 2225 954 2271 novimussilia
962 2227 1036 2272 subter

538 2297 624 2340 (lacum
632 2293 809 2337 tulnuthabes..
819 2326 838 2338 ..

338 2390 402 2461 Ejus
418 2398 504 2439 autem
522 2381 576 2436 loci
591 2383 643 2432 vim
665 2393 691 2431 et
709 2379 881 2432 calliditatem
896 2397 990 2453 parum
1004 2381 1164 2438 intellexisse
1176 2386 1298 2439 videntur
1315 2407 1385 2440 oom-

337 2478 499 2529 mactantes,
513 2473 607 2534 praeter
622 2478 705 2512 unum
720 2459 922 2527 casaubonum,
939 2463 984 2534 qui
1000 2477 1109 2515 monent
1120 2467 1228 2517 Poetam
1240 2465 1285 2519 hic
1295 2485 1311 2518 a
1323 2488 1385 2541 pro-

339 2551 427 2622 posito
440 2547 547 2616 longius
561 2540 680 2613 digredi,
694 2553 773 2612 atque
787 2540 940 2594 intercidere
954 2557 1102 2614 queruntur
1114 2555 1234 2598 tenorem
1248 2545 1383 2601 orationis.

338 2659 375 2672 ...
392 2629 427 2682 Ue
439 2642 515 2677 mmo
528 2625 556 2675 t'n
570 2640 620 2674 sese
634 2631 731 2681 tentot‚·
746 2639 824 2672 voees
838 2619 953 2674 hominis
968 2623 1031 2673 vitia
1044 2620 1184 2676 bominum
1197 2645 1286 2678 mum
1298 2625 1385 2679 admi-

338 2709 433 2768 rantia;
446 2721 503 2775 quae
516 2699 621 2752 dicendi
631 2703 701 2751 ratio
714 2698 786 2770 apud
797 2701 915 2751 Persium
927 2701 1051 2755 solemnis
1066 2715 1113 2755 est.
1127 2733 1164 2745 -
1176 2703 1211 2756 In
1222 2724 1273 2758 sese
1282 2706 1386 2759 descen·

338 2789 410 2848 dem
426 2786 547 2836 intimum
563 2781 678 2831 animum
694 2779 869 2848 perscrutari,
884 2779 931 2832 ubi
942 2781 1004 2832 vitia
1016 2782 1107 2834 latent.
1123 2781 1165 2835 Sic
1177 2783 1205 2834 iu
1218 2777 1333 2854 hujusce
1345 2803 1386 2838 aa·

338 2870 392 2918 tirte
411 2863 463 2914 line
480 2877 564 2913 secum
584 2858 706 2909 habitare.
724 2883 761 2898 -
778 2856 829 2908 Sed
843 2859 999 2929 precedenti
1015 2870 1145 2932 spectetur
1163 2863 1280 2915 mantica
1299 2875 1386 2938 serpo,-

339 2943 433 2997 alludit
445 2939 477 2993 ad
489 2940 655 2991 notissimum
665 2935 738 2987 illum
751 2937 843 3008 AEsopi
857 2935 1017 3010 apologum,
1032 2955 1111 3011 quem
1124 2941 1163 2992 aio
1176 2940 1300 2995 Phaedrus
1315 2955 1387 2994 reta·

338 3014 629 3088 lit,lib.lV,fab.1o:

553 3103 616 3144 Peras
624 3099 730 3156 impoauit
736 3100 836 3158 luppiter
843 3102 905 3146 nobis
912 3102 976 3147 duas:

553 3165 645 3223 Propriis
653 3164 758 3222 repletam
765 3166 822 3210 vitiis
829 3178 878 3223 poet
885 3174 969 3224 musa
976 3168 1046 3220 dedit.

554 3231 634 3275 Alienis
642 3241 691 3274 ante
699 3239 774 3288 pecttts
779 3232 891 3288 suspendit
897 3247 991 3290 gntent.

552 3300 595 3342 liae
603 3297 787 3342 reviderenostra
794 3297 904 3342 malanon
911 3313 1039 3357 pessuium

553 3362 805 3420 Aliisintuldelinquunt
813 3395 819 3417 ,
827 3377 1016 3410 censoreasntnua.

337 3451 431 3504 Monet
446 3447 619 3502 casaubonus
635 3445 713 3498 aliam
730 3464 788 3500 ease
806 3449 979 3518 excogitatam
995 3449 1094 3521 AEaopo
1108 3450 1149 3503 vel
1167 3452 1280 3506 Phaedro
1294 3456 1390 3528 imagis

337 3549 414 3596 nem,
432 3529 510 3582 aliam
529 3529 633 3592 Persio,
655 3527 701 3597 qui
719 3545 799 3578 unam
818 3526 984 3580 solummodo
1004 3529 1149 3600 unicnique
1169 3530 1272 3584 homini
1293 3553 1390 3605 peram

338 3611 510 3680 imposuerit,
526 3623 636 3677 eamque
648 3607 701 3658 auis
712 3607 780 3658 vitiis
791 3623 898 3676 gravem
911 3619 937 3658 et
951 3625 966 3658 a
980 3617 1050 3679 tergo
1064 3606 1279 3679 dependentem
1295 3631 1390 3666 vuum

338 3708 369 3741 ex
377 3707 409 3740 eo
418 3687 491 3759 quod
499 3687 545 3757 qui
552 3687 686 3756 sequitur,
694 3687 836 3736 manticam
847 3696 945 3758 spectat
952 3685 1026 3740 dorso
1035 3688 1202 3758 precedentis
1211 3691 1389 3758 insidentem,

338 3787 392 3820 non
402 3766 510 3838 colligas
521 3783 626 3817 necesse
636 3778 689 3831 est,
700 3765 808 3816 alteram
820 3783 874 3816 non
886 3763 1037 3836 dependere
1046 3770 1203 3836 manticem,
1214 3789 1274 3842 quae
1282 3775 1390 3842 pectori

337 3847 454 3918 ejusdem
466 3843 593 3908 insideat,
607 3843 831 3915 quemadmodum
847 3843 961 3913 AEaopus
976 3845 1141 3915 excogitavit.
1162 3850 1197 3900 Ar
1209 3863 1287 3902 vetus
1302 3845 1389 3904 Scho-

336 3927 426 3978 liastes
435 3924 589 3998 precedenti
601 3933 670 3997 tergo
681 3921 801 3994 intelligit
817 3922 850 3975 de
866 3937 992 3994 pectore,
1007 3927 1045 3976 ita
1054 3927 1122 3977 utin
1135 3930 1260 3981 Persiana
1270 3931 1389 4002 imagine

338 4024 422 4058 unum
435 4001 618 4056 tantummodo
631 4000 766 4055 hominem
780 4001 868 4054 videat
881 4005 1077 4073 representari,
1095 4007 1143 4076 qui
1156 4019 1261 4077 spectat
1278 4011 1307 4060 in
1318 4026 1389 4079 pm-

337 4086 437 4140 eedentt'
443 4083 516 4138 dorso
527 4101 589 4149 suo,
596 4082 623 4135 h.
632 4101 654 4135 e.
663 4085 690 4134 in
697 4084 967 4154 pectore‚ntonticam
975 4083 1144 4138 alienitvitiis
1151 4105 1268 4156 gruem
1275 4090 1387 4158 Quanto

337 4163 501 4234 probabilior
512 4179 603 4215 eorum
614 4163 813 4233 interpretatio,
825 4161 870 4233 qai
882 4160 949 4214 daos
960 4160 1003 4214 bic
1016 4179 1073 4216 esse
1082 4160 1177 4216 volunt
1189 4163 1330 4232 homines,
1347 4166 1389 4231 al-‚
