3176 4954
375 435 442 520 378
609 435 645 498 C.
671 432 860 498 LUCILII
885 431 1179 498 FRAGMENTA

374 560 1413 760 utnemosmnnmmltboelldsiergastulus,p0ssitdioere.

868 780 900 846 X

375 937 887 955 ...............
904 830 1003 952 'Dum
1014 885 1110 953 miles
1124 885 1281 980 Hyberus

270 1047 275 1058 .
371 999 509 1080 Terras,
523 1019 563 1064 ac
575 1013 683 1066 meret
693 1011 745 1064 ter
758 1019 815 1066 sex
827 1011 925 1066 oetate
938 998 1035 1092 quasi
1050 1019 1169 1064 annos.

436 1193 440 1202 ,
863 1109 920 1174 XI.

371 1219 421 1284 Te
431 1220 579 1310 primum
591 1241 670 1286 cum
681 1221 752 1286 istis
764 1221 922 1284 Insanum
935 1214 1108 1283 hominem
1117 1231 1151 1282 et
1161 1213 1385 1282 cerebrosum.

856 1331 931 1395 XII.

371 1439 438 1505 Scit
449 1439 602 1530 poeticon
614 1462 703 1520 esse,
715 1437 807 1506 videt
819 1439 951 1516 tunica,
964 1449 998 1502 et
1008 1451 1085 1544 toga
1097 1432 1179 1530 quid
1191 1437 1245 1502 sit.

848 1550 939 1615 XIII.

370 1659 520 1729 Trulleu'
533 1663 695 1754 postomia
707 1660 786 1729 huic
796 1664 916 1752 ingens
928 1655 971 1726 de
983 1655 1114 1726 nnribu'
1131 1655 1266 1749 pendet.

849 1773 937 1838 XIV.

370 1881 650 1951 Tintinnabulum
661 1884 755 1952 abest
766 1882 861 1964 hinc,
875 1879 1108 1973 sirpiculaequc
1119 1877 1325 1948 holerorum.

370 2064 425 2103 stoa
433 2050 544 2122 poenalis
554 2053 614 2105 loci.
623 2051 792 2126 Eryastulum
802 2055 871 2105 Nos-
950 2051 995 2102 XI.
1009 2050 1113 2100 Nonius
1128 2068 1134 2099 =
1152 2045 1278 2100 &nemsi
1291 2041 1415 2096 dicuntur

369 2139 410 2180 ter
428 2128 491 2181 dicit
509 2149 612 2184 servum
628 2131 760 2202 ergastulo
783 2131 870 2183 inclu-
916 2129 949 2181 ad
969 2127 1100 2180 insaniam
1119 2123 1226 2190 faciles,
1247 2122 1343 2196 quibus
1364 2123 1416 2174 fre-

369 2225 441 2275 sum,
456 2209 652 2282 quierinculis
664 2228 732 2282 opus
748 2211 828 2278 facit,
841 2223 871 2261 nt
915 2219 1026 2280 quentcr
1036 2203 1174 2258 cerebrum
1186 2215 1331 2257 moveatur.
1394 2209 1397 2218 ⁴

368 2287 518 2358 Iuvenalis,
529 2289 583 2345 Sat.
595 2291 647 2357 vt,
661 2289 708 2344 151
725 2314 732 2343 ε
749 2315 761 2339 ι
773 2293 871 2344 Pueros
950 2298 1006 2350 XII.
1020 2295 1140 2348 Nonius:
1157 2293 1274 2358 Tunica,
1287 2291 1416 2346 estvaati·

369 2387 476 2437 omnes,
498 2370 631 2442 ergastule
645 2383 719 2438 tota,
737 2371 872 2444 Quodque
916 2387 1035 2428 mentum
1046 2373 1102 2426 eine
1117 2373 1234 2424 manicis.

368 2443 441 2498 domi
461 2462 589 2517 nonest,
608 2462 634 2502 et
652 2449 733 2503 habet
751 2452 871 2516 vicione,
951 2457 1019 2508 XIII.
1033 2456 1137 2510 Nonius
1152 2474 1158 2504 ι
1176 2451 1304 2506 Postumis
1321 2449 1417 2502 dicitur

368 2539 479 2579 ematur.
495 2552 506 2577 ι
525 2528 578 2582 Ubi
594 2529 804 2586 Commentarius
825 2548 872 2582 vc·
915 2535 1024 2600 ferrum,
1033 2533 1105 2604 qnod
1112 2531 1145 2584 ad
1153 2530 1418 2600 cohibendamequo·

367 2617 422 2671 tue,
432 2628 443 2654 ι
454 2610 584 2678 ergastula
592 2611 749 2663 rusticorum
759 2611 872 2662 eervien·
916 2633 975 2668 rum
986 2613 1118 2668 tenaciam
1130 2610 1254 2678 naribus,
1264 2608 1306 2666 rel
1317 2608 1417 2662 morsui

367 2684 434 2736 tium
443 2683 637 2738 multitudinem
647 2710 659 2733 n
673 2688 870 2758 interpretatur.
915 2696 1073 2765 imponitur,
1086 2711 1168 2762 gmon
1181 2693 1282 2742 ἀπὸτοῦ
1293 2696 1416 2756 πόματος.

367 2761 410 2814 Sic
428 2763 545 2816 Lucilius
558 2783 700 2832 carcerem,
716 2767 761 2836 qui
772 2767 799 2817 in
810 2785 870 2818 cer·
914 2801 951 2812 -
959 2771 1073 2824 Tmlleu'
1081 2789 1109 2842 p.
1121 2782 1171 2823 etc.
1184 2766 1360 2822 Postumidem
1372 2763 1418 2818 Iin-

367 2859 428 2894 cere
435 2855 484 2908 eet,
490 2846 594 2896 vocavit
601 2846 732 2916 superius,
739 2862 770 2895 ec
778 2843 871 2898 cadem
913 2853 966 2921 git,
977 2865 1007 2904 ut
1017 2849 1157 2904 Turnebus
1167 2847 1293 2919 explicat,
1304 2847 1338 2898 de
1349 2861 1417 2896 naso

367 2920 470 2970 ratione
491 2921 598 2974 vincula
616 2939 664 2993 pro
681 2925 775 2976 vinctIs
796 2923 870 2995 apud
914 2929 1098 3002 ejuspendere
1111 2931 1156 3000 qui
1168 2923 1417 2982 scmedelacIntas·

366 2996 521 3052 Ciceronem
533 3037 540 3065 ,
556 2999 601 3052 lih.
613 3002 646 3052 III
658 3000 692 3054 dc
707 3002 834 3073 Iegibnu
844 3016 871 3056 ct
914 3009 1003 3072 eidue3
1012 3022 1042 3060 ut
1051 3010 1122 3062 enim
1130 3009 1229 3060 ferocia
1235 3009 1417 3076 jumentorum

366 3077 488 3130 custodie
505 3097 556 3149 pro
575 3081 685 3151 captivis
706 3080 779 3152 apud
791 3084 869 3136 Taci·
913 3105 1076 3156 remoretur,
1088 3089 1204 3160 partomi
1216 3104 1308 3140 eorum
1318 3086 1359 3137 ori
1370 3085 1417 3136 im·

367 3169 423 3210 lum
435 3156 567 3230 leguntur.
913 3171 1053 3241 positn‚sic
1061 3168 1188 3240 poculum
1196 3167 1229 3223 de
1237 3169 1294 3237 ejus
1302 3184 1347 3218 ore
1355 3183 1418 3236 pen-

400 3238 445 3290 IX.
462 3240 566 3294 Nouius
579 3261 586 3291 z
601 3241 769 3316 Erymnalum
787 3255 813 3296 at
827 3263 870 3296 er·
913 3246 978 3299 dens
1001 3244 1080 3299 talem
1109 3243 1253 3317 quamdam
1276 3245 1418 3314 imaginem

363 3316 488 3390 quemltn.
497 3321 870 3394 -Qunsieryattuluuctcln
913 3324 1023 3380 reddere
1040 3322 1189 3380 ridebatur.
1204 3325 1263 3378 Dici
1277 3336 1365 3376 autem
1377 3321 1417 3372 ri-

365 3410 454 3452 vetere
463 3397 531 3453 libro
540 3399 637 3474 legitur
649 3423 654 3452 :
668 3425 679 3450 ι
694 3404 780 3475 Maqis
789 3423 869 3476 quam
913 3403 991 3458 detur
1006 3403 1130 3476 postomt‘s
1146 3403 1274 3455 aLatinie
1290 3411 1416 3470 corrupta

365 3479 508 3551 erymmlus
516 3480 600 3534 dicere
608 3501 660 3535 non
668 3483 776 3553 poeste..
787 3482 869 3550 Quod
912 3501 993 3548 voce,
1009 3499 1067 3554 quae
1080 3493 1207 3552 tanquam
1223 3477 1351 3550 epistomit
1368 3491 1416 3530 aut

366 3557 570 3627 studuerimus,
581 3560 639 3615 dun
649 3566 803 3634 negationes
813 3582 868 3618 mo-
912 3563 1077 3636 epistomium
1087 3558 1216 3633 appellari
1227 3557 1350 3612 deberet:
1362 3559 1416 3610 itu·

365 3655 394 3688 re
407 3638 559 3692 Graecorum
574 3641 710 3711 negabunt
723 3645 813 3714 magio.
912 3659 957 3694 mo
982 3659 1044 3694 vero
1062 3653 1191 3710 tanquam
1216 3639 1358 3707 προπομὶς,
1387 3636 1416 3690 id

401 3716 434 3768 X.
446 3717 571 3785 Nonius,
587 3719 688 3786 Merct,
703 3719 806 3773 militat.
821 3721 868 3774 IIis
912 3731 969 3786 cst,
995 3717 1203 3772 additamentum
1222 3715 1262 3767 ori
1279 3713 1415 3784 adjectum

364 3793 483 3847 versibus
503 3807 607 3848 constat
626 3797 755 3849 Lucilium
776 3795 822 3850 diu
840 3799 868 3852 in
912 3811 938 3852 et
959 3815 1121 3869 appensum,
1139 3808 1218 3865 atqua
1237 3795 1275 3845 ita
1296 3791 1416 3846 scriben-

365 3873 493 3945 Hispania
511 3874 594 3926 fuisse
615 3873 769 3946 etquidem
792 3877 867 3930 anuis
912 3876 976 3930 dum
990 3875 1100 3930 rIdctnr.

328 3953 330 3956 ’
366 3953 457 4006 XVIII.
469 3955 610 4024 Perperene
619 3953 647 4004 in
659 3953 711 4006 vul.
725 3952 785 4006 cod.
798 3952 867 4025 lego·
946 3957 1016 4010 XIV.
1027 3959 1131 4012 Nonius
1142 3974 1149 4006 ε
1160 3951 1336 4023 Boletos-itm,
1348 3971 1412 4026 pro:

366 4030 466 4085 batur:
489 4033 581 4086 «Dum
602 4032 676 4088 mdes
692 4033 818 4106 hybernas
835 4054 867 4088 ac
911 4034 1043 4090 holerum.
1054 4037 1123 4089 Sunt
1138 4033 1181 4088 hic
1194 4035 1223 4086 iu
1240 4033 1342 4088 Lucilio
1360 4033 1413 4088 dno

366 4125 446 4167 meret
459 4126 524 4170 tersa
534 4133 565 4168 ea
578 4125 654 4170 oetaoe
665 4115 741 4187 quari
750 4133 862 4172 annoa-
910 4135 1008 4188 genera
1021 4115 1223 4184 vehiculorum,
1239 4129 1269 4168 nt
1282 4116 1309 4170 in
1322 4115 1413 4182 Conie-
