3176 4954
356 428 421 506 424
587 421 622 484 u.
649 418 837 483 Lucruu
862 415 1154 485 euecueum

796 548 948 614 XXVIII.

354 673 527 755 Quantum
538 665 672 734 haurire
683 667 815 733 animus
829 670 1005 732 Musarum
1018 687 1037 731 e
1048 663 1187 734 fontibu'
1197 671 1306 760 geetit.

813 789 933 854 XXIX.

355 911 398 974 Et
411 905 482 974 sole
492 929 534 974 ex
546 903 660 973 multis
674 928 766 973 nunc
776 919 892 972 nostra
903 920 1057 998 poemata
1070 905 1161 974 ferri.

824 1029 925 1094 XXX.

358 1147 472 1227 Nunc,
483 1145 557 1231 GaI,
569 1147 728 1240 quoniam
738 1143 879 1212 iucilans
890 1166 953 1212 nos
966 1141 1050 1212 laedi’
1061 1145 1215 1213 vicissim.

815 1265 933 1330 XXXI.

359 1385 400 1450 Et
410 1404 472 1450 sua
482 1383 668 1476 perciperet
678 1397 767 1450 retro
778 1380 894 1449 relicta
901 1378 1024 1473 jacere.

804 1505 939 1569 XXXII.

357 1623 471 1708 Quum
480 1644 534 1690 me
544 1620 609 1689 hoc
620 1635 786 1714 tempore,
798 1638 959 1713 nugator,
972 1643 1172 1714 cognoscere
1184 1644 1252 1692 non
1264 1625 1326 1690 vis.

801 1743 953 1808 XXXIII.

337 1868 339 1874 ’
360 1859 555 1926 Summatim
568 1873 681 1930 tamen
694 1861 845 1951 experiar
858 1858 1039 1928 rescribere
1053 1862 1181 1953 paucis.

804 1980 952 2044 XXXIV.

361 2089 467 2187 quue
478 2093 545 2162 tuis
556 2098 652 2164 sevis
666 2095 776 2180 factis,
789 2114 824 2165 et
835 2097 975 2165 tristibu’
987 2095 1092 2164 dictis.

809 2221 940 2310 XXXV.

361 2337 510 2406 Neminie
521 2340 655 2431 ingenio
667 2363 867 2436 quemquam
881 2338 1049 2409 confidere
1063 2355 1205 2432 oportet.

272 2545 276 2555 .
540 2473 543 2479 ’
809 2461 956 2526 XXXVI.

361 2575 394 2643 Si
407 2570 506 2643 liceat
516 2575 642 2659 facere,
653 2592 754 2671 atque
765 2576 830 2645 hoc
843 2571 985 2644 versibu‘
996 2574 1150 2656 reddere,
1162 2570 1253 2667 quod
1267 2572 1322 2640 do.

396 2745 512 2799 XXVIII.
519 2745 862 2814 Noniueraurire‚exhau·
939 2745 1047 2798 xxxn.
1065 2744 1186 2798 Noniusz
1201 2743 1336 2816 Napaeae,
1352 2757 1407 2796 tur-

361 2825 426 2892 dre,
435 2824 555 2896 implere.
568 2825 607 2877 Id.
619 2823 728 2890 (Iesum,
742 2842 846 2896 cupere.
904 2825 992 2879 betur.

397 2905 492 2958 XXIX.
510 2903 613 2955 Nonius
625 2923 631 2953 ε
644 2903 730 2970 Ferre,
743 2901 861 2957 laudare.
939 2904 1057 2958 XXXIII.
1068 2905 1171 2958 Nonius
1184 2925 1191 2957 a
1202 2903 1340 2976 Experiri,
1353 2917 1409 2958 ten-

362 2987 526 3056 Propcrtiue:
540 2979 711 3034 tiiocvemm
722 2996 762 3036 eat
773 2995 861 3036 rotate
905 2999 971 3038 tare.

361 3063 440 3128 ferri,
451 3059 578 3133 Cynthia,
589 3061 710 3112 nomer·
941 3063 1059 3114 XXXIV.
1072 3063 1176 3115 Nonius
1191 3085 1198 3115 ε
1216 3063 1335 3129 Severe,
1354 3061 1407 3113 du-

398 3139 481 3192 XXX.
494 3139 596 3196 Nonius
609 3160 616 3190 ε
628 3138 758 3209 Iacuere,
773 3155 811 3194 eet
824 3143 863 3194 in-
906 3159 974 3195 rum.
987 3139 1059 3192 Idem
1077 3159 1084 3190 =
1103 3139 1202 3207 Triste,
1216 3137 1341 3204 crudele,
1359 3140 1408 3190 im-

364 3235 472 3289 crepare
483 3215 525 3268 vel
535 3216 693 3290 improbare.
702 3217 750 3272 Sat
763 3220 863 3293 proba·
907 3223 979 3273 mite.
996 3219 1039 3271 Sic
1054 3216 1177 3286 Ovidiue,
1192 3218 1259 3270 trist.
1279 3218 1317 3282 11,
1336 3217 1405 3269 133:

364 3294 453 3349 biliter
478 3297 627 3368 suspicetur
653 3299 744 3352 Douea
771 3300 864 3354 Caium
910 3297 1055 3352 «Tristibus
1069 3299 1186 3349 invectae
1201 3295 1315 3349 verbim
1328 3297 1406 3346 -Et

364 3375 472 3429 cauum
490 3376 608 3448 judicem
628 3375 681 3431 hoe
699 3398 775 3434 versu
792 3384 862 3454 peti3
906 3374 1041 3442 Tibullus,
1059 3377 1104 3441 IV,
1121 3375 1152 3443 4,
1166 3375 1217 3428 182
1234 3375 1282 3428 «si
1295 3371 1405 3446 quando

364 3469 442 3524 quem
463 3470 523 3506 eum
542 3457 696 3527 injuriarum
722 3459 863 3513 absolvisse
906 3455 987 3508 fuerit
1002 3454 1097 3507 tristior
1105 3453 1150 3506 illa
1161 3453 1240 3504 ribi..
1334 3491 1336 3496 .

365 3531 411 3602 qui
425 3530 553 3585 Lucilium
569 3535 597 3586 in
615 3553 693 3588 scena
707 3539 864 3588 nominatim
942 3535 1046 3586 XXXV.
1054 3531 1325 3598 Priscianue,lib.VI=
1336 3531 1406 3585 «Ne-

364 3607 481 3676 honem,
501 3610 602 3664 indicat
615 3626 708 3665 auctor
718 3613 863 3668 Rhetoricae
907 3629 950 3665 mo
969 3631 1077 3684 quoque
1092 3613 1146 3665 sive
1160 3631 1192 3664 cx
1210 3611 1260 3664 hoc
1274 3609 1402 3676 composi·

365 3687 400 3742 ad
409 3689 621 3754 Herennium;ac
630 3693 733 3745 fortean
741 3694 863 3746 eumdem
907 3703 978 3758 tum,
995 3705 1026 3744 ut
1045 3691 1202 3764 quibusdam
1219 3690 1334 3756 ridetur,
1355 3707 1404 3741 seu

365 3766 469 3838 sugillat
487 3787 564 3821 versu
578 3767 641 3838 illo,
659 3773 760 3842 Fragm.
777 3772 861 3826 LVII:
906 3791 976 3838 non,
991 3775 1135 3826 communie
1151 3775 1319 3843 eugenetis,
1334 3784 1359 3822 et
1371 3772 1404 3822 ei-

368 3868 380 3894 ·
391 3847 426 3900 Ue
434 3846 513 3901 semei
523 3849 552 3901 iu
563 3847 628 3902 Coeli
639 3867 741 3923 puquos
753 3860 777 3903 te
786 3853 862 3904 inua-
906 3850 1001 3905 militer
1012 3873 1028 3906 o
1038 3855 1065 3903 in
1077 3852 1087 3902 i
1100 3853 1230 3903 convertit
1241 3853 1268 3902 in
1277 3850 1403 3921 genitivo,

365 3925 421 3978 deri
433 3927 516 3981 vidia
907 3943 1032 3997 urceum,
1041 3931 1159 3981 nemiuis.
1168 3953 1178 3976 e
1188 3925 1405 3982 NoniuszNemi-

400 4005 494 4058 XXXI.
511 4006 632 4059 Nonius:
649 4006 739 4075 Iacet,
757 4008 863 4079 sordet,
907 4011 962 4074 nir,
975 4009 1090 4079 positum
1104 4025 1165 4078 pro:
1179 4005 1285 4058 nullius.
1383 4017 1385 4022 ⁴

365 4099 413 4135 nec
426 4079 499 4137 lutue'
511 4097 560 4137 eet.
942 4087 1060 4139 XXXVI.
1074 4086 1191 4137 Nouium
1204 4086 1262 4152 Da,
1273 4083 1326 4136 dic.
