3176 4954
286 431 289 436 ·
355 414 420 498 436
704 423 710 436 ·
747 409 1000 474 tueremur

350 543 493 620 Tristes,
508 531 659 604 difficiles
673 529 781 599 sumu'
793 529 974 599 esudimu’
988 529 1172 616 bonorum,

353 655 415 719 Hie
427 646 574 728 tricosu’,
585 643 845 735 bovinatorque,
858 665 916 708 ore
926 639 1093 735 improba*
1106 641 1209 728 duro,

353 770 462 851 Quem
473 781 584 854 neque
595 756 740 823 Lucanis
751 752 886 824 oriundi
897 752 1057 822 montibu‘
1069 758 1157 858 tauri

353 881 484 943 Ducere
497 868 629 963 protelo
643 864 763 934 validis
775 865 951 934 cervicibu'
963 883 1112 960 possent.

353 992 407 1055 Tu
421 984 504 1053 milli
517 1004 696 1051 numinum
707 994 803 1072 potes
816 1002 884 1046 uno
898 1003 1048 1073 quaerere
1061 997 1211 1062 centum,

353 1096 478 1168 Sallere
493 1117 677 1176 muraenas,
690 1115 837 1158 mercem
849 1094 883 1157 in
896 1089 1064 1183 frigidaria
1079 1092 1178 1159 ferre.

354 1212 501 1288 Durum,
515 1202 616 1274 molle
628 1223 766 1284 vorans,
779 1201 967 1293 fragmeme
982 1200 1132 1269 interfici’
1146 1203 1253 1295 panis.

354 1305 527 1384 Volturius
539 1313 608 1380 ruis
620 1311 713 1393 hine,
727 1325 760 1376 et
771 1309 897 1400 colligis
910 1313 1024 1377 omnia
1039 1311 1171 1378 furtim:

355 1430 442 1494 Hinc
453 1405 545 1494 mare
557 1423 685 1491 metiris
697 1444 875 1512 magnum,
891 1437 924 1488 et
935 1439 968 1489 te
982 1419 1131 1490 fluctibu’
1143 1420 1259 1490 tradis.

355 1536 464 1604 Fundi
478 1534 620 1603 delectat
633 1533 739 1596 virtus
752 1545 801 1612 te,
815 1529 939 1598 villicu'
953 1529 1070 1626 paullo

355 1651 527 1720 Strenuior
539 1649 567 1714 si
577 1646 720 1713 evaserit
723 1694 1232 1711 ...............

849 1760 906 1824 VI.

285 1889 291 1904 ·
356 1876 454 1940 Nunc
464 1890 686 1938 veroamane
697 1864 741 1934 ad
752 1883 902 1950 noctem,
915 1868 999 1936 festo
1011 1883 1113 1962 atque
1124 1867 1291 1960 profesto,

355 1986 442 2049 Toto
454 1979 568 2047 itidem
581 1979 773 2073 pariterque
785 1976 854 2061 die,
869 1975 1084 2072 populusque
1096 1993 1276 2074 patresque

356 2095 486 2158 Jactare
498 2087 581 2156 indu
595 2087 669 2155 foro
681 2109 716 2154 se
729 2110 863 2171 omnes,
876 2086 1038 2158 decedere
1049 2112 1237 2184 nusquam:

358 2203 424 2268 Uni
437 2225 489 2283 se,
501 2217 602 2294 atque
619 2196 729 2267 eidem
742 2196 851 2266 studio
863 2225 979 2268 omnes
990 2197 1112 2268 dedere
1124 2215 1158 2268 et
1168 2204 1247 2285 arti,

355 2310 467 2381 Verba
478 2312 558 2380 dare
570 2328 609 2377 ut
620 2325 716 2378 caute
727 2313 875 2402 possint,
889 2335 1041 2405 pugnare
1052 2309 1187 2397 dolose3

355 2422 517 2491 Blanditia
531 2438 675 2506 certare,
688 2421 817 2489 honum
832 2422 989 2491 simulare
1002 2426 1111 2491 virum
1124 2417 1178 2508 se'3

358 2535 498 2605 Insidias
510 2535 634 2618 facere,
649 2548 686 2601 ut
697 2535 726 2601 si
738 2533 851 2603 hostes
865 2537 932 2602 sint
943 2535 1099 2602 omnibus
1111 2557 1241 2602 omnes.

356 2646 513 2716 Sublatus
527 2645 638 2740 pudor
651 2645 766 2729 omni‘,
778 2645 928 2728 lieentia,
941 2645 1044 2716 foeuu’
1058 2648 1222 2715 refertur:

356 2763 461 2827 Nemo
472 2756 528 2825 hic
539 2756 717 2838 vindicias,
731 2780 877 2841 numen,
890 2781 1000 2852 neque
1013 2782 1107 2826 sacra
1118 2773 1271 2826 veretur:

356 2867 536 2960 Tepullam
547 2866 657 2934 rident
668 2867 777 2958 legem
790 2893 961 2961 congerree
972 2871 1085 2962 Opimi
1097 2896 1103 2937 :

357 2978 467 3062 ldola,
481 2995 583 3073 atque
595 2993 725 3045 atomos
737 2981 873 3072 Epicuri
884 2981 1020 3049 credere
1031 2979 1178 3062 malunt,

356 3095 432 3157 Non
444 3088 545 3181 epulo
557 3091 719 3155 Divorum
731 3087 895 3182 aliquem,
909 3114 1020 3186 neque
1031 3093 1173 3186 prosicie
1184 3088 1254 3158 ulla

357 3201 560 3291 Dignantes:
576 3196 655 3266 hinc
668 3222 703 3266 se
714 3222 854 3291 peecare
863 3203 1003 3293 impune
1017 3203 1080 3267 rati
1092 3216 1173 3268 sunt

357 3313 472 3388 Posse,
484 3332 523 3376 ac
534 3305 705 3376 nobilitate
716 3307 806 3376 facul
820 3308 1010 3402 propellere
1023 3311 1168 3404 iniquos.

356 3423 397 3486 ln
410 3443 477 3512 quo
489 3433 559 3486 toto
571 3419 672 3486 etiam
685 3417 766 3485 mihi
779 3419 862 3487 caelo
875 3443 988 3487 errare
1001 3419 1176 3510 videntur:

356 3533 509 3623 Namque
522 3529 655 3611 videtiS,
667 3531 716 3598 uti
728 3529 853 3599 multos
865 3554 1066 3624 mensesque
1077 3529 1234 3625 diesque,

355 3643 431 3706 Non
442 3652 555 3705 tamen
567 3653 699 3708 etaoem
709 3655 908 3733 tempestate
919 3639 983 3706 hac
995 3639 1153 3708 scelerosi

355 3752 528 3816 Laetentur
529 3799 1209 3816 ....................

840 3862 914 3928 Vll.

356 3973 469 4056 Quum
480 3965 593 4038 tecum
607 3986 670 4052 est,
683 3968 815 4064 quidvis
830 3957 909 4041 satis
922 3987 989 4052 est,
1004 3972 1109 4039 visuri
1121 3969 1221 4037 alieni

356 4080 427 4146 Sint
437 4077 608 4162 homines,
623 4082 744 4171 spiras,
757 4077 896 4172 pallam,
909 4079 1103 4148 redimicula
1115 4080 1254 4172 promit,
