3148 4950
380 409 447 474 aas
572 405 988 485 presentemur,
1015 406 1233 488 sonarit,

378 553 522 632 rumque
546 538 710 604 virtutum
731 557 934 629 morumque
952 549 1104 602 veterum
1125 533 1284 631 reliquias
1301 542 1411 607 exstin-

378 647 526 742 guebant
538 698 546 728 ,
558 649 757 739 animosque
773 645 926 712 omnium
938 667 1064 736 pronos
1076 642 1263 714 reddebant
1274 647 1315 716 ad
1329 648 1413 717 luxu·
1470 629 1473 644 ¹

378 761 481 839 riam,
494 757 725 824 effeminatum
737 753 935 847 languorem
948 771 982 822 et
995 753 1167 838 libidines,
1185 781 1263 851 quae
1276 760 1413 829 consiliis

377 871 589 963 imperatoris
611 883 767 960 novoque
786 869 928 933 civitatis
948 868 1048 934 statui
1065 891 1168 961 quam
1186 871 1331 938 maxime
1347 895 1414 939 con-

377 981 559 1072 gruebant,
577 995 724 1046 mentem
738 1001 818 1044 vero
830 976 1099 1046 abalienabanta
1118 977 1236 1046 studiis
1253 983 1415 1050 severiori·

376 1088 455 1172 bus,
467 1087 607 1181 ejusque
621 1086 919 1179 vireslrangebant.
935 1085 1028 1154 idem
1043 1093 1231 1178 Augustae,
1247 1105 1286 1156 ut
1298 1093 1415 1158 animos

376 1199 499 1265 civium
515 1222 534 1264 a
549 1221 650 1264 sensu
667 1196 828 1264 libertatis
841 1199 972 1264 amissae
987 1212 1021 1264 et
1039 1196 1189 1289 diligenti
1209 1215 1345 1268 mutatae
1361 1203 1416 1268 rei·

376 1307 520 1402 publicae
545 1306 812 1376 consideratione
835 1323 1009 1390 avocaret,
1034 1311 1106 1401 ipse
1127 1325 1242 1376 antem
1266 1314 1416 1401 potentie

376 1443 515 1489 securus
528 1435 631 1502 esset,
642 1418 763 1487 callido
774 1422 966 1488 Maecenatis
976 1417 1116 1486 consilio
1128 1470 1137 1501 ,
1148 1437 1281 1488 servata
1292 1438 1416 1489 externa

376 1535 518 1600 civitatis
543 1532 652 1600 forma
672 1531 865 1626 relictisque
887 1535 1040 1599 omnium
1061 1534 1320 1624 magistratuum
1338 1551 1416 1602 vete·

375 1669 452 1712 rum
478 1643 687 1728 nominibus,
714 1643 918 1725 commodis,
940 1642 1148 1728 bonoribus,
1170 1669 1308 1713 omnem
1328 1644 1416 1713 adse

375 1755 529 1823 trahebat
537 1772 753 1849 potestatem3
766 1771 800 1822 et
813 1754 947 1848 plebem
961 1770 1029 1821 tam
1042 1756 1312 1846 congiariorum,
1325 1779 1415 1852 quam

375 1868 665 1962 spectaculorum,
688 1892 869 1937 munerum
888 1865 1124 1960 ludorumque·
1133 1866 1353 1952 adsiduitate,
1370 1893 1416 1936 ra-

376 1981 493 2047 rietate
508 1995 543 2046 et
558 1963 807 2071 magnificentia
823 1981 858 2044 in
876 1996 1012 2070 turpem
1027 1979 1182 2046 inertiam
1197 1996 1301 2074 atque
1320 1997 1415 2072 torpe

375 2089 488 2156 dinem
508 2089 713 2172 resolvebat;
736 2089 889 2157 homines
910 2105 1022 2156 autem
1047 2091 1189 2157 sanioris
1208 2095 1331 2159 mentis
1355 2107 1415 2158 tum
1450 2144 1454 2154 .
1488 2163 1493 2175 ,

375 2201 545 2268 beneficiis
563 2200 816 2296 honoribusque
836 2183 896 2269 sibi
919 2198 1143 2282 devinciebat,
1164 2218 1240 2268 tum
1258 2200 1303 2268 ad
1317 2197 1415 2297 studia

375 2312 541 2380 excitabat
560 2313 683 2380 artium
707 2312 970 2408 literarumque,
995 2335 1139 2406 quarum
1161 2335 1315 2380 amorem
1335 2313 1414 2378 inani

375 2421 483 2491 laudis
498 2423 680 2516 cupiditate
694 2423 816 2492 ductus
830 2422 1019 2492 simulabat.
1041 2427 1165 2515 Magna
1183 2445 1302 2490 rerum
1320 2439 1413 2490 muta-

374 2537 421 2601 tio
436 2557 559 2602 novam
573 2531 753 2630 loquendi,
769 2531 939 2626 cogitandi
957 2549 990 2602 et
1003 2531 1124 2624 agendi
1144 2534 1311 2600 rationem
1327 2530 1413 2598 indu-

374 2645 482 2729 cebat,
495 2664 529 2714 et
539 2649 574 2714 in
586 2646 699 2715 locum
709 2646 823 2715 liberae
833 2649 935 2728 vocis,
945 2645 1025 2713 olim
1037 2643 1091 2712 vel
1101 2645 1235 2737 scriptis
1249 2665 1413 2738 expresse,

374 2755 427 2823 vel
442 2759 539 2824 toties
557 2759 590 2824 in
608 2740 845 2838 concionibus,
861 2757 982 2836 curiis,
1005 2753 1078 2822 foro
1097 2769 1131 2820 et
1149 2757 1268 2822 rostris
1286 2753 1414 2834 auditae,

374 2891 466 2934 nunc
488 2865 689 2935 succedebat
707 2868 813 2934 oratio
835 2865 1071 2949 adulatorum,
1091 2865 1371 2936 calumniatorum
1388 2877 1416 2930 et

374 2999 566 3059 servorum,
585 2979 644 3070 qui
663 3001 705 3044 se
718 2991 806 3044 totos
825 2974 867 3041 ad
889 2975 1016 3044 domini
1035 2975 1212 3046 arbitrium
1234 2994 1414 3068 nutumque

373 3082 554 3175 fingebant.
572 3088 658 3154 Hinc
678 3109 755 3154 vera
777 3085 968 3180 eloquentia
986 3088 1147 3154 Cicerone
1167 3105 1288 3156 necato
1300 3085 1414 3155 'obmu-

372 3195 538 3280 tescebat,
558 3213 591 3264 et
610 3214 720 3290 poetae
738 3213 868 3266 tantum
889 3221 959 3265 non
978 3222 1096 3266 omnes
1120 3215 1217 3266 erant
1240 3201 1413 3266 imitatores

373 3333 509 3377 servum
534 3333 650 3404 pecus.
676 3309 787 3379 Nihilo
813 3325 926 3378 tamen
951 3313 1060 3378 secius
1091 3308 1256 3378 sacculum
1284 3307 1414 3400 Augusti

372 3418 479 3488 multo
492 3420 613 3489 melius
629 3421 826 3517 feliciusque
838 3436 910 3488 erat
924 3422 1079 3488 extremis
1095 3420 1209 3488 liberae
1229 3417 1414 3512 reipublicae

295 3601 299 3608 ,
372 3532 591 3624 temporibus.
612 3535 772 3626 Princeps
792 3534 934 3624 imperio
948 3534 1095 3625 quietem
1108 3548 1209 3626 atque
1227 3529 1414 3625 dignitatem

372 3643 568 3738 civibusque
584 3667 736 3732 securam
750 3644 915 3712 bonorum
930 3646 1177 3736 possessionem
1194 3642 1368 3724 reddebat,
1385 3655 1415 3706 et

371 3750 478 3820 multa
499 3756 578 3820 vitia
597 3777 713 3822 severe
734 3753 911 3821 coercebat
931 3753 1060 3844 legibus
1080 3753 1319 3821 saluberrimis.
1344 3757 1413 3843 lpse

372 3866 490 3946 edam,
506 3868 660 3960 quamvis
677 3867 712 3931 in
733 3862 958 3932 adolescentia
973 3861 1176 3930 dedecorum
1196 3861 1412 3958 quorumdam

372 3990 405 4039 et
416 3977 450 4040 in
462 3977 675 4042 triumviratu
694 3978 827 4042 saevitiae
841 3977 1012 4042 infamiam
1032 3974 1197 4058 subierat,
1216 3993 1331 4068 postea
1348 3994 1413 4037 ma·
1431 4065 1433 4070 λ

372 4087 445 4172 gnis
457 4085 635 4152 virtutibus
647 4085 811 4178 pensabat
820 4087 911 4166 vitia,
922 4100 956 4152 et
967 4083 1114 4152 clemens
1129 4102 1200 4152 erat
1212 4084 1367 4153 dominus
1376 4101 1411 4144 ac
