2940 4932
194 556 232 617 A.
259 552 415 616 PERSH
441 553 610 616 FLACCI
635 553 804 619 SATIRA
827 555 1020 621 TERTIA.
1071 557 1129 623 105
1175 647 1181 661 Ι
1278 619 1284 640 ,

86 683 180 744 Tum
191 677 344 771 queritur
354 699 489 743 crassus
501 675 631 743 calamo
642 676 734 770 quod
745 663 891 770 pendeat
901 676 1041 764 humor,

89 790 191 880 Nigra
203 785 293 881 quod
304 785 416 854 infusa
428 803 587 853 vanescat
599 789 691 880 sepia
702 785 856 880 lymphn3

89 897 219 966 Dilutas
230 897 382 991 queritur
393 898 541 988 geminet
553 897 645 990 quod
657 895 768 964 fistula
780 914 901 990 guttas.

136 1050 181 1060 -
193 1011 223 1076 Ο
235 1011 355 1090 miser,
369 1011 473 1102 inque
485 1007 556 1076 dies
569 1006 658 1074 ultra
670 1009 789 1076 miser!
802 1009 945 1077 huccine
956 1035 1070 1078 rerum
1103 1023 1132 1076 ι5

88 1125 272 1189 Venimus?
282 1137 317 1187 at
331 1144 393 1188 cur
403 1141 474 1187 non
486 1121 617 1213 potius,
630 1137 815 1216 teneroque
827 1120 1002 1204 columbo,

84 1237 129 1300 Et
140 1230 261 1300 similis
272 1255 392 1324 regum
404 1233 534 1325 pueris,
546 1255 697 1325 pappare
709 1234 880 1300 minutum

83 1345 218 1422 Poscis,
231 1358 265 1409 et
276 1344 381 1408 iratus
395 1365 552 1408 mammae
564 1339 679 1409 lallare
690 1346 903 1408 recusas?—

137 1483 151 1512 α
166 1458 218 1519 An
231 1451 290 1519 tali
301 1451 456 1520 studeam
467 1450 619 1520 calamo?
632 1481 646 1512 υ
660 1489 708 1503 --
719 1454 781 1519 Cui
793 1452 917 1520 verba?
928 1453 1010 1548 quid
1021 1457 1101 1522 istas

84 1559 931 1654 Succinisambagesi’tibiluditur:effluisamens!
1103 1593 1135 1628 ιο

82 1679 322 1742 Contemnere.
335 1677 438 1762 Sonat
449 1676 569 1740 vitium
579 1696 756 1767 pereussa,
769 1673 914 1767 maligne

83 1785 284 1878 Respondet
294 1783 392 1853 viridi
403 1808 474 1851 non
486 1801 579 1852 cocta
591 1784 702 1853 fidelia
713 1784 804 1854 limo.

84 1893 1106 1989 Udumetmollelutumes‚nuncnuncproperandus,etacri

85 2006 283 2100 Fingendus
294 2009 367 2073 sine
379 2005 445 2073 fine
458 2022 541 2074 rota.
566 2007 719 2076 Sed'rure
731 2023 873 2099 paterno

86 2122 152 2186 Est
165 2116 224 2184 tibi
234 2115 286 2184 far
297 2115 488 2200 modicum,
501 2140 627 2209 purum
639 2132 673 2184 et
683 2119 756 2185 sine
767 2115 842 2185 labe
853 2115 1015 2204 salinum,
1104 2131 1136 2185 25

85 2305 171 2364 Eece
186 2301 291 2365 autem
302 2305 439 2385 queritur
452 2305 501 2366 vel
515 2303 600 2385 quod
614 2319 822 2368 atramentum
835 2311 928 2369 nimis
942 2309 1071 2390 spissum
1086 2307 1137 2366 ad·

86 2400 209 2462 haereat
221 2395 379 2478 arundini,
392 2402 441 2462 vel
456 2402 541 2484 quod
556 2403 648 2462 nimis
662 2423 743 2484 aqua
756 2403 905 2480 dilutum,
919 2403 998 2465 nihil
1013 2404 1051 2464 ad
1066 2404 1138 2464 seri-

88 2497 235 2558 bendum
254 2499 393 2581 proficiat
408 2525 414 2560 ι
436 2521 540 2561 rursus
556 2501 697 2582 queritur
710 2501 796 2580 quod
814 2523 880 2561 non
898 2503 970 2562 satis
988 2499 1139 2562 adhaereat

87 2595 218 2656 calamo
231 2599 312 2679 sepia
323 2597 519 2681 duplicesque
537 2609 639 2680 guttas
657 2598 691 2656 in
704 2618 834 2680 papyro.
853 2623 867 2654 u
879 2599 907 2658 Ο
921 2599 1065 2658 miserum
1082 2581 1141 2674 (ait

84 2698 266 2779 praeceptor)
289 2697 492 2778 futurumque
520 2697 553 2755 in
583 2707 742 2778 posterum
771 2696 977 2756 miseriorem!
1003 2693 1140 2755 Hurcine

86 2793 278 2854 recidimus?
295 2795 450 2871 Quium,
469 2794 559 2855 molli
573 2793 752 2854 columbulo
769 2793 817 2855 vel
833 2794 944 2854 teneris
961 2792 1140 2876 principum

88 2890 197 2972 pueris
210 2890 335 2966 similis,
349 2891 449 2972 poscis
461 2911 555 2972 papas
569 2890 778 2950 comminutas
795 2887 910 2968 (eibum
922 2885 1139 2972 puemlontm);

86 3001 143 3047 aut
162 2987 258 3046 iratus
270 2987 400 3062 nutrici,
415 2988 550 3047 naeniam
560 2985 624 3068 ejus
639 2985 800 3047 cantilenae
817 2984 919 3066 (lolia)
935 2983 1046 3046 referre
1055 3005 1140 3046 aver-

85 3083 218 3146 sat-isin
234 3117 274 3128 -
290 3109 304 3139 ιι
315 3087 362 3144 An
378 3105 452 3144 vero
471 3082 571 3144 studia
589 3105 736 3164 exsequar
753 3085 812 3143 isto
831 3081 912 3142 male
934 3095 1039 3163 aptato
1063 3079 1140 3140 cala-

86 3181 193 3243 mo'bs
209 3216 248 3226 —
265 3209 279 3237 α
290 3183 352 3242 Cui,
361 3181 435 3241 dare
448 3195 479 3241 te
493 3181 585 3241 verba
599 3179 709 3263 putas?
727 3179 802 3261 quid
817 3181 888 3240 istas
902 3177 1032 3239 succinis
1046 3198 1140 3237 vanas

85 3279 323 3342 excusationes?
343 3281 414 3340 Tibi
435 3281 494 3362 ipsi
512 3279 604 3340 ludus
622 3281 677 3340 iste
695 3277 779 3340 malo
798 3279 912 3338 vertit:
936 3280 1060 3352 insane,
1082 3276 1139 3335 tibi
1221 3302 1225 3310 ·

87 3380 156 3438 vita
183 3377 314 3437 mollitie
336 3376 436 3437 fluens
456 3377 623 3437 dilabitur!
649 3376 707 3436 eris
727 3377 795 3436 aliis
816 3376 1019 3458 contemptui.
1047 3375 1142 3434 Sonat

84 3479 180 3538 enim
200 3476 297 3534 animi
319 3475 449 3552 vitium,
470 3496 506 3534 ao
521 3473 763 3557 deprehenditur
780 3473 940 3534 hominem
959 3472 1140 3544 {estimanti3

87 3571 361 3655 quemadmodum
375 3592 442 3648 vas,
458 3573 483 3631 si
497 3570 590 3630 fuerit
603 3569 725 3644 fissum,
740 3583 794 3628 aut
808 3590 843 3629 ex
859 3568 969 3650 argilla
980 3568 1076 3629 cruda
1087 3567 1142 3628 du·

85 3685 179 3734 ctum
198 3691 299 3752 neque
316 3671 395 3730 bene
408 3684 511 3748 cocta,
526 3669 644 3730 maium
659 3668 865 3750 gracilemque
879 3669 1081 3748 interroganti
1096 3667 1141 3726 di-

87 3771 157 3849 gito
183 3766 312 3828 remittit
328 3767 486 3827 tinnitum.
511 3771 608 3848 Atque
624 3765 703 3826 adeo
722 3779 773 3842 tu,
792 3764 902 3845 argilla
920 3763 1049 3824 humida
1068 3763 1142 3823 moi-

90 3864 207 3946 iisque‚
218 3862 347 3946 jamjam
361 3862 526 3945 fingendus
536 3885 567 3924 es
579 3885 614 3924 ac
624 3865 690 3926 sine
702 3884 790 3924 mora
803 3862 1038 3936 informandus,
1052 3861 1141 3920 sicuti

95 3981 147 4020 vas
163 3961 247 4040 quod
263 3977 329 4021 rota
344 3974 532 4044 properante
551 3963 731 4023 instituitur.

137 4055 187 4130 24.
207 4059 274 4118 “Ar
285 4061 364 4118 eninr
377 4061 436 4118 scio
450 4057 563 4118 hebere
577 4071 605 4119 te
619 4081 654 4119 ex
672 4081 746 4141 agro
765 4073 894 4140 paterno
913 4053 1059 4116 nonnihil
1079 4053 1140 4115 fru-

94 4155 210 4229 meuti,
224 4170 253 4215 et
266 4155 384 4236 aliquid
399 4154 611 4237 supellectilis,
625 4155 742 4216 cultum
753 4175 864 4235 nempe
876 4175 911 4212 ac
923 4150 1056 4210 nitidum
1072 4152 1141 4210 saii-

92 4275 172 4313 nutn
191 4255 283 4335 (quid
298 4257 421 4331 timeas,
437 4253 502 4315 haec
517 4257 570 4336 qui
586 4253 734 4334 habeasi)
756 4256 954 4336 patinamque
969 4249 1140 4326 modicam,
