3038 4932
383 531 431 594 IN
455 530 667 596 SATlRAM
688 533 899 599 SExTaM:
1092 533 1157 601 265

112 657 202 711 nullus
208 659 268 728 jum
279 669 346 712 emet
359 659 411 711 nisi
422 656 547 713 divitibus
556 660 684 712 honos'in
701 679 773 714 serva
782 681 813 714 ac
827 672 952 731 corrupta
964 663 1084 723 civitate,
1096 659 1160 713 diri·

113 741 162 791 tias
177 739 251 790 omni
268 750 325 790 srte
340 757 433 792 omnes
447 740 625 810 requirebant.
649 742 711 794 Non
728 741 778 794 alia
794 751 950 813 tempestate
966 740 1053 812 plures
1070 740 1159 792 videre

112 819 162 870 fuit
174 820 360 886 feneratores,
370 839 424 872 non
437 821 599 874 crudeliores
613 839 749 874 serrorum
764 835 941 887 mercatores,
950 841 1004 874 non
1013 818 1158 892 putidiores

112 911 332 952 testamentorum
354 913 519 972 captatores,
538 902 709 972 scriptoresve
729 900 895 965 stolidiores5
914 920 970 954 non
987 899 1065 954 aliam
1086 899 1158 971 apud

112 991 220 1048 gentem
234 976 394 1032 sordidiores
408 992 535 1050 questus,
551 993 704 1052 sumptusve
714 981 863 1033 effusiores.

147 1056 241 1110 Tantis
259 1057 335 1109 malis
353 1057 513 1110 medendum
533 1073 693 1112 censuerunt
709 1061 811 1131 scriptis
828 1073 854 1113 et
873 1063 993 1113 oratione
1009 1061 1158 1130 sapientes,

111 1133 286 1206 imperatores
296 1135 548 1210 edictis.Sedneque
558 1139 594 1190 M.
603 1140 634 1189 T.
643 1139 780 1192 Ciceronis
787 1138 1046 1204 fecundia,Flaccive
1055 1137 1157 1188 Horatii

109 1233 262 1281 sermones,
274 1235 360 1290 neque
370 1216 423 1270 diri
431 1221 543 1288 Augusti
553 1219 703 1272 antTiberii
715 1221 827 1272 Neronis
836 1218 907 1290 legas
918 1233 1019 1272 tantum
1029 1217 1158 1282 effecere,
1172 1283 1174 1288 Ι

110 1307 142 1347 nt
162 1298 191 1348 in
209 1296 303 1350 melius
325 1315 412 1350 mores
435 1301 638 1370 corrigerentur.
659 1303 742 1352 Immo
763 1319 842 1367 vero,
864 1298 1054 1372 imperantibus
1075 1297 1158 1362 Caio,

109 1373 224 1428 Claudio
242 1395 274 1429 ac
295 1380 417 1443 Nerone,
435 1381 463 1431 in
480 1382 558 1451 pejus
582 1380 699 1452 prolapsi
715 1395 785 1434 sunt.
804 1383 839 1432 At
859 1393 932 1432 tanto
960 1381 1055 1432 fortius
1072 1374 1157 1428 recla-

110 1473 216 1508 mavere
230 1459 366 1530 sapientise
376 1460 553 1529 professores,
565 1461 664 1514 Seneca
675 1474 736 1514 ante
747 1460 814 1515 alios
822 1501 831 1530 ,
840 1465 917 1534 cujus
928 1458 1065 1532 preceptis
1076 1455 1158 1510 dabat

111 1539 315 1606 anctoritatem,
334 1539 406 1611 quod
426 1542 483 1611 ipss
502 1541 599 1594 divitiis
624 1541 789 1610 abundaret,
813 1555 893 1613 atque
914 1553 984 1594 esset
1003 1542 1031 1591 in
1054 1535 1156 1590 excelso

109 1621 223 1688 positus.
232 1622 318 1692 liujus
326 1634 428 1674 exstant
435 1621 526 1675 littere
536 1625 572 1676 ud
581 1623 712 1676 Lucilium
718 1645 727 1686 ;
738 1636 821 1676 exstet
829 1623 896 1676 liber
903 1623 943 1674 De
951 1617 1086 1692 beneficiis,
1097 1619 1157 1690 qui-

108 1696 161 1752 bus
173 1698 325 1752 doctrinam
338 1701 420 1754 edidit
431 1702 465 1755 de
479 1701 627 1756 divitiarum
641 1723 693 1756 nsu
706 1702 844 1757 honestum
857 1701 1016 1774 utilemque,
1034 1699 1068 1752 ub
1086 1699 1158 1750 omni

108 1779 177 1831 fastu
189 1793 333 1846 remotam,
346 1782 456 1834 maxime
468 1780 575 1853 dignum
583 1781 759 1856 philosopho,
770 1783 817 1855 qni
827 1783 898 1836 bona
908 1781 990 1834 multa
1001 1774 1158 1850 possideret,

108 1876 278 1932 nequaquam
287 1880 350 1913 vero
362 1861 544 1935 possideretur
552 1862 639 1916 bonis.
649 1865 710 1916 Hinc
722 1876 762 1916 est
771 1864 909 1927 doctrina,
922 1864 997 1932 cujus
1009 1857 1157 1910 meminerit

109 1938 220 2006 lloster,
234 1942 356 2014 superins
367 1943 395 1994 iu
406 1942 454 2010 ΠΙ,
464 1942 514 2014 69,
528 1961 579 2014 70,
593 1961 622 2012 71
633 1983 642 2010 ,
656 1957 682 1996 et
695 1962 751 2015 que
761 1943 914 1996 brevissimo
924 1941 987 1994 huic
998 1939 1086 1992 subest
1101 1953 1156 1987 ser-

109 2023 182 2073 moni
193 2042 201 2070 z
214 2023 332 2086 Persius,
346 2035 444 2074 uteret
456 2020 539 2074 homo
552 2020 679 2076 litteratus
691 2022 760 2074 idem
771 2036 797 2076 et
807 2025 844 2076 eis
857 2023 952 2095 opibus
965 2030 1086 2080 ornatus,
1099 2033 1155 2086 que

109 2118 166 2152 esse
186 2099 308 2154 solebant
329 2104 447 2174 equitnm
466 2104 664 2171 Romanorum,
680 2122 809 2156 summam
828 2105 966 2176 profitetur
982 2097 1156 2162 modestiam,

108 2195 239 2232 summam
254 2179 447 2234 liberalitatem.
467 2183 566 2234 ·vivat
579 2184 761 2254 uuusquisque
775 2201 824 2254 pro
835 2184 938 2235 ratione
950 2177 1048 2231 reditus
1061 2172 1155 2250 jubess

108 2260 166 2328 ipae
176 2273 263 2312 totum
274 2261 386 2313 reditum
399 2281 476 2314 suum
487 2261 641 2333 impendere
652 2261 728 2327 velit,
740 2276 770 2314 ut
784 2265 869 2334 possit
878 2261 966 2332 largiri
975 2257 1064 2310 amicis
1078 2271 1156 2323 egen·

110 2338 196 2406 tibus,
212 2343 292 2392 etiam
314 2361 345 2394 ex
363 2339 455 2394 fundo.
477 2343 577 2393 Avaros
597 2343 759 2406 insectetur,
779 2343 824 2414 qui
840 2353 958 2392 veterum
975 2341 1153 2388 Romanorum

108 2422 298 2492 parcimoniam
314 2422 378 2473 vitio
396 2439 445 2474 suo
465 2421 671 2494 praetendentes,
687 2423 769 2472 vitam
786 2419 923 2472 hominum
941 2436 989 2488 per
1004 2415 1154 2466 Grecorum

108 2496 277 2568 prudentiam
294 2499 350 2552 fiori
364 2498 546 2552 humaniorem
565 2499 780 2570 indignabuntur.
798 2498 912 2550 Stolidus
931 2495 1000 2547 ridet
1017 2505 1153 2562 sumptus,

109 2593 175 2647 quos
190 2577 294 2630 effundi
305 2581 419 2651 principi
428 2579 532 2652 juberet
541 2581 635 2650 ignava
648 2579 773 2631 adulatio.
787 2575 924 2631 Haeretlum
939 2575 1051 2645 exagitet
1062 2588 1153 2640 super-

108 2655 169 2710 bam
181 2662 420 2731 exspectationem,
434 2661 667 2714 commemorando
685 2661 757 2713 bona
773 2658 896 2712 omnibus
912 2675 987 2730 aequo
996 2656 1055 2724 jure
1068 2651 1154 2724 possi-

108 2737 165 2796 deri
175 2738 336 2796 huminibus.
350 2743 428 2794 Lucri
440 2761 571 2807 amorem,
582 2741 677 2793 durum
689 2756 714 2794 et
724 2743 891 2806 insatiatum,
905 2751 1079 2792 exsecratur.»
1093 2735 1153 2784 Haec

109 2821 198 2873 omnia
211 2819 339 2874 Stoicismi
355 2823 395 2872 sui
409 2821 527 2892 disputat
538 2822 796 2893 interrogatiunculis
810 2835 836 2873 et
848 2821 936 2874 stricta
947 2819 1042 2889 premit
1053 2815 1152 2866 oratio-

108 2917 159 2964 ue,
165 2899 257 2970 jejuna
269 2898 421 2971 paululum,
435 2900 482 2954 sed
493 2901 611 2966 fortiori,
628 2915 723 2973 atque,
737 2901 783 2952 ubi
801 2899 925 2952 describit
937 2895 1065 2970 equales,
1083 2913 1152 2946 mor-

108 2975 166 3029 daci
179 2991 207 3030 et
223 2979 350 3031 animosa.
368 2977 457 3031 Sermo
470 2981 563 3050 incipit
579 2978 729 3031 alaudibus
746 2980 836 3046 amici,
854 2975 1077 3050 quemadmodum
1090 2975 1152 3026 fecit

108 3059 133 3110 in
148 3059 187 3124 ll,
202 3071 228 3110 et
243 3060 270 3109 in
286 3059 335 3121 IV;
351 3056 450 3112 scilicet
460 3058 570 3111 laudare
579 3072 668 3111 amant
681 3057 814 3110 interdum
826 3072 853 3110 et
864 3055 1053 3131 satyrographi.

140 3137 243 3190 Titulos
257 3136 320 3190 huic
335 3139 418 3190 satire
433 3141 574 3210 inscriptos
592 3141 678 3191 varios
692 3138 861 3210 deprehendo
874 3142 901 3192 in
920 3137 998 3191 variis
1009 3135 1084 3266 pdSS.
1100 3135 1150 3186 fert

109 3219 136 3269 n‘
146 3218 235 3286 8048:
251 3216 351 3289 insipit
365 3217 400 3269 ad
412 3219 520 3271 Coest'um
533 3221 639 3272 Bassum
655 3219 764 3289 lyricm
776 3229 899 3292 posim,-
914 3215 1010 3272 80552
1035 3218 1105 3284 8070
1117 3215 1150 3265 ti-

110 3297 177 3350 tulos
195 3299 314 3350 referunt
331 3315 404 3368 mque
422 3298 542 3368 ineptos,
558 3287 651 3369 utpote
667 3295 780 3350 librariis
795 3299 966 3368 excogitatos.
981 3294 1052 3348 Nihil
1069 3294 1150 3345 ferme

110 3376 140 3428 de
156 3376 241 3428 thsio
257 3374 304 3427 illo
316 3377 398 3428 Basso
414 3376 574 3448 accipimus,
592 3377 642 3428 nisi
660 3395 719 3450 Ι(Ῑιιτε
732 3377 836 3430 Persius
847 3388 874 3427 et
892 3376 972 3428 Persii
988 3377 1046 3425 vitre
1059 3382 1150 3424 auctor
1175 3423 1178 3428 ,

110 3453 278 3508 tradiderunt.
289 3453 400 3506 Videtur
408 3455 499 3508 locum
507 3454 651 3508 obtinuisse
661 3455 828 3528 interlyricos
837 3456 991 3508 Latinorum
1001 3454 1034 3507 ab
1041 3454 1150 3505 Horatio

111 3533 266 3596 secundum
275 3531 364 3585 villam
376 3533 469 3586 habuit
475 3537 503 3586 in
514 3533 628 3598 Sabino,
644 3536 734 3588 satiras
749 3537 829 3587 Persii
842 3538 869 3587 in
881 3535 968 3588 lucem
980 3532 1092 3586 edidisse
1107 3531 1149 3582 di-

111 3615 182 3665 citur.
200 3612 282 3681 Quod
299 3614 417 3665 amicitie
438 3609 607 3666 munus'non
628 3615 683 3666 sine
700 3607 825 3686 periculo
840 3613 898 3666 fuit.
917 3613 1039 3687 Prospice
1057 3623 1148 3662 notam

112 3709 163 3766 que
174 3692 305 3766 sequitur.

142 3819 208 3871 Nor.
222 3837 245 3874 r.
255 3819 382 3874 Admovit
382 3827 442 3895 jam
451 3826 542 3877 bruma
545 3825 610 3897 foco
621 3835 645 3876 te
652 3863 660 3890 ,
672 3826 762 3892 Basse,
770 3826 1044 3890 ,falisci-Romani,
1055 3823 1147 3874 divites

113 3913 141 3947 ae
151 3896 232 3967 docti,
247 3901 293 3972 qui
308 3915 427 3973 tempora
441 3921 489 3955 sna
500 3905 569 3956 inter
581 3905 687 3974 negotia
698 3917 725 3957 et
737 3905 822 3957 studia
839 3903 1007 3968 dividebant,
1026 3900 1059 3953 ad
1071 3901 1147 3952 villas

112 3973 144 4026 ab
154 3977 217 4030 urbe
227 3997 282 4032 non
293 3993 395 4034 tantum
406 3982 563 4036 valetudinis
572 3985 655 4056 gratia
664 3997 691 4036 et
702 4003 783 4037 verno
794 3999 913 4058 tempore
923 3996 968 4036 aut
976 4003 1023 4054 per
1032 3994 1145 4032 testatem

113 4056 279 4126 secedebant,
296 4079 387 4114 rerum
405 4075 434 4116 et>
446 4063 563 4136 qualibet
577 4075 733 4135 tempestate
744 4065 781 4117 ibi
800 4063 1047 4128 commorabantur,
1067 4072 1147 4130 atque

114 4137 186 4188 ctiam
203 4137 369 4206 hiemabant,
386 4142 481 4213 procul
493 4143 526 4195 ab
542 4145 614 4196 omni
625 4146 735 4216 strepitu
746 4183 754 4210 ,
766 4145 859 4197 litteris
872 4159 898 4198 et
914 4145 1046 4214 scripturas
1057 4140 1145 4192 indul-

115 4229 206 4280 gentes.
221 4219 330 4272 Constat
344 4220 395 4274 hoc
404 4240 434 4275 ex
446 4221 557 4294 Epistol.
569 4222 639 4276 Tull.
653 4223 686 4275 ad
695 4227 825 4286 Atticum3
838 4245 852 4277 e
863 4226 971 4278 Sueten.
982 4222 1146 4294 Augus·72;
