3148 4950
411 399 475 478 452
727 395 839 458 vrrs
862 395 1131 461 suvanrms

717 577 784 624 Anu.
797 577 829 626 U.
843 574 872 626 C.
888 575 956 642 802,
968 575 1063 628 Christi
1078 577 1129 646 49,

830 661 962 714 luvenalis
976 662 1000 713 8.

446 825 491 884 De
508 820 743 906 praeceptoribus
761 820 918 880 luvenalis
936 819 1014 882 nihil
1036 835 1137 903 potest
1154 842 1237 883 certa
1252 838 1282 886 et
1295 827 1431 909 explorate

405 920 465 982 fide
477 919 568 980 tradi.
587 916 762 977 Herminius
780 916 924 997 quidem,
945 918 1055 977 Criniti
1076 919 1272 1002 aliorumque
1291 925 1431 984 auctorita·

405 1033 469 1082 tem
488 1030 648 1101 sequutus,
668 1015 705 1075 ad
724 1017 820 1074 vitem
840 1015 1015 1089 luvenalis,
1034 1037 1104 1098 quae
1121 1019 1269 1080 Suetonio
1287 1021 1430 1096 tribuitur,

405 1129 511 1190 notat,
531 1136 602 1175 eum
622 1117 779 1174 Frontone
800 1112 1007 1172 Grammatico
1028 1115 1134 1193 (quem
1154 1115 1249 1174 etiam
1270 1117 1328 1176 Sat.
1345 1117 1373 1192 1,
1390 1137 1431 1192 rr,

404 1216 493 1278 innui
504 1213 631 1296 quidam
646 1211 772 1294 putant)
786 1212 933 1291 magistro
948 1231 1036 1270 usum
1052 1231 1114 1272 esse
1126 1225 1156 1272 et
1170 1213 1212 1272 ab
1225 1232 1262 1272 eo
1274 1233 1386 1273 summa
1395 1213 1433 1272 di-

401 1318 528 1400 ligentia
538 1314 713 1375 institutum
724 1336 730 1371 :
742 1310 825 1372 hunc
835 1313 919 1372 enim
928 1312 1065 1371 docuisse
1074 1310 1132 1371 illis
1141 1313 1332 1394 temporibus
1341 1314 1429 1370 lione

402 1437 517 1498 magna
531 1435 602 1475 curn
612 1413 749 1472 nominis
758 1411 947 1484 celebritate,
961 1422 1035 1470 teste
1043 1409 1153 1470 Gellio.
1166 1411 1315 1471 Eamdem
1324 1411 1360 1469 ob
1370 1429 1431 1469 ceu·

401 1535 468 1574 sam
481 1511 568 1572 luere
580 1511 690 1583 etiam,
705 1508 758 1588 qui
773 1506 952 1567 iuvenalem
969 1507 1003 1566 iu
1017 1505 1215 1587 disciplinam
1228 1506 1430 1566 traditumesse

402 1607 597 1686 Quintiliano
620 1604 854 1684 suspicarentur.
878 1601 933 1663 Sed
955 1621 1050 1682 quarn
1069 1599 1196 1663 infirma
1216 1605 1254 1663 sit
1271 1601 1333 1662 hec
1348 1600 1427 1674 ratio,

399 1706 490 1768 facile
513 1702 705 1782 intelligitur.
726 1701 806 1759 Nam
827 1721 893 1760 nou
915 1700 1009 1760 modo
1031 1703 1137 1760 Romae
1158 1702 1213 1761 alii
1233 1713 1427 1786 quoquotum

400 1803 554 1885 temporis,
566 1801 649 1882 iique
657 1797 796 1873 celebres,
805 1799 890 1858 fuere
900 1799 1100 1859 Grammatici
1108 1813 1138 1858 et
1146 1799 1425 1880 Rhetores,quorunr

400 1899 519 1960 scholas
539 1897 733 1981 frequentpre
755 1895 853 1976 potuit
873 1895 1044 1972 luvenalis,
1067 1887 1166 1976 quum
1186 1917 1264 1977 puer
1282 1909 1369 1966 esset3
1385 1887 1426 1950 sed

398 1996 499 2056 multo
511 2014 633 2076 quoque
645 1990 833 2074 probabilius
845 2003 905 2068 est,
916 2013 987 2053 eum
1000 1996 1184 2074 quorumvis
1196 1995 1298 2076 potius
1310 1993 1425 2057 aliorum

397 2093 591 2153 institutione
603 2089 771 2148 formatum
782 2088 891 2164 luisse,
903 2109 998 2170 quam
1010 2091 1177 2150 Frontonis
1189 2090 1271 2150 illius
1282 2103 1311 2160 et
1322 2085 1426 2163 Quinti·

369 2203 371 2208 '
397 2190 485 2248 liani.
504 2187 562 2246 Hic
578 2187 678 2260 enim,
693 2182 778 2266 quod
795 2205 888 2267 supra
901 2185 1050 2260 diximus,
1065 2186 1112 2244 vel
1130 2186 1259 2262 eodem,
1277 2205 1336 2266 quo
1351 2193 1424 2264 poeta
1450 2165 1454 2174 .

397 2285 521 2360 Noster,
536 2303 635 2355 anno,
651 2281 701 2342 vel
718 2279 850 2363 aliquot,
867 2281 918 2342 ille
936 2295 1038 2342 autem
1052 2281 1156 2342 multis
1178 2285 1269 2343 annis
1285 2294 1352 2364 post
1366 2297 1423 2339 eum

321 2381 331 2404 ⁶
397 2396 487 2443 natus
514 2379 643 2440 videtur.
667 2379 787 2438 Marcus
804 2391 884 2438 certe
911 2378 1068 2438 Cornelius
1091 2379 1232 2456 Fronto,
1258 2376 1422 2440 clarissimus

396 2478 526 2550 Rhetor,
540 2477 627 2560 cujus
641 2476 752 2558 passim
766 2475 955 2535 mentionem
974 2473 1049 2535 facit
1067 2475 1186 2536 Gellius
1199 2478 1304 2555 (Noct.
1317 2476 1371 2534 Att.
1383 2469 1421 2543 ll,

397 2579 452 2651 263
464 2576 552 2650 llll'l,
568 2575 622 2647 283
636 2573 722 2646 xlx,
737 2574 769 2647 8,
789 2593 839 2646 ro,
858 2573 920 2651 13.)
935 2586 1100 2654 praeceptor
1113 2573 1175 2632 fuit
1188 2574 1319 2634 duorum
1337 2571 1421 2647 impe·

395 2687 551 2745 notorum,
565 2672 608 2732 M.
623 2670 773 2732 Antonini
787 2667 968 2750 Philosophi
981 2671 1053 2749 (qui
1069 2670 1097 2729 ei
1114 2683 1249 2732 statuam
1266 2672 1299 2730 in
1311 2677 1418 2734 senatu,

395 2769 590 2831 consulatum
602 2771 634 2825 in
648 2765 724 2824 duos
736 2785 854 2824 menses
864 2765 998 2846 aliosque
1009 2763 1142 2826 honores
1154 2768 1314 2844 contulit),
1325 2775 1353 2822 et
1362 2755 1419 2818 Veri

394 2869 439 2945 (s.
454 2861 619 2947 Capitolin.
633 2863 666 2921 in
677 2864 740 2921 vita
751 2861 866 2922 Anton.
885 2861 1000 2922 Philos.
1015 2884 1041 2924 c.
1058 2883 1092 2938 a,
1107 2877 1138 2924 et
1153 2865 1226 2926 Veri
1238 2886 1264 2925 c.
1280 2883 1307 2922 a.
1320 2862 1418 2920 huson.

384 2964 428 3022 xin
447 2961 532 3021 Grat.
549 2959 613 3017 Act.
628 2956 763 3016 Macrob.
780 2957 838 3016 Sat.
852 2959 893 3033 V,
911 2979 942 3032 ι,
958 2972 990 3018 et
999 2959 1094 3040 ipsius
1105 2961 1270 3022 Frontonis
1286 2957 1374 3038 Epist.
1386 2945 1418 3008 ad

393 3059 534 3120 Marcum
555 3077 605 3136 sp.
620 3052 755 3133 Charis.)
765 3055 938 3115 Antoninus
950 3076 1021 3115 vero
1036 3055 1087 3114 ille
1103 3060 1246 3138 regnavit
1262 3075 1331 3115 aun.
1344 3049 1376 3107 U·
1389 3044 1416 3104 G·

394 3153 706 3238 914-933‚snu.U.
725 3151 758 3210 C.
775 3153 945 3228 ror-180,
963 3166 992 3212 et
1008 3167 1096 3213 natus
1115 3169 1158 3216 est
1175 3177 1250 3216 unu.
1260 3154 1295 3212 U.
1306 3151 1337 3208 C.
1353 3139 1415 3223 874,

395 3252 467 3317 Chr.
490 3272 560 3326 rar,
576 3249 676 3332 liquot
694 3247 772 3309 forte
787 3249 940 3310 mensibus
953 3250 1001 3309 vel
1020 3251 1095 3312 adeo
1107 3253 1198 3312 annis
1218 3263 1286 3334 post
1303 3254 1415 3307 mortem

314 3379 318 3390 ·
392 3347 565 3422 luvenalis,
577 3345 631 3426 qui
644 3343 682 3403 ad
695 3365 848 3404 summam
862 3344 936 3404 vixit
950 3359 1144 3405 senectutem.
1163 3347 1241 3424 Quis
1257 3345 1352 3421 itaque
1366 3328 1416 3392 sibl

392 3443 589 3527 persuadeat,
611 3443 768 3522 utriusque
787 3453 1001 3524 preceptorem
1017 3441 1110 3502 fuisse
1124 3443 1311 3503 Frontonem
1322 3421 1416 3494 illum?

432 3539 581 3599 Caeterum
593 3539 617 3597 si
633 3547 721 3619 pater
732 3551 827 3619 poetae
836 3540 931 3620 nostri
943 3537 1064 3619 locuples
1078 3535 1225 3600 libertinus
1241 3537 1313 3608 fuit,
1328 3527 1413 3588 lilium

392 3635 507 3696 artibus
524 3635 701 3694 liberalibus
717 3633 928 3716 honestisque,
943 3635 1054 3715 quibus
1071 3635 1244 3711 nobilium,
1260 3632 1356 3694 saltem
1370 3625 1413 3682 in·

391 3751 581 3813 genuorum,
594 3729 679 3790 liberi
693 3730 945 3809 instituebantur,
958 3731 1163 3794 imbuendum
1175 3751 1281 3794 curare
1293 3729 1410 3810 poterut

391 3828 485 3910 idque
499 3829 630 3888 omnino
644 3846 763 3888 curasse
777 3825 904 3887 videtur.
