3026 4944
295 485 475 551 SATIRAE
498 484 663 548 PRIMAE
685 473 919 548 ANALYSIS.
1091 482 1129 548 13

104 627 129 674 at
143 610 213 671 illud
231 607 420 670 recitationis
440 627 536 690 genua
546 653 555 682 ,
581 608 688 678 Romae
707 617 782 666 tuuc
802 605 950 688 temporis
972 605 1132 665 usitatissi-

103 729 195 782 mum,
215 706 322 766 festive
345 704 505 780 describit,
527 705 577 780 13,
596 705 643 764 23.
664 737 704 749 -
728 702 812 780 Quid
832 705 927 784 igitur
943 700 1033 783 juvet
1052 701 1131 762 didi·

106 809 180 880 cisse,
197 805 306 887 objicit
324 805 427 864 Persio
447 803 649 878 adversarius,
668 806 692 862 si
707 799 850 864 reticeas?
866 801 922 878 ad,
939 804 986 862 26.
1005 836 1044 848 -
1059 802 1130 862 Νοιι

105 906 139 966 ad
157 905 389 966 ostentationem
405 901 608 977 studendum,
631 900 723 962 refert
741 915 855 978 noster,
873 915 904 961 et
925 900 1008 962 valet
1027 920 1081 984 per
1100 921 1131 961 se

102 1004 244 1077 doctrina,
255 1021 309 1082 27,
321 1003 368 1062 28.
381 1035 421 1047 -
431 1001 560 1062 ritenim
571 999 742 1082 gloriosum
751 1001 837 1060 estin
847 1020 900 1060 ore
907 1001 1019 1060 versari
1030 997 1131 1063 bomi-

99 1123 180 1177 num,
195 1103 229 1161 in
240 1099 353 1161 scholis
364 1101 542 1161 tractari...
555 1132 595 1147 -
609 1111 638 1158 et
649 1097 770 1159 laudari
784 1119 803 1158 a
816 1098 925 1159 saturis
937 1095 1119 1158 bominibus

97 1199 136 1258 ait
151 1200 283 1272 Persius3
300 1195 373 1257 binc
389 1195 531 1256 videlicet
548 1196 606 1254 erit
616 1207 707 1276 poeta
726 1192 799 1254 felix
815 1206 845 1254 et
863 1194 1055 1255 immortalis.
1071 1195 1130 1255 Hic

94 1296 281 1357 recitationes
299 1293 441 1375 depingit
457 1307 487 1354 et
506 1293 668 1373 ridetque
686 1293 720 1351 in
740 1290 873 1352 divitum
890 1305 1131 1374 magnatumque

95 1395 239 1456 conviviis
250 1393 537 1475 frequentabantur,
550 1393 603 1467 28,
614 1388 663 1467 do.
677 1425 716 1438 -
728 1391 847 1452 Jocaris
857 1403 888 1450 et
898 1391 1013 1450 nimius
1024 1411 1068 1466 es,
1083 1389 1130 1450 di·

94 1505 138 1553 cet
151 1491 200 1551 ille
210 1489 288 1549 mibi
301 1491 478 1572 propositus
488 1488 692 1559 adversarium
709 1487 777 1570 quis
791 1501 835 1546 est
848 1489 933 1546 enim
945 1488 998 1568 qui
1011 1486 1090 1547 nolit
1101 1507 1132 1546 se

94 1589 156 1650 lieri
168 1611 223 1671 per
236 1590 348 1670 scripta
365 1584 592 1648 immortalem?
603 1585 657 1662 lo,
668 1585 716 1662 43.
729 1619 769 1631 -
782 1585 854 1645 Non
866 1605 924 1666 ego
936 1585 961 1644 si
973 1583 1049 1666 quid
1060 1605 1132 1666 pos·

93 1689 148 1747 sim
159 1686 314 1748 laudabile
325 1687 469 1761 scribere,
493 1685 652 1767 respondit
665 1699 769 1766 poeta,
781 1682 902 1744 laudari
914 1695 1067 1754 metuam3
1082 1681 1131 1742 sed

93 1785 168 1846 nibil
187 1785 226 1846 ad
246 1806 350 1845 veram
370 1783 503 1866 gloriam
516 1785 681 1846 conferunt
697 1781 802 1866 laudes
818 1783 921 1864 turpia
937 1781 1133 1857 mirantium,

91 1880 143 1958 ll,
159 1884 206 1943 53.
219 1919 258 1927 —
270 1883 368 1959 Quid,
386 1883 473 1963 quod
492 1895 649 1963 magnates
667 1880 807 1940 venalem
826 1878 999 1940 auditorem
1015 1877 1133 1938 condu-

92 1995 163 2040 cunt
174 1993 257 2040 veste
268 1995 322 2040 aut
337 1979 492 2062 prandio?
509 1981 537 2039 Ο
548 2000 702 2062 proceres,
718 1978 880 2052 exclamat,
892 1977 1010 2038 noscite
1020 1995 1092 2052 vos,
1104 1989 1134 2037 et

92 2073 1135 2157 caveteabassentatoribus.Quaeritiaquiddescriptisvestrissentiat

90 2171 244 2257 populus?
254 2171 380 2232 Fallunt
390 2192 461 2248 vos,
477 2173 531 2254 qui
545 2186 673 2232 tramant
687 2170 840 2254 populum
852 2172 958 2231 mirari
970 2191 1073 2231 versus
1084 2169 1134 2230 vel

89 2271 202 2332 fractos
218 2285 248 2330 et
265 2271 395 2345 inertes,
411 2268 459 2331 vel
475 2271 632 2351 turgidos3
651 2285 704 2330 aut
720 2271 784 2352 ipse
799 2269 918 2330 fallitur
936 2269 1088 2352 populus,
1107 2269 1133 2328 si
1220 2295 1224 2304 ¹

90 2371 230 2442 miratur,
241 2369 293 2443 53,
308 2370 357 2429 68.
372 2403 410 2414 -
420 2369 512 2430 Nunc
523 2367 742 2430 adolescentuli
759 2389 778 2428 a
794 2366 969 2436 scholarum
981 2366 1133 2428 declama·

91 2465 230 2524 tionibus
246 2463 285 2524 ad
302 2483 459 2524 summum
476 2463 624 2544 quodque
640 2483 770 2545 poeseos
787 2484 883 2544 genus
901 2466 962 2524 cito
979 2477 1133 2526 transcur-

89 2547 186 2635 rimt,
197 2561 248 2640 59,
261 2563 307 2640 75.
323 2597 362 2606 -
375 2561 464 2620 Nunc
478 2561 613 2642 pessima
626 2579 758 2640 quaeque
772 2559 954 2639 aequalium,
969 2573 1000 2620 et
1010 2560 1133 2622 desueta

90 2672 228 2719 vetemur
237 2679 333 2740 opera
340 2658 494 2718 mirantur
501 2656 605 2717 stolidi
615 2670 770 2738 parentes,
780 2670 1024 2738 proponuntque
1033 2660 1134 2740 pueris

85 2755 174 2816 velut
183 2755 385 2837 exemplaria,
395 2757 449 2836 76,
462 2757 511 2816 80.
521 2788 560 2802 -
572 2755 654 2816 Hinc
667 2755 817 2815 orationis
829 2753 1004 2837 corruptela
1016 2756 1135 2818 invecta

73 2867 132 2914 -est
140 2876 154 2926 ;·
162 2851 239 2914 binc
249 2854 374 2935 ineptire
387 2853 545 2926 oratorie,
558 2872 627 2932 quae
640 2853 674 2912 in
685 2851 802 2912 deliciis
819 2850 983 2926 habentur,
996 2872 1074 2933 quas
1087 2873 1134 2912 re·

84 2952 219 3032 quirunt
232 2951 376 3032 patroni,
387 2948 533 3030 neglectis
545 2947 704 3009 clientium
722 2949 784 3008 vita
799 2963 831 3008 et
846 2948 997 3025 fortunis,
1016 2951 1070 3026 80,
1084 2971 1132 3032 9¹·

85 3081 126 3096 -
137 3047 178 3106 At
186 3065 262 3107 vero
274 3046 433 3128 politiores
442 3057 473 3104 et
484 3045 654 3104 ornatiores
668 3058 739 3105 sunt
750 3044 916 3127 aequalium
926 3067 1029 3108 versus
1041 3067 1134 3129 quam

82 3144 241 3225 priorum.
260 3144 332 3203 Hoc
345 3142 438 3202 variis
451 3141 639 3223 famosisque
653 3139 769 3202 ridetur
782 3141 938 3224 exemplis.
952 3143 1023 3220 Quo
1037 3143 1134 3220 facto,

77 3239 240 3324 judicium
251 3238 290 3301 de
301 3241 388 3300 omni
405 3240 612 3302 recentiorum
621 3241 773 3321 scriptura
783 3244 873 3302 suuni
886 3242 983 3324 aperit
997 3245 1134 3316 Persius,

79 3361 142 3419 92,
162 3341 229 3401 106.

122 3438 187 3498 Hic
195 3437 389 3500 adversarius
398 3460 464 3500 uon
471 3440 549 3502 bene
556 3461 586 3500 se
594 3439 706 3502 babere
716 3441 821 3500 Romae
829 3440 958 3518 litteras,
970 3454 1000 3502 et
1008 3463 1134 3504 censura

76 3535 202 3617 dignos
221 3556 286 3597 esse
304 3538 465 3620 scriptores
476 3537 525 3598 vel
543 3539 652 3600 tacitus
668 3535 789 3612 fatetur.
806 3539 974 3600 Contendit
989 3559 1064 3603 vero
1083 3563 1134 3624 pe·

75 3632 225 3694 siculum
249 3653 312 3694 esse
333 3635 458 3696 satiram
482 3635 702 3722 scribentibus,
732 3655 803 3718 107,
829 3656 893 3698 tto.
913 3668 951 3682 -
967 3638 1135 3720 Respondit

75 3732 231 3792 Persius:
252 3747 281 3791 ν
293 3732 354 3815 per'
365 3733 514 3808 ironiam3
527 3753 618 3815 crgo,
631 3735 748 3816 inquit,
760 3735 867 3794 omnia
878 3735 977 3816 probe
990 3749 1095 3811 erunt,
1106 3749 1136 3796 et

74 3829 249 3905 mirande,
266 3845 296 3892 et
310 3853 407 3892 sacra.
426 3833 459 3892 2⁰
474 3835 532 3894 Per
549 3833 688 3916 exempla
705 3832 817 3894 Lucilii
835 3833 1135 3916 Horatiique31iceat

77 3924 166 3985 mibi
186 3927 273 3988 idem
288 3928 375 4009 quod
392 3927 468 4005 illis,
489 3951 560 4005 tro,
580 3951 646 4010 ¹19·
660 3965 699 3976 -
714 3931 861 4006 Minime,
875 3951 938 4012 rip
955 3965 992 3978 -
1006 3933 1135 3994 Atrates

79 4025 175 4102 quasi
185 4027 342 4108 propositi
351 4027 464 4104 victor,
474 4027 615 4111 jurisque
622 4031 669 4090 sui
679 4027 790 4106 factus,
800 4031 1063 4111 moetoripturum
1069 4029 1134 4111 pol·

77 4115 212 4198 licetur,
224 4137 255 4183 et
266 4123 306 4184 ad
317 4127 443 4187 satiram
456 4141 545 4186 vocat
556 4127 699 4204 lectores,
712 4128 816 4210 quales
828 4127 901 4188 velit
913 4125 1025 4188 babere
1037 4125 1135 4209 pbilo-

73 4218 206 4301 sopbus
221 4234 253 4282 et
264 4223 311 4282 vir
321 4225 454 4306 probus,
469 4245 539 4301 120,
556 4223 619 4301 134.
