3116 4934
458 333 685 402 lMI'l'rt'rlo
707 333 924 402 Holta'rlt.
1152 336 1218 430 573

209 455 376 533 Sbboetmt'
395 455 599 542 prmaepidum
618 478 677 519 cor.
692 491 734 504 -
754 458 817 536 Qui
834 457 923 520 aliter
943 455 1010 522 bac
1030 461 1221 540 scribebant,

169 575 234 616 nou
245 556 453 616 meminerant
466 553 616 616 similium
629 565 828 616 venustatum
842 554 926 637 apud
938 557 1118 636 Horatium,
1134 558 1221 641 cujus

168 649 287 732 lepores
297 647 412 733 ubique
420 663 550 711 sectatur
561 663 664 711 noster
672 650 706 712 in
718 670 803 711 nona
813 651 910 712 Satira
920 651 992 712 libri
1003 654 1113 736 primi,
1123 675 1219 716 meam

160 745 250 834 jecur
261 769 342 810 urere
356 745 422 809 bilis
432 793 443 826 ,
458 749 492 809 in
509 748 640 832 septima
658 748 788 832 epistola
807 751 922 833 primi,
940 771 1003 811 rtan
1021 772 1092 812 rarae
1109 751 1221 814 credere

169 849 275 908 Mena.

207 947 257 1007 61.
280 944 420 1006 Ocuruoe
442 947 474 1004 in
499 956 588 1004 terrae
607 947 735 1024 atrimae,
755 957 784 1005 et
803 942 960 1006 caelestium
978 948 1100 1008 inanes!
1109 981 1149 995 -
1167 949 1218 1010 Sa·

168 1045 258 1103 titan
274 1043 346 1104 libri
364 1042 455 1119 sexti,
470 1062 513 1103 vs.
528 1063 586 1124 77:

449 1228 550 1242 ......
566 1195 722 1258 Quincorpua
734 1205 845 1242 onustum

202 1327 204 1332 Ι
308 1266 427 1314 lleaternir
435 1268 499 1314 vitiit
512 1269 614 1314 anianum
626 1281 722 1330 quoqne
735 1279 863 1328 prapravat
875 1281 936 1324 una,

307 1337 385 1402 Atque
396 1336 470 1400 affigit
478 1335 551 1385 humo
562 1336 645 1384 divinae
657 1337 794 1401 particulam
804 1353 875 1385 aum

208 1501 257 1561 72.
269 1481 364 1562 Lippa
378 1501 518 1563 pmpaqo.
528 1515 568 1527 -
579 1480 677 1540 Satira
690 1481 811 1563 prima,
825 1479 954 1564 Llispini
964 1485 1072 1544 scrinia
1087 1481 1167 1567 lippi.

209 1577 258 1660 73.
274 1575 639 1664 Compositumjasfaaque
650 1581 754 1642 animi.
765 1614 804 1628 -
815 1582 920 1640 Animi
929 1581 1143 1659 scribendum,
1156 1602 1221 1644 non

168 1677 290 1750 anim05
310 1676 352 1736 sic
374 1677 458 1759 apud
480 1675 642 1752 Flaccum,
663 1677 697 1736 in
715 1675 842 1737 secundi
862 1677 954 1738 tertia
969 1679 1221 1742 SatiratReetum

168 1775 263 1832 animi
275 1774 394 1835 servas?

214 1870 262 1954 75.
289 1873 363 1930 Haec
389 1867 457 1930 cedo
484 1881 518 1931 at
545 1868 718 1930 admoveam
741 1868 873 1952 templis,
899 1873 1028 1953 elsam
1054 1872 1154 1934 litabo.
1180 1909 1217 1921 -

169 1963 239 2026 Oda
252 1966 306 2042 23,
323 1965 378 2026 lib.
390 1965 446 2042 ΠΙ,
458 1985 503 2025 ts.
521 1985 556 2047 ¹7
567 1986 575 2024 ε

447 2122 559 2167 immunia
570 2135 636 2168 arant
644 2121 663 2168 ai
675 2123 748 2186 tetigit
757 2137 856 2178 manue,

448 2191 502 2238 Non
512 2203 648 2254 sumptuosa
660 2191 769 2238 blandior
777 2191 853 2240 boetia
868 2249 870 2254 Ι

478 2261 578 2309 Mollivit
590 2279 682 2310 armoe
694 2265 790 2311 Penates

477 2333 549 2380 Ferre
560 2334 601 2398 pio
612 2345 637 2380 et
647 2333 743 2382 attente
756 2335 825 2382 mica.

170 2470 242 2532 Sine
254 2489 345 2532 canta
364 2483 488 2534 tanturn
506 2472 651 2534 laborant
671 2472 772 2536 Flacci
793 2475 975 2560 interpretes
995 2474 1140 2560 inhujus
1159 2477 1221 2541 loci

171 2567 321 2630 sententia
341 2568 540 2651 explicanda,
559 2572 703 2632 immunis
724 2593 831 2634 manus
850 2576 916 2632 sine
934 2572 1031 2635 dubio
1050 2589 1109 2662 eat,
1123 2596 1222 2636 vacua

172 2686 316 2742 munere3
330 2678 361 2728 at
373 2669 428 2750 qui
439 2669 600 2751 accipiunt
608 2690 665 2753 pro
678 2670 855 2732 immuniaa
866 2670 977 2732 scelere
988 2672 1082 2734 velim
1091 2672 1223 2734 doceant

171 2783 239 2844 me,
259 2762 314 2824 ubi
329 2763 461 2846 legerint
480 2767 620 2828 immunis
638 2770 725 2836 ἁπλῶς
742 2769 879 2850 positum
896 2789 955 2851 pro
973 2773 1072 2847 ἀθῷοςς
1093 2789 1222 2850 sequena

169 2881 275 2924 verane
291 2863 475 2924 sententiam
491 2864 684 2925 Platonicam
696 2867 852 2942 continet,
869 2880 1066 2949 sumptuosae
1083 2867 1223 2928 victimae

171 2977 238 3019 non
249 2977 312 3019 esee
326 2965 463 3042 θεραπείαν
475 2959 617 3042 (cultum)
633 2960 777 3038 deorum,
792 2963 844 3024 sed
856 2967 990 3023 κοὶακιὶαν
1001 2960 1223 3044 (adulationem)

172 3055 215 3114 ita
225 3056 319 3135 igitur
332 3059 452 3140 accipe:
477 3078 588 3118 manus
601 3079 712 3136 vacua,
734 3080 800 3119 non
816 3072 920 3121 autem
935 3059 1019 3120 illius
1038 3061 1092 3142 qui
1112 3074 1145 3121 ut
1164 3061 1224 3124 diis

172 3149 350 3211 blandiatur
372 3168 570 3235 sumptuosas
595 3176 702 3216 eorum
727 3156 787 3216 aria
810 3153 924 3216 hostias
950 3155 1115 3233 admovet,
1137 3179 1223 3219 sacra

173 3247 341 3310 Penatibus
356 3248 490 3327 faciens,
503 3253 605 3313 litabit
617 3251 716 3330 farre,
729 3253 855 3313 autulio
869 3253 1039 3338 quamlibet
1054 3256 1141 3317 tenui
1152 3277 1222 3316 mu-

172 3345 322 3422 nusculo,
334 3343 420 3428 quod
434 3348 474 3408 ab
487 3351 595 3410 animo
609 3349 662 3432 pio
673 3351 886 3432 proficiscitur.

547 3557 604 3637 IN
630 3557 850 3637 TERTIA.

215 3753 242 3814 5.
263 3754 362 3816 Siccae
385 3755 492 3812 insana
514 3752 764 3816 mairulameeees
787 3757 968 3821 iamdudum
991 3767 1097 3845 ωᾳιιὶι.
1115 3799 1152 3812 .-
1172 3768 1224 3826 sa.

176 3851 236 3912 tira
248 3849 269 3910 6
282 3851 395 3936 primi,
408 3870 452 3913 vs.
470 3851 545 3912 126:

394 4026 418 4038 ..
431 4025 436 4034 .
449 4023 454 4036 .
467 4025 473 4037 .
486 4025 491 4036 .
503 3990 575 4053 Pupia
584 3990 669 4038 rabiosi
683 4004 789 4054 tempora
802 3995 868 4055 tigni.
