3026 4944
321 467 364 534 56
494 463 650 528 VARIAE
673 459 944 526 LECTlONES
966 461 1028 524 ΕΤ
1052 463 1190 527 NOTAE

318 593 421 656 furere,
431 587 594 642 Baoohuntee
604 585 741 658 appellate
751 597 813 640 sunt
823 585 963 638 Moenades.
971 615 1008 627 -·
1016 585 1142 655 Flexum
1152 588 1288 641 direotnru
1298 589 1384 662 ιΙψ-Ι

318 674 364 726 sig,
375 698 412 710 -
424 667 569 740 Coponiis,
586 665 690 719 liederte
705 665 860 731 normulis,
874 664 1040 718 habenarum
1053 667 1123 721 loeo.
1145 669 1288 740 Corymbus
1300 686 1370 741 pro·

318 751 377 824 prie
391 762 431 802 est
444 747 547 801 hedera
559 748 679 809 iruotne3
692 745 736 798 hic
750 747 863 798 sumitur
875 763 926 817 pro
940 748 998 819 ipsa
1012 747 1119 800 hedera.
1133 777 1171 788 -
1181 750 1284 815 Euion,
1299 745 1368 802 atto.

318 829 440 883 Bacchus
451 828 549 880 dicitnr
558 827 638 880 Euios
649 826 690 879 vel
701 843 717 878 a
727 843 793 878 roae
805 826 994 879 Bacchentinnt
1006 825 1065 890 tier,
1077 827 1119 880 vel
1134 828 1207 900 qnod
1218 828 1254 880 oh
1267 847 1310 881 ree
1325 828 1373 880 ad·

317 928 410 964 meus
423 911 544 981 gigantes
556 921 644 979 gestes
658 905 780 960 laudatus
794 921 835 960 est
848 927 864 960 a
876 910 942 960 love
955 907 996 962 hit
1011 908 1098 962 verbis
1112 925 1119 961 t
1136 903 1164 960 lu
1179 907 1225 977 iii,
1240 927 1304 984 rupe
1310 907 1385 982 fili.

318 991 412 1042 Horat.
429 988 481 1042 Od.
498 991 535 1054 ΙΙ,
556 1005 596 1058 ¹9·
607 987 811 1060 71n5eminat.
829 987 929 1057 legere
940 987 1034 1040 volunt
1049 987 1171 1042 nonnulli
1187 989 1371 1064 lnpeminont.

317 1069 371 1124 Sed
383 1068 485 1122 hebent
496 1068 641 1143 ingeminat
652 1068 824 1139 manuscripti
835 1065 921 1138 Codd.
932 1081 958 1120 et
969 1067 1023 1120 hoo
1036 1067 1146 1122 verbum
1158 1071 1194 1120 ita
1205 1068 1318 1120 sumitur
1328 1069 1373 1120 in·

317 1153 454 1208 transitive
468 1150 540 1224 apud
549 1150 688 1222 Virgilium
701 1168 757 1202 non
770 1149 867 1202 semel:
880 1150 978 1220 Georp.
991 1153 1016 1216 1,
1030 1149 1097 1204 333:
1116 1151 1309 1224 elnqtmt'nant
1320 1168 1374 1203 en-

318 1235 373 1285 stri.
385 1256 396 1282 ι
414 1231 515 1286 AEueid.
528 1231 561 1298 V,
578 1247 644 1301 2²7²
666 1231 840 1302 nlnqeminot
855 1229 986 1282 clamor.»
1005 1243 1057 1284 etc.
1070 1260 1105 1273 -
1117 1230 1294 1304 Reparohilis,
1310 1247 1372 1302 quta

318 1326 396 1366 ronst
408 1314 518 1384 sepium
533 1311 688 1377 selectim,
702 1325 732 1364 ut
747 1311 804 1366 vult
819 1311 931 1383 Koeniffi
947 1331 1005 1383 que
1021 1329 1103 1368 sonos
1118 1327 1232 1386 reperet.
1246 1311 1372 1364 -Eelto

317 1390 368 1446 tes
380 1393 423 1446 rei
439 1390 515 1460 ι’χιῖι,
532 1409 636 1446 tonare.
649 1390 751 1445 Fabula
767 1406 855 1445 narrat
866 1393 948 1446 luisse
959 1393 1078 1447 Puellam
1090 1394 1126 1448 ob
1141 1393 1322 1464 garrulitatem
1339 1395 1372 1446 in

316 1489 410 1526 vocem
427 1475 565 1526 elutione
581 1485 718 1525 mutatam.
733 1470 793 1524 Vid.
810 1471 876 1524 Plin-
895 1474 962 1526 Hiet.
978 1475 1038 1526 Nat.
1058 1475 1096 1541 ll,
1115 1473 1163 1540 463
1182 1472 1308 1538 XXXVI,
1326 1471 1371 1524 15.

316 1555 386 1622 Lege
397 1565 424 1606 et
432 1551 510 1606 Ouid.
521 1552 699 1624 Metamorph·
710 1553 759 1618 ΙΙΙ,
771 1569 831 1624 cap.
842 1550 867 1606 5.
877 1583 914 1594 -
922 1552 995 1623 Quid
1007 1555 1040 1607 sit
1051 1556 1079 1608 in
1091 1553 1133 1608 hie
1143 1553 1264 1607 versibus
1275 1569 1373 1622 repre·

315 1631 501 1698 hendendttm‚
511 1645 538 1684 et
547 1631 612 1703 quid
620 1630 820 1703 reprehenderit
828 1634 945 1700 Persius,
957 1634 1042 1686 funus
1052 1636 1208 1706 interpretes
1214 1632 1372 1704 disputant,

316 1733 435 1786 operam,
443 1710 837 1783 oredo‚perdentet.Tumorem
845 1714 1107 1766 enimetaffestttam
1113 1712 1280 1767 hermonim
1288 1729 1372 1766 nemo

315 1809 356 1849 eet
370 1797 416 1866 qui
429 1795 457 1846 in
470 1791 521 1846 illis
533 1811 589 1845 non
604 1790 795 1863 deprehendat.
811 1794 851 1846 De
865 1805 998 1847 sanatura
1010 1793 1109 1846 horum
1118 1813 1243 1849 uranum
1254 1793 1307 1845 rid.
1319 1796 1371 1845 la-

315 1875 415 1928 nohum
431 1872 628 1924 Bononiensem
639 1869 768 1924 Theseae.
785 1873 869 1924 crine.
886 1885 950 1924 tom.
965 1875 990 1940 Ι,
1005 1892 1034 1944 p.
1046 1873 1109 1943 667,
1122 1873 1163 1926 ed.
1176 1873 1252 1926 Grut.
1263 1903 1300 1914 ·-
1309 1871 1373 1922 Tri·

314 1955 406 2008 bnitur
418 1952 493 2005 locut
506 1951 609 2004 Neroni
621 1950 754 2004 editorum
766 1953 849 2004 ferme
862 1955 980 2006 omnium
993 1970 1139 2021 conamen,
1153 1953 1227 2008 hand
1238 1955 1274 2006 ite
1286 1953 1371 2005 firmis

316 2051 405 2089 tamen
421 2051 453 2086 ex
470 2034 641 2103 argumentis.
658 2032 727 2084 Nam
744 2046 840 2105 prater
851 2036 949 2086 vetusti
964 2033 1113 2086 scholiastes
1126 2036 1321 2100 testimonium,
1338 2047 1369 2086 et

314 2117 409 2170 Dionis
420 2113 511 2166 loourn
524 2115 581 2181 jem
593 2129 675 2184 supra
686 2110 798 2164 relatum
809 2111 877 2182 (rid.
890 2111 969 2165 Dion.
981 2132 1010 2184 p.
1026 2129 1094 2184 999,
1109 2112 1173 2167 edit.
1186 2115 1287 2186 Rern.)
1296 2112 1370 2167 nihil

316 2199 425 2249 omnino
437 2192 565 2246 habemns
578 2189 676 2244 adhoc
689 2193 864 2245 auctoritatis.

351 2306 420 2358 Nor.
443 2303 506 2369 103,
520 2301 578 2369 tbi.
595 2299 660 2354 Hac
667 2297 781 2372 fierent,
792 2301 814 2354 si
825 2301 935 2354 articuli
951 2321 1016 2354 veno
1033 2303 1091 2356 ulla
1104 2305 1211 2376 paterni
1224 2305 1329 2360 Viveret
1339 2305 1386 2355 in.

315 2385 395 2440 nohis.
407 2412 444 2424 -
454 2379 537 2436 Solvit
548 2379 654 2433 frenum
665 2379 853 2450 indipnationi,
864 2397 944 2453 quam
953 2381 1090 2454 paulisper
1098 2381 1309 2436 dissimulaverat
1317 2401 1371 2456 per
1382 2423 1387 2436 .

314 2467 441 2528 ironiam,
449 2463 617 2534 puriorque
626 2459 796 2532 reprehendit
806 2474 945 2533 poetarum
956 2463 1084 2534 ineptias,
1096 2481 1212 2535 quorum
1220 2479 1311 2516 versus
1321 2481 1370 2516 eu·

313 2563 364 2617 pra
377 2541 477 2596 retulit.
488 2571 525 2584 -·
535 2541 612 2606 nec,
627 2543 645 2594 i.
660 2560 684 2594 e.
698 2541 848 2594 istiusmodi
860 2544 986 2594 carmina.
999 2574 1034 2584 -
1048 2544 1122 2598 Vena
1133 2541 1191 2596 ulla
1205 2543 1311 2617 potami
1330 2553 1370 2594 te-
1383 2603 1386 2608 ‚

313 2625 413 2692 stieuli,
423 2621 581 2696 metaphora
590 2621 671 2694 paulo
683 2621 811 2674 audauor
819 2633 846 2674 et
858 2622 1010 2676 obseoenior
1018 2643 1068 2696 pro
1075 2637 1152 2697 9ιιιια
1161 2624 1253 2699 eliqua
1261 2625 1385 2696 patenti.

314 2705 457 2780 anguinis.
475 2705 546 2756 liaeo
565 2701 712 2755 admodum
728 2702 801 2773 apud
821 2703 937 2754 Persium
956 2720 1096 2758 reonnnnt
1117 2705 1193 2758 toede
1216 2703 1383 2758 istiusmodi⁴

314 2785 514 2850 translationes,
532 2801 591 2855 qna
603 2783 822 2854 frequentissima
838 2796 901 2836 eunt
916 2783 988 2856 apud
1004 2798 1111 2838 oteteros
1124 2787 1232 2840 Latinos
1244 2786 1365 2838 satiricos

314 2867 488 2937 inprimisque
505 2862 578 2934 apud
595 2863 759 2916 iuvenalem.
777 2893 814 2904 -··
830 2863 936 2919 Viveret
951 2866 980 2918 itt
996 2868 1085 2932 nohis,
1108 2867 1186 2920 nohis
1204 2879 1365 2938 superesset.

315 2975 350 2988 -
368 2943 464 3000 Similis
476 2957 516 2998 est
528 2941 592 2994 huic
607 2944 710 2996 Horatii
726 2944 788 2998 loeo
802 2963 912 3012 sensus,
928 2945 1082 3002 honestiora
1096 2965 1159 3000 vero
1170 2947 1260 3000 verba.
1276 2944 1362 3017 Epod.

319 3025 426 3093 15‚1at

705 3095 980 3154 ...aquirienaoeoviri
988 3109 1027 3144 est.

345 3217 406 3296 Vin.
423 3251 473 3298 105.
487 3253 519 3296 Et
527 3255 550 3296 in
562 3251 607 3298 udo
616 3261 650 3297 est
660 3251 759 3297 noeais
769 3265 792 3298 et
801 3255 875 3302 Attin.
888 3282 920 3293 -
931 3255 1025 3302 Habent
1035 3257 1097 3302 Attis
1110 3257 1260 3319 manuscripti
1272 3255 1363 3310 codd,

314 3318 378 3384 quod
391 3336 435 3382 ago
446 3319 524 3366 malim
535 3321 563 3368 iia
575 3319 605 3368 de
616 3321 771 3384 cennt'tupra
783 3326 925 3372 memoratis.

349 3419 418 3470 Nor.
442 3423 505 3484 104,
522 3416 579 3472 105.
591 3419 701 3472 Summa
712 3418 833 3472 delumbe
841 3420 924 3476 soliva
934 3423 993 3475 Hoc
1004 3431 1079 3474 namt
1090 3421 1118 3472 in
1130 3421 1221 3490 labris,
1232 3433 1258 3474 et
1273 3420 1300 3472 in
1313 3421 1365 3474 udo

313 3508 349 3551 est
357 3501 459 3551 Maenas
467 3509 492 3550 et
500 3497 585 3552 Attin.
599 3499 757 3552 -Versum
769 3500 817 3558 105
828 3502 1015 3576 subreptitium
1026 3501 1122 3576 Koenip
1135 3502 1274 3574 opinetur,
1284 3514 1365 3572 atque

313 3596 346 3630 ex
357 3579 593 3649 interpretamento
605 3579 778 3652 praecedentis
791 3596 899 3645 natum3
911 3583 1119 3656 opinionemque
1130 3599 1206 3634 suam
1219 3583 1256 3633 ite
1272 3579 1366 3633 defen-

313 3656 367 3708 dit:
379 3679 390 3702 ι
400 3658 500 3710 Forsan
510 3660 600 3710 nescio
612 3662 670 3730 quis
681 3659 933 3732 explicaretolait‘li
944 3679 1044 3714 summa
1053 3661 1135 3716 saliua
1144 3681 1194 3734 per
1204 3673 1278 3714 notat
1288 3660 1316 3711 t'n
1328 3657 1366 3711 la-

312 3738 376 3797 bris,
387 3735 468 3808 idque
480 3755 563 3809 porro
575 3756 624 3809 per
626 3743 751 3813 jejunum
762 3750 812 3808 est,
824 3739 895 3794 unde
905 3742 932 3792 in
944 3741 995 3792 udo
1006 3754 1041 3794 est
1050 3755 1143 3813 postea
1154 3756 1256 3807 ortum,
1267 3739 1365 3814 quihus

312 3827 446 3886 postremo
459 3814 494 3867 ab
505 3815 558 3869 alio
570 3817 687 3890 quodam
699 3817 733 3870 ad
747 3817 906 3890 explendum
916 3838 1020 3872 tersum
1035 3823 1097 3873 satis
1111 3822 1204 3872 inscite
1217 3821 1322 3871 Moenus
1338 3831 1365 3869 et

311 3895 386 3948 Attin
400 3895 518 3950 additum
531 3911 578 3951 est.
592 3899 662 3952 Olim
675 3897 726 3951 levi
740 3902 886 3954 mutatione
898 3901 987 3953 locunt
998 3905 1035 3954 sic
1048 3901 1113 3972 legi:
1128 3921 1230 3954 summa
1242 3899 1364 3953 delumbe

310 3976 392 4030 saliva
407 3979 466 4030 Hoc
483 3991 557 4032 notat
573 3983 599 4032 in
615 3981 693 4034 labris
701 3983 811 4054 Jq'unm
828 3995 853 4034 et
867 3985 970 4036 Moenns
986 3996 1011 4036 et
1024 3985 1097 4036 Attin
1116 4000 1162 4036 nec
1176 3982 1299 4056 pluteum
1312 3999 1363 4034 coe·

310 4057 363 4124 tiit,
380 4071 430 4112 otc.
441 4099 464 4112 ..
479 4062 537 4113 linc
553 4079 648 4114 sensu:
665 4059 717 4113 lios
735 4061 802 4114 adeo
820 4063 961 4135 insipidum
974 4079 1013 4118 eet
1028 4078 1054 4116 et
1069 4083 1195 4118 nauseam
1214 4077 1319 4129 moret,
1334 4075 1363 4114 ut

309 4135 351 4188 rol
366 4139 492 4192 esurienti
506 4139 573 4192 intra
586 4137 659 4190 labra
671 4138 781 4210 hereat,
798 4156 877 4213 atque
891 4145 918 4194 in
932 4144 1026 4210 saliva,
1043 4162 1123 4214 quam
1136 4162 1235 4196 nausea
1249 4142 1361 4196 multam
