3116 4934
332 453 399 520 600
592 448 742 512 INDEX
763 445 987 552 CODlGlJM
1009 447 1108 517 MSS.

410 578 445 638 31
461 576 492 636 b.
507 573 569 636 Ati
582 569 707 656 ejusdem
721 570 818 638 Vattae
828 573 953 649 codices,

332 676 386 757 qui
407 675 440 733 in
451 683 620 733 comment.
636 668 700 751 ejus
717 692 947 754 nonuunquam
966 672 1150 750 laudantur,
1169 674 1218 734 sed
1240 687 1307 734 tam
1324 695 1382 757 pa·

332 791 402 832 rum
414 771 570 846 distincte,
582 749 744 830 uttiesciss
757 783 862 830 utrum
874 771 979 852 scripti
991 770 1108 833 luerint
1121 794 1161 833 an
1175 772 1257 834 editi.

413 868 460 928 32.
482 865 578 929 Codes
593 864 769 927 Mancineili
789 888 863 928 unus
878 878 906 927 et
923 867 1012 944 alter,

332 985 467 1046 quotum
479 964 504 1024 is
517 963 677 1045 aliquoties
689 965 877 1024 mentionem
892 961 967 1024 lacit
977 966 1012 1024 iu
1023 964 1141 1026 Gomm.

414 1059 463 1119 33.
485 1058 582 1120 Codex
594 1061 796 1120 vettutissimus
811 1057 934 1138 Latini,
953 1073 983 1122 et

416 1154 464 1232 34.
487 1155 582 1219 Codex
594 1154 668 1216 aiter
680 1150 823 1237 q'usdem,

335 1252 373 1314 de
386 1253 499 1335 quibus
511 1251 575 1312 vid.
589 1249 647 1312 inl.
662 1250 783 1312 adedit.
797 1252 920 1313 Hauov.
938 1251 1023 1313 1603.

415 1349 464 1410 35.
485 1348 580 1409 Codex
594 1359 718 1408 venusto
729 1348 859 1424 Conseri,
875 1361 905 1408 at

416 1449 465 1510 36.
487 1447 583 1508 Codex
595 1445 667 1508 ulter
677 1444 822 1530 q’usdem5

416 1546 465 1628 37.
486 1543 581 1607 Codex
592 1556 717 1606 vetustus
729 1546 891 1621 Οωήοηίε,
907 1559 937 1606 et

417 1641 466 1704 38.
487 1639 582 1704 Codex
597 1639 671 1700 alter
686 1636 831 1721 ejusdem,

337 1762 353 1801 e
369 1740 483 1822 quibus
502 1751 635 1821 quatuor
650 1736 748 1800 Codd.
763 1739 883 1820 Lipsius
896 1740 1098 1822 Heinsiusque
1115 1742 1226 1823 passim
1244 1741 1390 1802 lectionis

337 1837 515 1898 varietatem
528 1847 703 1896 enatarunt.

419 1933 468 2014 39.
489 1931 585 1995 Codex
597 1932 812 2011 antiquissimus
825 1931 909 2014 (lup.
923 1929 1051 2007 Basilii,
1064 1947 1094 1994 et

344 2079 348 2096 ,
419 2029 467 2106 4ο.
489 2028 583 2090 Codex
594 2027 668 2088 citer
680 2023 825 2110 ejusdem,

338 2150 473 2214 quorum
487 2130 520 2188 in
535 2129 716 2189 Adversariis
729 2125 794 2207 ejus
805 2126 935 2188 subinde
948 2130 1065 2189 mentio
1077 2127 1124 2188 fit.
1188 2187 1192 2199 ,

418 2225 454 2302 4ι
472 2241 502 2288 et
514 2224 563 2300 lta.
585 2225 702 2287 Codices
719 2227 913 2309 antiquissimi
926 2225 1094 2302 Platbneri,

341 2325 394 2405 qui
407 2323 519 2406 passim
531 2320 741 2383 laudanturiu
754 2320 818 2404 ejus
832 2323 1027 2385 Lectionibus
1037 2324 1253 2401 iuvenalibus,
1267 2322 1306 2384 de
1315 2326 1391 2406 qui-

341 2423 397 2483 bus
420 2420 482 2481 vid.
504 2417 559 2482 inl.
576 2419 644 2482 lud.
661 2419 757 2480 Editt.
776 2434 848 2481 extr.
872 2422 1015 2503 Suspicor
1032 2433 1154 2499 tamen,
1174 2421 1231 2482 lsos
1246 2443 1308 2484 esse
1323 2423 1391 2484 Go-

341 2519 467 2595 manos,
480 2518 518 2580 de
532 2519 642 2600 quibus
656 2517 716 2578 vid.
729 2538 796 2601 sup.
810 2517 848 2577 ad
861 2520 895 2577 η’
907 2518 944 2578 23
954 2531 986 2578 et
1000 2515 1048 2594 ²¹l·

419 2617 469 2693 43.
485 2616 580 2678 Codex
591 2618 685 2677 Dioaei
698 2620 850 2698 antiquus,

340 2716 423 2778 uude
438 2717 555 2798 aliquot
568 2715 710 2775 lectiones
724 2714 852 2796 protulit
865 2715 985 2800 Lipsius
997 2716 1031 2776 iu
1043 2715 1194 2799 Operibus
1207 2717 1275 2776 suis.

422 2809 470 2886 44.
495 2809 592 2870 Codex
601 2811 834 2891 antiquissimus,
850 2824 882 2872 et

420 2905 460 2983 44
472 2907 502 2966 b.
524 2905 619 2967 Codex
632 2903 706 2965 alter
718 2907 812 2967 Vossii
820 2953 829 2982 ,

342 3010 397 3091 qui
419 3006 459 3067 ab
476 3025 513 3065 eo
531 3005 565 3064 iu
583 3006 756 3066 Commeat.
779 3005 819 3066 ad
841 3005 999 3074 Catullum
1017 3019 1048 3066 et
1068 3007 1108 3068 ul.
1131 3006 1289 3068 interdum
1305 3009 1391 3068 exci-

340 3119 457 3168 tantur.

424 3203 472 3264 83.
494 3201 589 3264 Codex
604 3201 773 3284 Leydensis‚
788 3215 819 3264 et

423 3297 471 3374 84.
492 3298 588 3361 Codex
600 3301 745 3361 Perizonii
751 3345 761 3375 ,

342 3395 484 3477 equibus
496 3393 615 3475 aliquot
629 3394 773 3456 lectiones
791 3397 918 3456 attulere
933 3397 998 3456 Nic.
1012 3397 1156 3457 Heinsius
1172 3409 1202 3458 et
1216 3397 1265 3456 Jo.
1277 3393 1389 3456 Schra-

342 3491 406 3552 der.
424 3490 475 3551 ille
489 3491 523 3550 in
546 3492 719 3552 Comment.
738 3493 772 3552 in
786 3491 877 3552 Ovid.
895 3491 947 3552 bic
966 3493 999 3551 in
1012 3492 1273 3552 Emendatiouum
1291 3491 1390 3551 Libuo

342 3601 373 3649 et
386 3590 418 3648 in
431 3587 516 3648 obss.
531 3588 660 3665 criticis,
674 3610 749 3670 quas
762 3589 902 3671 exemplo
916 3587 1073 3650 iuvenalis
1089 3589 1289 3650 Henniuiano
1303 3587 1389 3648 adle-

342 3699 441 3759 vetat‚
455 3681 539 3744 unde
552 3685 714 3769 exscriptas
731 3683 770 3745 ad
787 3706 837 3745 me
851 3685 935 3746 misit
949 3685 1069 3746 doctiss.
1086 3698 1116 3745 et
1131 3683 1299 3746 humaniss.
1313 3686 1391 3745 Heu·

343 3776 461 3854 bellios,
474 3779 529 3861 qui
541 3777 579 3838 de
592 3779 666 3840 Silio
680 3799 805 3861 quoque
815 3801 883 3840 meo
894 3779 971 3841 bene
983 3782 1109 3842 meritus
1121 3793 1174 3843 est

422 3875 470 3936 85.
491 3879 700 3958 Fraqmenlum
715 3876 909 3960 Erlunqcnsm

342 3987 509 4050 vetustum,
524 3974 607 4056 quod
622 3976 682 4034 Sat.
695 3976 751 4052 Vl,
766 3973 918 4058 bii-197,
932 3974 1107 4053 sot-661,
1121 3978 1260 4037 continet
1275 3989 1305 4036 et
1320 3995 1388 4036 me·

340 4089 412 4130 cum
424 4071 466 4132 ab
478 4071 617 4134 Harlesio
631 4085 676 4133 est
686 4076 964 4150 communicatum,
982 4075 1036 4156 qui
1052 4075 1145 4134 etiam
1164 4073 1311 4134 benevole
1329 4073 1387 4132 ad·
1447 4064 1449 4067 ¹
