3116 4934
531 358 550 422 J
557 357 810 424 UVENALIS.
1130 364 1197 432 605

155 481 272 544 nitidus
285 483 372 559 satis,
394 482 471 542 bene
490 482 619 564 scriptus
642 493 672 542 et
691 481 824 565 perfecte
843 484 1032 566 emendatam.
1054 488 1203 552 Continet

155 582 242 644 Statii
259 578 418 642 Achilleid.
439 595 469 642 et
490 581 560 640 XVl
578 581 690 642 Satires
707 582 865 643 luvenalis
882 584 996 665 absque
1015 583 1145 648 scholiis.
1164 589 1201 650 lu

154 679 255 761 prima
269 677 374 738 fronte
385 677 578 738 inscribitur:
591 677 719 739 Federici
734 680 829 740 Geruli
844 682 874 742 V
871 699 950 742 erun.
962 682 990 741 Is
1001 681 1061 744 fuit
1073 685 1201 747 Cerutus

154 771 353 851 Veronensis,
365 777 421 858 qui
431 773 614 835 iuvenalem
626 774 790 835 illustravit
800 774 988 861 paraphrasi.

237 939 282 1016 ¹4·
304 940 481 1004 Colica-timu
494 943 544 1003 111
554 942 605 1020 (u⁰
621 942 724 1022 8293).

154 1083 228 1145 Cod.
241 1085 371 1146 membr.
388 1081 473 1158 iri-4⁰
485 1085 562 1143 min.
575 1097 717 1144 constans
729 1080 769 1144 88
779 1082 879 1162 foliis,
893 1087 950 1147 XV
964 1105 1031 1148 soec.
1044 1105 1199 1167 exaratus,

152 1183 224 1243 satis
245 1185 439 1266 perspicuus,
456 1179 539 1263 quod
560 1180 599 1242 ad
620 1181 804 1262 scripturam
819 1194 951 1264 spectat3
969 1182 1019 1244 sed
1036 1186 1200 1249 mendosus

153 1279 323 1341 admodum
334 1295 365 1341 et
376 1280 489 1342 infimae
502 1291 593 1341 notu.
604 1277 787 1340 iuvenalem
803 1277 927 1341 exhibet
939 1294 970 1342 et
981 1283 1118 1344 Persium
1135 1287 1200 1348 sine

153 1381 241 1440 notis.

235 1515 280 1576 15.
302 1513 399 1574 Codex
411 1511 551 1575 Salmasii
563 1511 616 1591 (n⁰
630 1509 735 1592 8469).

151 1647 401 1708 Membranaceus
415 1647 502 1719 ino,
514 1659 659 1706 constans
673 1645 711 1726 87
723 1635 820 1721 foliis,
834 1647 891 1706 XV
900 1665 968 1707 saec.
983 1662 1136 1728 maratus,
1153 1653 1200 1712 ni-

151 1745 213 1806 tide
225 1745 351 1827 quidem
362 1759 392 1804 et
403 1744 575 1825 eleganter,
592 1741 642 1803 sed
662 1763 775 1825 parum
793 1741 897 1820 docte,
914 1765 970 1804 nec
988 1746 1054 1807 sine
1069 1748 1198 1810 mendis.

151 1844 271 1902 Humor
282 1855 426 1923 praeterea
439 1852 470 1900 et
485 1839 606 1900 incuria
619 1837 705 1899 hune
718 1839 856 1900 codicem
870 1861 960 1923 ptene
977 1842 1158 1905 dilaceravit
1168 1861 1198 1907 et
1216 1908 1222 1928 ¹

150 1960 240 2001 usum
249 1939 314 2022 ejus
323 1936 482 1998 difficilem
491 1936 633 1998 reddidit.
646 1935 827 2012 Salmasius,
842 1936 930 2018 cujus
940 1954 1020 2017 erat,
1033 1961 1090 2002 sua
1101 1963 1197 2005 mauu

150 2037 190 2098 ad
203 2039 375 2118 marginem
387 2036 538 2118 plurimos
552 2033 728 2095 emendavit
740 2034 826 2097 locos
837 2037 899 2096 Sat.
913 2037 1020 2100 1-v1.

232 2198 278 2258 16.
299 2195 394 2258 Codex
408 2194 562 2257 Jurdineus
573 2194 624 2274 (n'
638 2194 743 2275 8289).

150 2326 334 2390 Chartaceus
349 2325 439 2403 ind‘,
456 2339 602 2390 constans
620 2347 659 2408 7⁰
676 2326 777 2402 foliis,
798 2326 959 2391 Florentiae
977 2351 1051 2392 ann.
1070 2328 1161 2411 1483,
1178 2355 1196 2394 a

149 2426 280 2488 lardino
292 2427 363 2487 satis
379 2425 475 2486 nitide
489 2425 635 2507 seriptus3
662 2437 804 2485 ceterum
823 2428 930 2511 primis
943 2449 1064 2491 coaevus
1075 2431 1198 2493 videtur

149 2525 354 2601 editionibus,
370 2523 501 2605 ideoque
517 2542 581 2582 nou
599 2523 707 2603 magni
721 2522 821 2604 pretii.

232 2705 276 2765 ¹7·
297 2684 487 2743 Mumrinetts
499 2681 610 2761 111(n·
626 2681 733 2761 8076).

148 2815 250 2878 Codex
261 2816 437 2878 chartaceus
449 2815 546 2877 infel.
557 2829 700 2876 constans
716 2835 771 2895 ¹09
782 2814 878 2893 foliis,
890 2818 946 2877 XV
958 2837 1023 2880 saec.
1039 2833 1195 2899 exaratus,

147 2935 257 2996 parum
278 2914 431 2996 eleganter
452 2915 583 2996 scriptus
604 2927 635 2975 et
657 2912 739 2974 lectu
760 2913 928 2975 admodum
949 2915 1104 2996 difficilis,
1127 2934 1195 2981 turn

147 3025 271 3095 propter
284 3034 411 3095 pravam
428 3013 629 3095 scripturam,
649 3024 717 3072 tum
738 3008 863 3093 propter
880 3033 994 3074 vocum
1012 3017 1196 3099 compendia

148 3110 322 3168 innumera.
341 3107 549 3169 Nihilominus
570 3109 690 3190 egregie
705 3108 886 3170 emendatus
903 3123 985 3172 etex
1002 3114 1122 3194 optimo
1138 3114 1196 3176 du-

147 3217 211 3266 ctus
225 3205 362 3286 exemplo
373 3205 503 3265 ridetur.
517 3205 636 3266 Glossas
653 3203 747 3266 habet
765 3206 1002 3288 copiosissimas,
1015 3209 1066 3270 sed
1083 3231 1194 3294 parurn

148 3300 254 3377 utiles,
268 3302 392 3383 scriptas
406 3300 445 3361 ad
457 3300 629 3382 marginem
640 3313 671 3362 et
681 3303 762 3362 inter
772 3301 877 3362 lineas.

231 3471 275 3529 r8.
297 3426 391 3528 Codex
408 3465 515 3548 absque
524 3469 687 3550 pouessoris
700 3479 771 3528 noto
786 3469 864 3546 l(n⁰
876 3463 979 3548 8470).
1085 3473 1091 3486 '

147 3610 399 3671 Membranaceua
410 3610 503 3684 itt-8⁰,
515 3621 657 3670 constans
668 3631 706 3692 77
720 3608 821 3685 foliis,
832 3611 889 3671 XV
899 3630 966 3671 saec.
981 3627 1135 3692 exaratus,
1146 3637 1193 3677 sa·

146 3709 184 3767 tis
196 3707 293 3768 nitide
312 3709 442 3788 scriptus
460 3718 491 3767 et
507 3706 600 3767 bonae
616 3720 716 3782 notae,
736 3707 851 3789 quippe
865 3709 921 3790 qui
937 3707 1061 3770 videtur
1075 3733 1092 3771 e
1109 3712 1192 3773 bono

147 3804 256 3866 duetus
268 3804 421 3887 exemplo,
436 3802 487 3863 sed
501 3803 576 3864 adeo
591 3804 722 3864 mutilus
738 3816 829 3887 atque
846 3800 977 3866 humore
991 3806 1135 3881 detritus,
1155 3822 1192 3868 ut

147 3897 210 3980 ejus
220 3922 292 3963 usus
301 3900 363 3961 fere
376 3900 481 3961 nullus
494 3901 541 3961 sit.
553 3901 664 3961 Primae
679 3901 721 3961 lV
732 3899 891 3961 luvenalis
902 3901 1008 3963 Satira
1019 3901 1191 3964 desideran-

148 4009 214 4073 tur,
229 4001 337 4078 quinta
353 3999 462 4082 incipit
472 3996 512 4059 ad
526 4019 647 4059 versum
662 3997 718 4074 dd,
731 4010 760 4059 et
772 3998 850 4059 liber
861 3997 982 4081 explicit
997 3998 1122 4061 advers.
1141 4002 1188 4077 ¹3,
