3116 4934
422 495 579 561 PERSll
605 496 665 560 ET
689 495 968 562 JUVENALIS.
1155 495 1219 562 553

146 649 148 658 s
172 620 319 713 phorum
337 617 638 713 disputationibus,
662 618 899 687 historicorum
920 621 1080 711 gravitate
1103 637 1136 688 et
1156 647 1222 690 usa

171 729 298 797 forensi
316 728 441 812 aliena,
464 730 572 821 poetis
591 739 704 797 tamen
727 731 760 796 in
779 731 894 821 primis
914 753 1094 813 concessa,
1116 755 1223 826 eaque

172 865 213 909 ex
235 838 300 909 illis
322 839 453 908 sublata
474 839 577 921 velle,
597 856 658 907 aut
678 842 759 908 vitio
781 839 847 908 illis
866 841 966 924 dare,
990 841 1222 912 absurdissimi

172 950 293 1020 fastidii
305 950 460 1020 arbitror.
478 951 622 1038 Quodsi
641 955 742 1045 igitur
756 952 892 1035 ovidio,
910 952 1059 1036 Catullo,
1077 956 1223 1024 Martiali

172 1064 378 1159 reliquisque
396 1067 504 1158 poetis
526 1089 565 1130 ea
586 1067 683 1133 venia
704 1064 816 1133 danda
837 1081 888 1132 est
905 1066 948 1133 ab
967 1067 1142 1148 omnibus,
1165 1071 1222 1162 qui

172 1177 208 1241 in
227 1173 377 1266 legendis
395 1167 584 1266 priscorum
605 1177 822 1242 monimentis
841 1191 955 1244 mente
971 1193 1004 1244 et
1023 1179 1223 1270 cogitatione

173 1307 290 1351 eorum
310 1298 520 1375 temporum,
541 1284 666 1376 quibus
685 1286 829 1378 quisque
847 1287 1037 1377 scripserit,
1058 1289 1222 1354 rationem

172 1412 373 1486 praesentem
388 1394 450 1462 sibi
461 1393 588 1487 fingere
601 1398 724 1478 sciant,
736 1412 776 1463 ut
788 1395 912 1464 lascive
924 1397 1092 1464 interdum
1106 1397 1225 1466 ludant

172 1531 361 1602 parumque
373 1507 498 1598 pudice
513 1507 711 1602 loquantur;
727 1525 853 1602 quanto
865 1507 1030 1601 majorem
1042 1513 1225 1578 excusatio

172 1641 250 1684 nem
264 1621 385 1686 satirici
400 1617 542 1702 habent,
559 1621 617 1713 qui
631 1622 666 1686 in
678 1643 793 1686 rerum
803 1619 1012 1712 turpitudine
1027 1620 1225 1712 exagitanda

172 1728 225 1811 id,
245 1726 337 1822 quod
357 1730 420 1797 sibi
441 1747 711 1823 proposuerunt,
732 1733 802 1797 risu
823 1733 930 1822 magis
951 1748 985 1798 et
1001 1727 1099 1823 joco,
1122 1755 1223 1824 quam
1266 1759 1267 1762 ¹

171 1842 365 1908 austeritate
386 1858 419 1907 et
441 1843 617 1909 severitate
642 1843 802 1935 consequi
825 1859 961 1934 queant.
982 1845 1123 1925 Omnia,
1148 1867 1224 1936 quae

172 1952 207 2016 in
222 1953 361 2018 Horatio
376 1951 473 2019 obvia
491 1967 590 2034 sunt,
606 1975 749 2045 quaeque
770 1950 928 2020 obscoena
946 1971 979 2020 et
999 1955 1110 2044 turpia
1132 1978 1224 2022 nunc

172 2083 352 2144 vocamus,
365 2085 404 2129 ea
415 2065 600 2153 cogitemus
611 2087 630 2129 a
643 2065 720 2129 vitae
732 2060 897 2153 elegantia
909 2061 1090 2130 lautiorum
1106 2069 1223 2130 Rorna-

172 2195 296 2238 norum
310 2196 526 2266 nequaquam
544 2160 624 2239 tune
638 2171 869 2254 abhorruisse,
889 2197 1000 2266 neque
1018 2175 1173 2264 ingenuis
1193 2190 1226 2240 et
1266 2209 1278 2238 s

172 2280 366 2352 liberalibus
378 2286 457 2351 viris
469 2282 720 2375 indignafuisse
733 2286 938 2367 existimata3
952 2308 1014 2350 nec
1025 2282 1070 2350 ad
1082 2286 1225 2352 sanctio-

173 2397 218 2462 ris
232 2394 415 2489 disciplinae
428 2413 597 2490 praecepta
608 2449 616 2480 ,
629 2420 706 2490 quae
722 2413 755 2463 et
771 2396 876 2465 literae
895 2421 1000 2464 sacrae
1019 2413 1054 2464 et
1071 2394 1225 2472 emenda·

112 2559 118 2574 .
173 2507 237 2572 tior
259 2505 472 2600 philosophia
497 2493 810 2591 nobiainculcant,
835 2531 874 2575 ea
900 2531 1122 2589 revocemus,
1148 2531 1224 2601 quae

173 2614 308 2683 liberior
326 2617 461 2684 vivendi
478 2619 563 2684 ratio
583 2622 831 2699 Romanorum,
851 2613 991 2709 pudoris
1009 2615 1139 2707 legibus
1156 2639 1224 2683 non

172 2741 241 2792 tam
264 2727 440 2810 adstricta,
464 2727 597 2795 tulerat.
626 2732 855 2820 (Quapropter
881 2745 915 2794 et
935 2731 978 2808 ii,
1004 2730 1063 2822 qni
1086 2727 1224 2795 liberius

172 2837 306 2904 vivendi
325 2862 432 2930 genus
453 2842 562 2932 poetis
583 2844 814 2906 Romanorum
836 2839 1144 2930 exprobraverunt,
1167 2841 1225 2904 ini-

173 2971 239 3041 que
249 2949 357 3040 egisse
369 2948 542 3030 videntur,
558 2973 621 3016 nec
637 2951 821 3040 sapientius
834 2951 875 3030 ii,
895 2952 973 3043 qui,
990 2972 1091 3015 causa
1106 2971 1224 3015 eorum
1301 3003 1306 3014 .
1335 2968 1336 2972 ’

172 3075 344 3149 suscepta,
359 3061 543 3151 exscriptis
553 3056 717 3150 judicium
731 3058 773 3126 de
787 3059 938 3125 moribus
950 3057 1094 3160 alicujus
1105 3059 1225 3128 lacien-

173 3166 255 3233 dum
278 3191 345 3232 non
370 3192 461 3250 esse,
483 3168 739 3261 perhibuerunt.
760 3175 842 3255 Quae
864 3171 952 3234 enim
973 3168 1017 3235 ad
1039 3169 1223 3235 honestatis

172 3277 355 3359 rationem,
380 3291 460 3343 tunc
485 3301 548 3344 usu
571 3293 742 3369 receptam
766 3295 799 3345 et
824 3278 1092 3360 consuetudine,
1117 3278 1223 3346 relata

172 3386 262 3453 bono
279 3389 350 3454 viro
362 3406 396 3456 et
409 3387 537 3456 liberali
550 3388 687 3480 indigna
701 3413 770 3455 non
785 3408 900 3472 erant,
919 3414 1036 3456 eorum
1047 3391 1223 3483 exprobra·

173 3500 218 3564 tio
236 3495 361 3591 injusta
377 3515 429 3567 est
445 3515 477 3566 et
496 3501 609 3592 inepta
628 3499 810 3588 defensio.)
828 3501 1001 3569 luvenalis
1021 3526 1136 3570 rerum
1153 3519 1223 3571 tur·

172 3609 359 3699 pitudinem
375 3610 559 3677 verborum
576 3610 794 3679 obscoenitate
810 3610 895 3679 adeo
914 3613 955 3679 de
971 3613 1137 3680 industria
1151 3640 1223 3707 per·

172 3722 266 3813 sequi
280 3719 428 3802 videtur,
444 3735 483 3786 ut
493 3719 590 3788 facile
605 3737 783 3813 appareat,
798 3721 831 3789 id
844 3725 951 3814 egisse
964 3740 1116 3816 poetam,
1130 3742 1168 3791 ut
1179 3723 1222 3791 ab

172 3828 437 3897 illisdeterrimis
450 3829 629 3898 libidinum
647 3830 828 3923 generibus
845 3831 985 3900 lectores
1000 3832 1220 3914 absterreret,

173 3939 350 4010 sceleratos
358 3959 390 4010 et
398 3942 641 4011 abominandos
650 3942 803 4012 homines
812 3948 846 4012 in
854 3944 1013 4012 invidiam
1024 3931 1231 4027 adduceret,¹

173 4055 469 4152 gravissimamque
485 4057 631 4124 infamiae
643 4071 760 4124 notam
776 4058 816 4124 iis
831 4059 989 4124 inureret.
1010 4059 1096 4124 Huic
1112 4059 1222 4147 consi·

172 4162 217 4230 lio
234 4188 369 4259 quoque
380 4170 593 4262 aptissimum
607 4167 688 4251 init,
704 4167 826 4260 siquid
838 4164 973 4257 judico,
987 4162 1071 4232 illud
1085 4189 1221 4233 nauseae
