3176 4954
367 373 434 456 με
595 373 632 438 o.
658 372 844 439 nncrnrr
870 373 1170 441 FRAGMENTA

373 489 377 504 “
824 503 943 568 xxxi.

366 629 493 702 Eodem
504 653 574 700 uno
586 629 623 698 hi
633 629 891 700 moderationes
904 630 1094 700 subducent
1104 655 1194 700 suas.

812 763 949 828 XXXII.

411 893 480 982 Age
488 911 580 956 nunc
589 908 756 956 summam
764 904 920 984 sumptus
932 884 1099 984 ducetque
1108 891 1184 958 teris
1194 886 1296 958 simul
1307 903 1409 984 atque

363 997 474 1067 alieni.

807 1121 959 1187 XXXIII.

363 1255 520 1344 Tyroneo
530 1265 563 1318 et
574 1273 644 1317 non
655 1249 827 1318 mortifero
838 1249 979 1318 affectus
990 1254 1137 1333 vomica,
1150 1267 1185 1320 et
1197 1252 1344 1324 vulnere.
1433 1292 1437 1299 ·

811 1374 959 1438 XXXIV.

410 1504 551 1591 Magno,
568 1512 602 1565 et
623 1520 693 1565 non
706 1519 828 1590 magna
844 1495 1016 1583 mercede,
1034 1522 1159 1590 magno
1169 1485 1313 1594 {laidem
1328 1525 1409 1570 con·

364 1608 510 1679 duxeris.

820 1731 952 1796 XXXV.

365 1857 405 1920 In
417 1846 528 1918 mellis
540 1872 636 1941 spem
647 1870 720 1915 esse
731 1870 883 1929 omnem,
897 1849 1014 1941 quovis
1026 1870 1162 1940 possem
1174 1851 1310 1943 emungi
1318 1849 1407 1919 volo.

810 1968 960 2032 XXXVI.

363 2092 441 2156 Non
453 2081 577 2153 rediret
589 2082 696 2166 adse,
709 2097 810 2176 atque
822 2081 915 2149 illam
926 2085 1163 2152 exterminaret
1174 2087 1341 2154 miseram.

803 2205 970 2268 XXXVII.

366 2327 451 2391 Nato
463 2317 545 2417 quid
556 2334 669 2388 ectum
681 2323 752 2386 est?
765 2318 901 2413 depilati
913 2342 1031 2387 omnes
1044 2343 1171 2387 sumus.

792 2440 976 2508 XXXVIII.

364 2559 538 2644 Dividant,
550 2557 725 2642 differant,
738 2556 918 2651 dissipent,
931 2554 1130 2623 distrahant.

365 2799 404 2854 let
426 2799 479 2850 sint
505 2795 629 2862 sextuiae,
655 2800 756 2863 uncie,
781 2795 864 2863 silici,
911 2794 958 2846 bili
970 2808 996 2847 et
1005 2811 1059 2846 non
1070 2789 1161 2844 lethali
1173 2790 1267 2842 dixerit
1280 2789 1411 2857 Lucilius,

365 2889 393 2929 et
419 2888 515 2928 caeterae
538 2875 652 2927 minima
674 2877 737 2928 assis
760 2888 866 2948 partes,
912 2887 1109 2944 contre-quam
1131 2869 1299 2924 observatum
1316 2873 1372 2940 jam
1395 2887 1411 2922 ι

366 2971 426 3026 qun
437 2954 551 3006 minutim
565 2965 707 3018 vocantur,
723 2972 754 3006 ex
769 2953 866 3025 quibus
912 2954 1012 3020 doctis,
1029 2953 1079 3004 nisi
1091 2953 1149 3023 quis
1164 2953 1254 3023 potins
1270 2951 1306 3002 ite
1318 2950 1412 3002 rescri-

366 3033 466 3089 tcilicet
477 3051 605 3086 summam
621 3032 780 3096 conficiunt;
794 3032 866 3086 unde
910 3032 1027 3084 bendum
1047 3043 1162 3083 asseram
1183 3028 1345 3094 «Chironia,
1364 3045 1411 3081 nec

366 3133 417 3168 nra
428 3133 534 3168 sumum
547 3113 653 3180 dieunt,
668 3117 744 3188 qnasi
755 3123 813 3187 μέρη
827 3120 867 3166 τοῦ
910 3131 963 3164 non
975 3108 1139 3179 mortifero.»

246 3245 250 3259 ,
352 3196 425 3245 ‘Iton
946 3189 1064 3240 XXXIV.
1075 3187 1362 3254 Noniut=Ccndncere,
1373 3195 1413 3238 est

401 3272 495 3326 XXXI.
506 3272 610 3324 Nonius
621 3293 627 3322 ι
637 3271 793 3339 Subdueere,
805 3291 867 3344 snp-
911 3269 989 3322 sicuti
1004 3285 1063 3319 usn.

366 3364 469 3423 putare.
492 3353 579 3404 Veteri
604 3352 632 3402 in
656 3350 724 3403 libro
752 3351 865 3422 iegitur:
945 3346 1053 3398 XXXV.
1071 3345 1191 3396 Nonius:
1206 3344 1339 3416 Entunqt',
1352 3359 1412 3394 ma-

369 3431 488 3484 ·Eodem
499 3449 552 3484 uno
563 3430 605 3483 tic
614 3432 691 3483 modo
699 3431 867 3486 rationessrtb·
910 3429 1007 3482 nifesta
1016 3426 1205 3496 significatione
1216 3437 1315 3476 manat.

331 3572 337 3581 .
366 3508 441 3560 ducet
452 3528 537 3562 suas.»
946 3503 1413 3569 XXXVINoninszExteminatum,

401 3589 508 3640 XXXII.
518 3589 621 3640 Nonius
632 3611 638 3640 ι
653 3589 750 3641 Ducere
757 3628 766 3656 ,
778 3589 867 3642 volve·
913 3599 952 3638 est
961 3599 1032 3637 extra
1046 3586 1174 3636 terminos
1186 3585 1304 3636 missurn.

276 3705 279 3712 -
366 3683 409 3731 re,
421 3679 590 3736 pertrectare.
946 3665 1076 3715 XXXVII.
1090 3665 1211 3716 Nonius:
1225 3659 1353 3734 Depilatt',
1369 3657 1413 3710 di-

402 3745 520 3797 XXXIII.
530 3746 634 3798 Nonius
647 3768 653 3798 ε
670 3747 697 3800 V
695 3747 791 3811 amica,
803 3763 867 3796 con·
911 3759 982 3797 ctum
996 3747 1127 3796 rarefacti.

367 3823 523 3891 nuvalare,
541 3835 670 3878 vetustate
689 3843 775 3878 exest.
789 3821 867 3875 Haud
945 3825 1087 3876 XXXVIII.
1106 3824 1208 3877 Nonius
1226 3845 1232 3872 :
1249 3819 1412 3885 Distmtere,

367 3902 868 3978 absurdeDousapeterlegendnmpro·
912 3901 1413 3972 estvendere.SicEnnius:«Disperge

367 3984 485 4054 ponebat
506 3986 632 4038 Chironeo
656 4001 707 4054 pro
733 3982 867 4054 Tymnec3
912 3983 1016 4050 hostes,
1036 3983 1168 4049 detrahe,
1187 3980 1287 4046 diduc,
1305 3977 1412 4046 divide,

367 4075 397 4114 ut
410 4063 564 4120 Chironium
580 4063 674 4117 vulnus
689 4079 738 4136 pro
752 4061 867 4116 medica·
912 4061 1019 4116 differ.»
1078 4121 1088 4146 '
1376 4071 1378 4076 ’
