3026 4944
362 545 404 610 38
532 538 685 605 VARIAE
710 537 978 604 LECTIONES
1001 537 1063 601 ET
1087 539 1253 606 NOTAE‘

358 697 394 707 -
405 665 513 717 Locutus
524 662 657 736 quiddam.
675 664 737 714 Non
751 680 782 714 ea
797 679 845 730 eqo
856 661 935 713 verba
947 675 1092 732 ceteraque
1102 664 1157 732 ejus
1166 680 1257 715 versus
1267 661 1300 713 ad
1314 661 1399 733 ipsam

356 747 537 800 recitationem
549 744 673 806 referam,
686 741 732 794 sed
743 740 776 792 ad
790 740 993 811 praefatiunculae
1003 759 1087 811 genus
1103 741 1234 813 quoddam
1251 742 1397 810 insulsum,

358 845 415 900 quae
429 825 577 878 recitationi
592 822 764 895 praemittitur.
787 820 891 873 Scilicet
908 819 1017 872 verbum
1038 819 1110 893 loqui
1125 824 1304 875 recitationem
1323 823 1399 876 nullo

357 905 439 958 modo
448 902 585 976 designare
601 913 703 974 potest,
717 897 764 952 sed
780 918 941 964 sermonem
955 913 1080 972 preterea
1096 901 1260 954 mucidulum
1274 903 1401 975 quiddam

356 987 463 1038 minime
479 985 603 1036 convenit
613 1000 673 1034 enm
684 979 725 1034 bis
736 979 837 1046 verbis,
853 981 895 1033 tta
905 993 1041 1052 poemata3
1057 980 1172 1052 denique
1188 981 1260 1034 aliarl
1272 995 1312 1034 est
1322 983 1402 1035 halba

356 1066 388 1137 de
403 1083 466 1116 nare
479 1062 565 1136 isqui,
577 1060 648 1114 aliud
658 1058 785 1132 eliquare,
797 1060 825 1111 id
837 1073 893 1127 est,
905 1059 1003 1131 liquida
1015 1072 1042 1112 et
1053 1059 1193 1113 delicatula
1202 1079 1269 1114 voce
1278 1065 1399 1114 recitare.

356 1143 447 1198 Solent
459 1146 505 1214 qui
520 1143 634 1214 aliquam
647 1159 720 1194 auam
734 1153 816 1192 artem
832 1158 921 1192 coram
937 1151 1007 1192 coetu
1023 1140 1101 1192 edere
1114 1155 1256 1212 rogentur,
1270 1140 1342 1193 hand
1361 1146 1400 1194 ite

355 1241 483 1294 generose
495 1235 521 1275 et
533 1235 621 1294 aperta
631 1237 659 1274 se
671 1239 702 1273 ac
712 1239 759 1273 sua
772 1219 969 1288 commendere,
981 1233 1007 1272 et
1020 1239 1076 1273 sese
1088 1233 1240 1274 excusantes
1252 1221 1401 1289 balbutire,

355 1303 397 1355 rel
415 1321 430 1354 e
447 1321 512 1354 naso
526 1300 612 1373 loqui,
624 1299 664 1352 rel
683 1298 782 1369 aliquid
803 1302 888 1352 minus
904 1313 1007 1370 gratum
1019 1298 1157 1352 admittere
1169 1319 1223 1372 prae
1234 1313 1307 1353 metu
1317 1303 1400 1354 mixto

355 1401 417 1436 curn
428 1381 561 1453 snperbia.
582 1383 643 1433 lirae
655 1381 700 1451 qui
714 1380 777 1430 lacit
790 1381 972 1432 recitationem
985 1392 1109 1451 rogatus,
1124 1381 1178 1434 sire
1193 1381 1265 1434 Nero
1279 1383 1328 1449 sit,
1343 1385 1400 1435 sire

355 1463 421 1514 alius
431 1463 576 1535 quispiam,
587 1479 648 1512 enm
659 1457 750 1512 irridet
759 1471 848 1531 pocta.

389 1569 457 1621 llos.
472 1564 515 1632 34.
526 1563 680 1636 Phyllidos,
689 1561 840 1635 hypsipyles
849 1575 936 1618 uatttm
944 1576 970 1616 ct
973 1561 1103 1638 plorabile
1109 1564 1131 1616 εἰ
1139 1565 1209 1636 quid.
1220 1593 1256 1606 -
1263 1565 1384 1636 Elegeias
1392 1606 1402 1630 ,

354 1644 508 1700 delicatulas
520 1645 726 1715 compositiones
738 1655 765 1694 et
778 1643 936 1716 lacrymosas
947 1642 1084 1714 designare
1096 1642 1194 1711 voluit,
1207 1663 1272 1716 quas
1285 1646 1402 1698 effumi-

353 1741 430 1780 natns
440 1725 484 1778 ille
494 1721 762 1789 rec'tlatordecantat,
770 1723 873 1776 etleres
882 1725 998 1776 convivas
1008 1724 1178 1776 admirantur.
1193 1727 1224 1778 Vi
1233 1727 1335 1778 comica
1343 1743 1401 1778 non

353 1805 506 1878 egetlocus.
516 1799 714 1874 -rtyttttas,
726 1803 883 1876 hypsipylas.
894 1803 1011 1876 Phyllis,
1024 1804 1140 1856 Sithonis
1148 1804 1203 1856 fllia
1209 1805 1401 1876 Thracumque

353 1889 458 1958 regina,
472 1881 717 1954 aDenropboonte,
729 1882 826 1936 Thesei
837 1882 905 1946 lilim
918 1883 1070 1956 hypsipyle,
1084 1883 1214 1937 Thoantis
1230 1887 1402 1938 Lemniorum

353 1969 435 2038 regis,
448 1965 481 2018 ab
493 1967 591 2018 lasona
602 1965 754 2034 Argonauta
765 1962 867 2016 deserta
883 1963 942 2016 fuit.
955 1965 1058 2015 Tritum
1076 1977 1187 2037 utraque
1198 1965 1302 2018 ratibus
1319 1983 1401 2035 argu-

353 2060 480 2100 mentum.
490 2045 601 2098 Exstant
612 2045 690 2096 etiam
699 2062 771 2094 nunc
782 2045 849 2098 inter
860 2043 947 2098 Ovidii
959 2041 1087 2096 Heroides
1098 2042 1155 2094 duae
1165 2042 1203 2114 (ll
1215 2058 1241 2096 et
1252 2043 1302 2114 Vl)
1312 2046 1402 2096 inscri-

353 2140 421 2199 ptae,
435 2127 508 2196 prior
517 2119 663 2194 Phyllidis,
674 2124 807 2194 posterior
817 2122 966 2196 hypsipyles
975 2123 1095 2185 nomine;
1106 2122 1140 2174 ad
1153 2142 1218 2194 quas
1229 2121 1341 2176 forsitan
1354 2142 1401 2176 re-

353 2207 430 2278 spicit
447 2205 559 2275 elege'ias
572 2219 664 2255 versus
675 2202 766 2254 Persii.
783 2230 821 2241 —
838 2201 972 2255 Plumbile
990 2203 1012 2252 ri
1025 2202 1103 2273 quid,
1123 2200 1222 2275 siquid
1237 2203 1401 2274 elegiacum,

351 2283 516 2337 beroidicum
528 2284 584 2352 ejus
593 2283 708 2354 genesim
721 2280 792 2332 idern
802 2299 833 2336 ac
845 2275 867 2333 s'i
876 2280 998 2334 dixisset:
1009 2292 1057 2332 cut
1068 2280 1135 2333 olias
1143 2281 1271 2354 quoslibet
1280 2283 1400 2358 eleqeias.

387 2383 455 2432 Nor.
469 2379 511 2433 35.
523 2358 1121 2456 liliquet,ettenerosupplaptatverbapalato,
1129 2409 1165 2418 -
1173 2379 1291 2434 vividior
1299 2380 1401 2434 locutio

351 2478 401 2531 pro
412 2458 510 2532 liquida
521 2473 547 2510 et
555 2459 639 2511 fracta
647 2476 713 2510 roce
723 2462 824 2510 recitat.
832 2457 998 2532 -Eliquot,
1008 2459 1084 2528 quasi
1095 2461 1216 2528 guttatim
1230 2457 1331 2524 fundit,
1341 2461 1401 2530 gal-

350 2539 400 2593 lice
411 2562 417 2590 :
430 2539 535 2593 distille.
552 2566 587 2576 -
602 2538 763 2610 Supplantat
776 2539 861 2588 verba.
876 2537 1052 2609 Supplantere
1062 2540 1171 2611 proprie
1183 2538 1296 2608 dejicere
1308 2540 1402 2610 planta

350 2620 496 2692 supposita.
511 2619 560 2670 Hic
573 2616 768 2688 metaphorice,
779 2614 932 2686 supplantat
942 2615 1052 2666 verbum
1062 2615 1145 2666 altero
1158 2619 1297 2688 supposito
1307 2618 1399 2672 verbu.

350 2698 437 2750 Verba
452 2695 522 2748 enim
534 2693 654 2746 nondum
666 2695 807 2746 efformata
818 2692 939 2744 decurtat
953 2706 979 2746 ct
990 2695 1067 2762 quasi
1077 2692 1173 2764 dejicit.
1187 2724 1220 2734 -
1239 2696 1337 2749 Tenere
1347 2718 1400 2770 pa-

351 2777 419 2842 lato,
430 2772 571 2826 delicatulo
579 2773 809 2843 pronuntiatione,
821 2769 895 2822 molli
907 2789 980 2823 voce.
993 2769 1053 2824 Vid.
1065 2771 1142 2828 Orid.
1153 2775 1209 2826 Art.
1222 2775 1281 2828 Am.
1297 2777 1334 2842 ll,
1347 2777 1399 2830 283

352 2873 410 2928 sqq.
423 2855 474 2920 111,
487 2853 537 2922 ²93
548 2868 605 2923 sqq.
618 2849 732 2903 Martial,
745 2851 784 2916 X,
795 2847 844 2916 65,
860 2865 891 2900 ro
902 2868 961 2923 sqq.

386 2951 455 3003 Nor.
474 2947 518 3000 36.
537 2947 669 3001 Acmen
688 2945 745 2998 uiri.
763 2973 800 2988 -·-
816 2946 920 3000 bonico
939 2959 1082 3016 urnamque
1098 2947 1222 3011 verbnm
1239 2948 1398 3009 delicatulus

352 3031 421 3084 enirn
432 3040 459 3080 et
472 3025 542 3078 leves
554 3037 581 3078 et
595 3037 698 3078 saturos
712 3038 789 3077 vocat
802 3024 880 3086 rimer
896 3039 923 3076 et
932 3023 1000 3078 illud
1010 3041 1136 3080 assensere
1149 3045 1228 3097 grave
1240 3029 1341 3102 aliquid
1353 3053 1400 3086 co·

350 3127 416 3162 nans
425 3121 451 3162 et
461 3108 488 3159 in
497 3104 619 3176 gravibus
631 3104 709 3156 rebus
719 3103 875 3175 plerumque
886 3105 1036 3158 adhibitum
1046 3105 1139 3176 (Osiri.
1150 3107 1257 3160 Metam.
1269 3111 1319 3176 tx,
1331 3095 1397 3183 &93¹

349 3191 419 3254 XIV,
431 3185 482 3257 592
492 3207 499 3248 ;
508 3187 580 3255 Virg.
593 3183 651 3236 AEn.
665 3183 701 3250 ΙΙ,
716 3183 779 3254 130)
791 3182 817 3238 h.
829 3183 846 3236 Ι.
857 3186 886 3237 in
896 3203 926 3242 re
937 3185 1009 3238 futili
1019 3199 1176 3258 usurpatum
1186 3199 1226 3241 est
1234 3188 1395 3246 tebcusine.

381 3359 442 3402 Van.
460 3353 498 3402 ³6.
509 3355 577 3400 Nunc
587 3367 634 3402 nort
641 3353 696 3399 ciru's
707 3351 745 3399 illc
752 3352 907 3416 poetarfelir?
914 3377 947 3390 -·
957 3356 1003 3400 tro
1013 3369 1072 3400 merse
1082 3353 1207 3401 nottbabet
1215 3371 1259 3417 per
1266 3359 1397 3405 mettio·

350 3441 405 3473 nem
420 3423 496 3487 haya:
512 3425 581 3470 Nune
593 3439 653 3469 nrrrrc
664 3425 720 3472 riou
734 3419 932 3488 illapoetoefrlir!
947 3425 1004 3484 Qnrr
1015 3424 1085 3470 lectio
1099 3423 1219 3487 pinbanda
1231 3437 1294 3474 certe
1308 3439 1332 3474 et
1346 3428 1396 3490 ipsa

348 3507 391 3542 eu.
408 3493 485 3542 alten
497 3507 553 3538 vcro
564 3508 630 3556 tque
644 3491 765 3542 laudabile
776 3493 828 3556 plus
838 3493 910 3542 babet
921 3495 1076 3552 auctoritatis,
1090 3510 1141 3557 qu:
1152 3508 1256 3545 recurrat
1268 3497 1293 3542 in
1307 3499 1398 3544 ceteris

349 3567 407 3612 meis
417 3565 489 3612 MMS.
499 3589 531 3600 -
542 3563 634 3612 liabent
647 3563 708 3629 8070
718 3577 741 3611 et
755 3565 824 3628 807².
840 3567 908 3612 Nurac
919 3581 964 3612 non
977 3567 1009 3613 sic
1022 3566 1175 3628 transposita:
1190 3582 1235 3614 non
1249 3583 1322 3624 nunc,-
1330 3568 1396 3631 quod

349 3635 421 3700 paulo
431 3636 511 3683 durius
520 3635 620 3682 ridetur.

384 3731 452 3782 Nor.
471 3729 514 3782 36.
527 3730 606 3783 Nunc
617 3748 669 3784 non
682 3728 746 3780 einis
760 3726 806 3779 ille
817 3737 901 3798 poete
910 3727 1000 3800 felis?
1010 3757 1044 3770 -
1056 3729 1153 3783 Nonne
1165 3729 1269 3784 letatm
1282 3730 1328 3784 tali
1340 3729 1397 3784 lan·

347 3807 455 3860 datione
467 3823 548 3879 poeta
558 3810 598 3862 vel
610 3812 637 3860 in
650 3807 772 3860 tumulo?

383 3908 451 3961 Noc.
470 3907 513 3977 37.
533 3909 595 3960 Non
613 3907 695 3960 levior
705 3908 796 3980 cippus
812 3923 885 3958 nunc
898 3905 1026 3978 imprimit
1037 3927 1100 3962 osso.
1114 3937 1150 3949 -
1165 3910 1274 3983 Cippus,
1289 3909 1396 3964 brevior

347 3984 488 4052 columna,
507 3999 553 4039 ant
567 3987 633 4058 lapis
647 3989 674 4038 in
689 3985 791 4038 tumulo
803 3986 919 4056 positus,
934 4000 980 4040 aut
993 3990 1051 4060 ipsa
1065 4003 1132 4042 terra
1145 3991 1248 4044 tumulo
1260 4004 1393 4061 aggerata.

347 4065 409 4115 Erat
417 4064 487 4136 apud
497 4068 622 4137 antiquos
632 4083 672 4118 res
683 4078 773 4136 optata
785 4078 812 4118 et
822 4067 890 4118 inter
902 4066 1040 4138 religiones
1051 4082 1172 4139 recepta,
1184 4073 1206 4122 ai
1220 4073 1316 4124 monui
1327 4071 1394 4123 cinis

348 4146 433 4196 minua
449 4149 522 4214 gravi
538 4145 631 4198 tellure
648 4159 818 4216 premeretur.
832 4145 907 4200 Unde
925 4145 977 4202 boc
993 4161 1084 4200 votum
1100 4171 1106 4199 :
1123 4150 1157 4202 sit
1173 4149 1220 4202 tihi
1237 4161 1302 4204 terra
1316 4149 1395 4202 bois!

346 4222 427 4289 Quod
435 4225 512 4276 etiarn
520 4225 668 4296 sepulchris
675 4225 891 4292 committebant,
900 4225 942 4281 his
950 4229 1038 4282 incisis
1045 4228 1137 4282 litteris
1146 4252 1152 4281 ι
1162 4230 1187 4282 S.
1198 4232 1228 4282 Τ.
1236 4232 1267 4284 Τ.
1276 4233 1305 4284 1..
1314 4229 1391 4284 Unde
