3176 4954
444 337 505 400 ux
528 333 673 402 niuno
697 336 816 400 xxvi
842 335 989 402 suum.
1176 342 1240 432 397

682 464 749 528 LV.

190 574 378 665 Animoque
390 588 547 664 aegrotat,
560 572 703 640 vidimus
716 596 856 666 corpore
867 573 959 644 hunc
973 578 1110 668 sIgnum
1122 576 1214 646 dare.

675 687 759 750 LVI.

190 797 355 886 Perorepa
369 811 523 884 pugnam
535 791 678 887 Pompili
689 793 811 862 factam
822 794 955 864 Corneli
967 819 1060 864 enne.

667 907 769 970 LVII.

238 1016 414 1103 Luporum
435 1027 651 1080 exauctorem
669 1011 865 1080 malvanum
887 1030 922 1082 et
940 1012 1172 1106 fulguritatem
1190 1042 1243 1086 ai·-

188 1121 323 1190 borum.

659 1220 777 1285 LVIII.

235 1324 402 1421 Quodque
415 1343 449 1393 te
460 1329 495 1394 iu
511 1325 728 1420 tranquillum
747 1351 788 1394 ex
804 1330 900 1396 sevis
917 1328 1078 1398 transfert
1091 1346 1236 1425 tempes-

189 1435 325 1504 tatibus.

675 1535 760 1598 LIX.

187 1647 290 1710 Porro
301 1643 402 1709 amici
414 1656 466 1708 est
476 1642 563 1711 bene
575 1645 774 1736 praecipere‚
787 1646 891 1726 tueri,
904 1643 991 1711 hene
1005 1644 1198 1739 praedicare.

674 1760 741 1824 LX.

185 1861 466 1957 Quandoquidem
478 1867 588 1958 reperi
601 1868 732 1957 magnis
745 1865 980 1935 combibonum
995 1891 1036 1935 ex
1048 1870 1163 1961 copiis.

665 1982 750 2046 LXI.

184 2084 370 2180 Conjugem
382 2085 536 2173 infidum,
552 2085 697 2157 flacitam
712 2089 887 2177 familiam,
901 2095 1070 2185 impuram
1080 2089 1229 2158 domum.

656 2206 758 2270 LXII.

228 2313 297 2376 Nec
310 2311 448 2377 minimo
456 2327 490 2378 et
499 2311 707 2404 prosferatur
718 2337 795 2406 pax,
804 2313 896 2409 quod
903 2312 1126 2381 Cassandrum
1138 2315 1233 2404 signo

182 2417 336 2512 deripuit.

645 2520 766 2584 LXIII.

181 2625 401 2691 Domuitionis
414 2622 528 2718 cupidi
539 2626 718 2717 imperium
734 2629 821 2720 regis
833 2650 921 2719 pene
933 2628 1172 2694 imminuimus.

216 2835 269 2886 LV.
281 2837 385 2888 Nonius
396 2857 402 2886 ε
414 2837 499 2905 Dare,
511 2837 659 2892 ostendere.
764 2841 830 2893 LIX.
844 2841 947 2916 Noniue
960 2861 967 2890 ε
983 2839 1127 2914 Proecipere
1137 2851 1177 2892 eet
1187 2840 1232 2909 jn·

215 2916 281 2966 LVI.
299 2917 423 2984 Noniusy:
440 2917 565 2987 Oropum,
580 2935 685 2970 sonare.
729 2917 806 2983 bere,
819 2917 860 2968 vel
872 2935 988 2970 monere.

215 2994 291 3047 LVII.
309 2997 413 3047 Nonius
428 3015 434 3045 ε
450 2995 615 3068 Fulqurioit,
631 2996 685 3048 Iul·
765 2997 818 3047 LX.
831 2997 952 3048 Nonius:
968 2996 1146 3059 Combibonee‚
1159 3013 1233 3046 com-

179 3091 272 3144 gorem
295 3075 376 3140 lecit,
399 3087 425 3126 et
445 3074 556 3127 fulmine
576 3076 683 3128 afflavit.
727 3087 836 3147 potores
849 3093 865 3126 a
879 3073 1056 3127 combibendo
1069 3073 1142 3125 dicti.

180 3155 260 3205 Hune
286 3156 323 3206 ita
345 3174 451 3208 versum
477 3157 636 3210 emendabat
658 3160 683 3210 J.
765 3154 1114 3224 LXl.Noniue:Impunts,
1130 3151 1232 3205 eutali-

180 3232 301 3302 Lipsius:
317 3233 467 3305 «Luporum
479 3246 623 3288 exactorem
633 3235 684 3289 Sil·
730 3252 783 3306 qno
794 3235 856 3285 vitio
869 3231 1025 3286 maculatus.

180 3331 278 3364 vanum
292 3323 320 3364 et
324 3311 515 3386 fulquritarum
527 3319 658 3370 arborum.
670 3341 681 3364 n
764 3313 841 3364 LXII.
850 3314 953 3364 Nonius
965 3331 970 3360 ε
981 3310 1139 3381 Pross'erari,
1149 3311 1235 3382 impes

179 3392 249 3444 Nam
272 3391 394 3444 Silvanus
422 3395 459 3446 rei
489 3397 592 3448 runticae
619 3414 685 3465 pne-
730 3394 802 3442 teari.
814 3394 870 3444 loe.
881 3390 996 3460 Scaliger
1007 3401 1085 3461 putet
1097 3409 1185 3442 veram
1195 3389 1232 3441 le·

180 3489 221 3522 ses
244 3483 284 3523 est
306 3469 381 3522 deut.
405 3472 472 3525 Cato
491 3487 517 3526 et
536 3476 682 3526 Horatius:
729 3470 994 3526 otionenieenehanc:
1008 3471 1157 3524 «Neemilti
1164 3469 1232 3524 Oilei

182 3551 321 3620 aSlluane,
329 3563 400 3604 tutor
399 3551 511 3624 finium.
521 3579 532 3602 ι
542 3554 683 3607 Turnebus
727 3551 878 3625 proferatur
889 3551 971 3625 Ajax,
982 3551 1052 3624 quod
1063 3553 1231 3606 Cassandram

180 3646 267 3684 autem
292 3634 346 3685 sic:
365 3633 519 3705 «Luporum
539 3647 682 3688 exactorem
727 3632 801 3703 siquo
818 3631 959 3702 deripuit.-
976 3633 1073 3683 Gonu-n
1091 3629 1232 3700 legendum

179 3711 307 3776 Martem,
318 3710 469 3764 Silvanum.
479 3736 490 3759 n
509 3713 577 3766 Nam
591 3715 682 3766 Martis
727 3711 855 3782 putotFr.
863 3712 958 3763 Juniun
967 3709 1000 3762 nd
1008 3710 1145 3763 Manilium
1154 3711 1232 3779 longe

179 3806 275 3840 nomen
288 3792 367 3842 etiam
382 3789 489 3842 Silvano
504 3791 663 3844 tribuebant.
728 3787 821 3839 aliter:
836 3787 911 3840 «Nec
924 3807 980 3861 pax
990 3789 1101 3842 minimo
1113 3787 1231 3860 profera-

215 3867 301 3920 LVlll.
319 3870 424 3922 Nonius
440 3891 447 3920 ι
467 3868 569 3922 Soevum
588 3869 683 3922 dicitnr
728 3878 776 3920 tur.
788 3867 908 3940 Deripui!
918 3867 992 3942 siquo
1004 3867 1180 3920 Cassandram.
1190 3888 1201 3910 ι

179 3945 284 3998 immite.
293 3945 451 3999 Mutandum
464 3959 584 4000 autumat
592 3949 683 4000 Donea
763 3949 850 4001 LXIII.
877 3950 980 4001 Noniue
997 3969 1003 3998 ε
1022 3946 1228 3999 Domnitionem.

178 4027 300 4099 tranefm
308 4046 375 4098 pro:
390 4027 520 4099 traanert.
729 4059 763 4068 -
771 4031 929 4099 Imperium,
941 4043 990 4079 etc.
1003 4029 1081 4096 Regis
1094 4027 1231 4096 Agamem-
