2986 4924
324 521 331 540 ·
357 451 420 518 ¹7²
528 425 689 496 VARIAE'
707 427 977 495 LEGTIONES
1000 431 1062 494 ΕΤ
1086 430 1223 496 NOTAE

353 556 485 622 ccdimus,
493 555 571 627 inque
578 556 658 606 uicem
666 592 672 605 .
680 591 686 604 .
694 592 700 604 .
708 556 894 626 Vituperamus
902 552 981 618 alios,
991 571 1023 606 ac
1033 555 1084 626 ipsi
1092 555 1287 626 vituperamur;
1294 555 1351 610 bsee
1359 572 1397 612 est
1487 563 1490 573 ⁴

353 649 381 688 et
392 636 441 687 erit
452 654 555 707 semper
563 637 616 687 rita
628 634 779 696 bominum
793 652 873 704 quam
883 636 907 696 si
916 633 1139 702 emendarevelis,
1151 649 1177 688 et
1188 639 1344 690 anctoritate
1352 653 1397 692 tua

351 714 481 786 impedire
494 735 528 768 ne
540 713 573 767 de
585 729 610 767 te
623 714 728 766 liberius
739 714 896 786 loquantur,
908 715 1007 766 frustra
1018 717 1063 767 sis.
1076 744 1111 754 -·
1122 716 1167 768 Sic
1178 719 1297 769 novimus
1304 738 1315 779 ‚·
1325 716 1397 772 multi
1489 719 1490 763 l

353 795 544 848 transtulerunt
559 796 644 847 vivere
659 794 696 844 ite
712 793 867 859 didicimus,
884 795 932 864 qui
948 811 1041 846 sensus
1057 812 1152 865 parum
1168 795 1248 848 babet
1263 797 1395 850 claritatis.
1485 817 1490 832 ⁵

353 875 460 942 Quanto
473 876 523 927 erit
535 875 664 945 apertior,
680 873 703 924 si
714 871 867 925 casauboni
879 873 962 924 secuti
973 873 1102 926 fuerimus
1117 873 1337 946 explicationem,
1352 880 1397 947 qui
1485 897 1490 904 ·

352 955 444 1006 vertit:
459 953 527 1006 «hac
537 955 639 1005 ratione
648 953 801 1004 interiorem
811 966 884 1003 tuam
894 952 974 1002 ritem
988 953 1121 1020 novimus,
1129 971 1145 1003 o
1152 954 1238 1017 Nero3
1247 968 1275 1007 et
1283 945 1396 1026 flagitia,
1486 979 1489 1002 ι

354 1051 413 1105 quse
425 1031 573 1086 dissimulas
585 1046 611 1085 et
623 1031 728 1084 occulta
739 1044 833 1104 putas,
847 1046 986 1102 perspecta
999 1031 1157 1084 habemus·
1173 1036 1290 1088 Omnino
1308 1036 1398 1089 similis
1489 1073 1490 1082 t

354 1125 394 1164 est
406 1111 507 1164 locutio
522 1113 644 1163 Porsinna
659 1111 722 1163 huic
735 1111 901 1181 Virgilianae,
915 1109 1005 1182 Eulog.
1020 1113 1071 1178 ill,
1084 1114 1116 1165 82

552 1212 656 1253 Notum
663 1219 684 1252 et
690 1209 728 1280 qui
736 1217 780 1252 te..
787 1241 792 1251 .
799 1218 920 1252 transverse
929 1209 1042 1253 tuentibus
1048 1209 1149 1255 hircis...

387 1314 456 1365 Nou.
477 1312 520 1378 44.
537 1310 591 1365 Ilia
606 1313 691 1366 subter
707 1313 806 1364 Coeeum
824 1309 916 1365 vulnus
932 1311 1024 1374 babes3
1039 1312 1082 1366 sed
1096 1312 1150 1366 lato
1165 1291 1264 1366 baiteus
1278 1332 1353 1368 auro.
1363 1341 1397 1356 ·—

352 1392 536 1468 Metaplmrice
552 1412 619 1465 pro:
636 1394 705 1444 vitiis
722 1391 834 1444 occultis
850 1391 974 1455 laboras;
991 1392 1040 1444 sed
1057 1412 1088 1445 ea
1104 1392 1270 1446 dissimulare
1285 1397 1396 1448 conaris.

351 1471 391 1523 Eo
403 1472 505 1525 felicior
517 1486 605 1525 autern
617 1485 656 1524 est
665 1470 836 1542 metaphora,
847 1470 919 1542 quod
931 1471 964 1524 ad
977 1490 1007 1524 ea
1020 1471 1130 1524 uulnera
1142 1471 1258 1525 alludere
1267 1473 1397 1538 rideatur,
1489 1481 1490 1486 ’

353 1569 410 1623 quse
426 1553 497 1604 Nero
512 1565 651 1625 acceperat
663 1566 745 1604 noctu
761 1570 810 1621 per
821 1549 919 1604 Urbem
935 1550 1145 1624 petulantissime
1162 1552 1330 1619 discursans,
1345 1567 1397 1606 tes·
1489 1559 1491 1562 ’

353 1630 423 1684 tibus
432 1633 538 1698 Tacito,
548 1631 644 1684 Annal.
654 1633 730 1697 xm,
743 1630 789 1697 2⁵,
801 1645 826 1683 et
836 1631 977 1695 Suetonio,
990 1633 1088 1684 Neron.
1100 1634 1142 1685 26.
1153 1634 1279 1704 Prospice
1289 1634 1397 1685 iuferius

352 1710 462 1766 advers.
474 1716 517 1783 49.
529 1742 566 1754 -
576 1711 681 1766 Balteus
686 1732 695 1773 ‚·
708 1711 844 1781 cingulum
854 1711 980 1775 militare,
993 1731 1009 1763 e
1017 1730 1071 1783 quo
1081 1731 1155 1764 erma
1163 1711 1325 1785 dependent.
1339 1713 1398 1765 eat-

353 1792 388 1844 tet'
399 1805 516 1844 veterum
530 1792 578 1845 loti
591 1791 671 1862 vulgo
682 1805 764 1844 erant.
780 1791 872 1862 vagi-i.
886 1791 988 1843 AEneid.
1001 1791 1039 1859 V,
1050 1792 1116 1844 312:

614 1923 630 1942 .‚
637 1923 642 1934 .
649 1893 694 1934 lato
700 1902 768 1948 qaam
776 1888 964 1948 circumplectitur
970 1905 1026 1934 auro

553 1961 649 2002 nauem.

352 2039 458 2092 Balteus
472 2039 526 2092 lato
540 2059 606 2093 aum
619 2040 731 2092 duarum
746 2059 834 2092 rerum
848 2038 892 2092 bic
906 2039 1056 2113 symbolum
1075 2053 1131 2108 est,
1150 2042 1274 2112 potentiae
1291 2053 1317 2092 et
1333 2039 1398 2093 diri·

352 2118 464 2181 tiarum3
480 2137 536 2190 quae
548 2118 602 2171 duo
615 2134 677 2172 sunt
688 2122 815 2172 vitiorum
825 2137 921 2190 magna
933 2133 1094 2192 tegumenta.

382 2315 444 2363 Van.
461 2317 500 2376 45.
513 2319 625 2380 Preteqit.
641 2320 674 2366 Ut
685 2322 768 2375 matris,
778 2319 809 2366 de
817 2317 897 2374 verbu,
907 2328 929 2364 et
938 2319 1014 2381 decipe
1024 2300 1114 2364 nemos.
1126 2343 1158 2355 -
1168 2319 1245 2364 liabet
1255 2315 1317 2380 8273
1326 2326 1398 2381 prons-
1489 2339 1491 2352 τ

351 2387 396 2452 pit,
411 2390 487 2445 ceteri
500 2393 611 2455 proetcpt't.
625 2391 691 2452 Legit
702 2391 853 2437 vetustissima
864 2389 936 2436 editio
945 2398 969 2434 et
977 2392 1047 2434 mavis
1060 2404 1105 2452 pro
1114 2398 1140 2435 ut
1149 2391 1231 2444 mevi,
1247 2399 1271 2432 et
1283 2388 1317 2432 sic
1327 2388 1398 2434 inter·
1489 2418 1491 2443 Ε

352 2460 452 2520 pungit:
468 2461 584 2525 Preteyit,
593 2471 616 2508 et
625 2465 713 2508 mavis:
725 2463 755 2509 do
765 2461 834 2510 verbo
842 2470 866 2508 et
873 2463 950 2525 decipe
958 2475 1046 2507 neruos.

388 2565 455 2618 Nor.
472 2565 514 2636 45.
530 2569 660 2642 Proeteqit.
678 2569 711 2622 tlt
722 2569 821 2636 mavis,
830 2567 865 2622 do
877 2569 966 2632 verba,
978 2577 1004 2619 ct
1015 2568 1102 2639 decipe
1114 2584 1219 2632 neruos,
1231 2565 1262 2617 Si
1270 2576 1351 2635 potes.
1365 2592 1397 2604 -
1489 2582 1492 2605 2

357 2645 392 2698 Ut
403 2649 503 2710 movis,·
515 2650 532 2699 i.
549 2669 572 2700 c.
591 2651 718 2720 quoniam
730 2651 766 2706 ita
777 2648 882 2718 placet,
900 2649 939 2698 uti
955 2646 1040 2698 libuit.
1058 2675 1094 2686 -
1111 2647 1152 2697 Do
1169 2645 1259 2705 verbm
1276 2646 1397 2716 imponas

353 2722 418 2776 aliis.
431 2754 467 2764 --
480 2727 576 2798 Decipe
588 2746 693 2788 nervon
707 2726 862 2778 translatum
875 2725 909 2776 ub
923 2727 968 2793 iis,
984 2727 1029 2797 qui
1047 2743 1184 2778 nervorum
1197 2723 1348 2776 infirmitate
1359 2722 1398 2776 la·
1490 2736 1492 2762 ³

352 2801 491 2880 borentes,
508 2820 533 2857 et
546 2808 645 2858 morbis
658 2805 843 2859 articularibus
856 2820 882 2858 et
893 2808 992 2857 caeteris
1003 2804 1139 2858 abeodem
1150 2804 1398 2874 causaprovenien·
1491 2819 1492 2826 ¹

352 2881 423 2933 tibus
436 2883 560 2949 obnoxii,
573 2875 651 2936 sanos
662 2898 749 2937 tamen
762 2905 790 2937 se
802 2886 920 2956 fingunt,
936 2905 990 2956 quo
1002 2885 1109 2937 liberius
1118 2899 1145 2938 et
1153 2883 1257 2936 Baccho
1268 2895 1295 2935 et
1303 2884 1399 2935 Veneri
1491 2897 1492 2906 ¹

353 2962 474 3012 serviant.
488 2990 525 3002 -
537 2961 568 3014 Si
577 2973 649 3040 potes
656 2984 665 3024 ,-
678 2965 755 3033 quasi
765 2962 883 3018 diceret:
899 2974 924 3014 at
937 2975 967 3014 tu
981 2981 1036 3014 non
1047 2964 1158 3034 poteris.
1173 2959 1339 3014 Ousia-bec
1350 2963 1399 3012 iro·
1491 2997 1492 3006 η

353 3039 413 3090 nice
425 3039 496 3093 dicta
509 3054 578 3093 sunt.

387 3155 454 3206 Nor.
474 3157 517 3222 46.
533 3156 696 3228 «Εφτςὶιιηι
707 3174 791 3229 quum
803 3175 845 3208 me
856 3157 952 3212 vicinia
966 3157 1050 3221 dieat,
1064 3158 1128 3210 Nou
1143 3155 1286 3216 credaut?-
1302 3183 1338 3194 -
1353 3153 1399 3207 Se·

352 3249 433 3298 neca,
447 3235 528 3303 Epist.
542 3233 575 3302 59
588 3255 595 3284 t
614 3233 700 3285 rillud
712 3237 843 3306 praecipue
856 3236 965 3307 impedit
976 3233 1131 3307 (quominus
1143 3248 1259 3300 tantum,
1272 3245 1399 3306 quantiam

352 3309 468 3364 adversus
482 3313 545 3365 vitia
559 3313 653 3366 discere
665 3315 726 3366 satis
738 3317 786 3379 sit,
801 3315 943 3385 discamus)
960 3313 1032 3386 quod
1043 3316 1097 3366 cito
1114 3315 1192 3367 nobis
1207 3311 1356 3385 placemus.
1375 3311 1399 3364 Si

353 3389 499 3454 invenimus
512 3393 558 3463 qui
574 3411 622 3444 nos
635 3391 721 3444 bonos
733 3396 803 3459 viros
815 3393 903 3460 dicat,
921 3396 965 3466 qui
981 3392 1142 3465 prudentes,
1157 3395 1202 3465 qui
1215 3406 1342 3458 sanctos,
1356 3410 1401 3462 ag·

351 3471 495 3523 noscimus.
507 3473 563 3524 Nec
573 3491 664 3525 sumus
673 3472 779 3526 modica
789 3472 943 3526 laudatione
954 3475 1087 3535 contenti;
1099 3471 1227 3545 quidquid
1236 3473 1266 3534 in
1275 3490 1326 3524 nos
1336 3471 1401 3522 ado·

352 3545 414 3600 latio
426 3551 482 3602 sinc
494 3551 597 3624 pudore
609 3554 757 3625 congessit,
769 3565 895 3624 tanquam
908 3552 1026 3604 debitum
1039 3550 1210 3622 prendimus;
1222 3551 1341 3620 optimos
1353 3566 1401 3601 nos

352 3645 423 3692 esse,
432 3632 639 3702 sapientissimos
650 3631 841 3684 affirmantibus
852 3634 1023 3696 assentimur,
1038 3649 1118 3702 quum
1132 3631 1247 3682 sciamus
1261 3627 1323 3679 illos
1333 3645 1401 3698 saepe

351 3709 463 3760 mentiri.
474 3734 485 3756 ι
501 3710 621 3762 Aliorum
637 3711 817 3762 laudationem
834 3711 885 3761 sibi
898 3710 986 3762 fraudi
1000 3711 1082 3762 fuisse
1096 3709 1236 3780 profitetur
1249 3706 1402 3759 Alcibiades
1468 3763 1471 3772 Α

352 3786 425 3856 apud
440 3787 589 3854 Platonem,
603 3791 724 3862 Sympos.
738 3791 851 3855 xxiiii,
870 3789 933 3842 edit.
953 3789 1039 3842 wolf.
1060 3790 1177 3841 Pertinet
1197 3789 1277 3839 etiam
1295 3785 1348 3838 boc
1368 3784 1402 3838 ad
1490 3835 1491 3838 ,

351 3865 502 3936 Neronem,
514 3887 609 3938 quem,
621 3867 747 3941 quamdiu
755 3871 817 3920 vitia
830 3870 945 3937 latuere,
958 3869 1102 3922 laudabant
1112 3885 1217 3934 omnes,
1229 3866 1293 3918 boni
1306 3868 1402 3933 etiam,

351 3944 440 3997 mitius
453 3947 504 4017 ipsi
515 3946 628 4017 agebant
645 3967 706 4001 cum
721 3952 837 4020 pessimo
855 3968 904 4001 suo
918 3949 1048 4021 discipulo
1061 3947 1177 4001 Burrhus
1189 3962 1217 3999 et
1232 3949 1353 4012 Seneca,
1368 3963 1402 3996 ne

353 4024 405 4074 cito
420 4043 481 4075 eum
495 4043 510 4076 a
524 4045 552 4078 se
567 4039 647 4097 atque
660 4047 675 4080 a
689 4031 786 4080 virtute
801 4028 954 4081 alienarent.
967 4028 1045 4081 Unde
1059 4047 1114 4080 non
1123 4024 1184 4080 'sine
1198 4044 1278 4079 causa
1294 4045 1326 4078 ea
1340 4041 1401 4096 pars

352 4119 368 4152 a
382 4105 470 4156 Persio
484 4105 572 4160 addita
585 4121 637 4174 est,
653 4127 704 4181 qua
718 4108 752 4161 ab
764 4108 855 4161 alienis
868 4109 1088 4162 amentationibus
1100 4105 1134 4176 ad
1145 4125 1218 4160 suam
1232 4107 1323 4176 ipsius
1334 4121 1401 4156 con-
