2970 4936
406 441 458 536 ln
482 470 696 536 sisinius
719 471 954 536 renutu.
1142 499 1204 563 ιι,

152 599 273 650 Eumene
291 595 363 666 Rege
381 595 491 650 invente
503 608 567 650 sunt
582 595 701 665 Pergsmi
713 595 884 662 membrano,
899 613 957 666 quer
968 595 1030 649 inde
1042 597 1207 670 Pergsmenae

153 676 231 736 dicte
248 689 322 728 sunt.
337 703 373 716 -
386 673 508 737 Bieolor;
523 687 579 728 eret
594 691 691 744 nempe
708 675 874 740 mernbrarsa,
893 674 1025 730 sbeltere
1041 689 1131 748 perte,
1149 698 1206 750 que

155 757 231 810 cerui
240 754 403 820 edbsreerst,
415 752 568 820 candidior,
579 753 614 806 eb
624 751 722 821 alters,
734 773 786 825 qus
797 753 847 824 pili
858 753 979 820 luerent,
992 775 1094 810 croces.
1111 779 1122 804 ι
1133 759 1206 812 Bico-

157 835 212 900 tm,
224 838 259 889 eit
267 849 344 890 uetus
355 833 525 901 scholiastes,
536 833 609 906 quod
615 852 675 905 pars
684 851 786 900 crocea,
797 851 856 905 pers
865 831 1000 907 plutinata
1009 836 1079 907 apud
1088 839 1208 910 antiquos

157 927 239 968 emt.-
252 917 310 969 Hec
320 933 387 968 vero
398 928 475 987 perte
486 913 616 985 glutinata
628 911 797 966 solummedo
808 913 968 966 scribebant.
978 914 1063 968 Veriis
1073 918 1150 969 etiam
1162 936 1206 970 co·

155 994 254 1048 loribus
263 995 452 1048 inliciebantur
463 995 632 1055 membrum,-
643 991 691 1045 sed
703 992 865 1060 cavendum,
877 1012 910 1046 ue
921 993 1115 1049 confundamus
1127 1015 1207 1069 oper-

153 1074 244 1126 culum
256 1072 317 1128 libri
329 1094 392 1128 cunr
403 1074 553 1126 mernbrunu
569 1076 598 1125 iu
613 1091 664 1144 que
681 1071 864 1139 scribebatur,
877 1084 907 1124 ut
919 1086 1007 1126 monet
1022 1076 1204 1130 Ceseubonus.

151 1185 188 1194 —
200 1155 298 1209 Positis
308 1153 428 1229 capillis,-
440 1153 540 1207 abrasis
552 1172 601 1227 per
610 1155 763 1226 pumiceum
773 1153 888 1224 lepidem
901 1171 933 1206 ac
946 1153 1074 1226 demptisr
1087 1155 1206 1228 capillis,

148 1255 201 1307 per
213 1235 392 1290 catachresim
406 1253 456 1308 pro
469 1235 539 1306 pilis.
560 1235 638 1287 Conf.
653 1232 774 1287 Juvenal.
790 1236 851 1299 Vll,
870 1251 903 1288 ss
916 1253 992 1308 sqq.,
1014 1236 1060 1288 ubi
1074 1236 1109 1290 de
1122 1255 1206 1290 mem·

150 1317 237 1368 brusts
250 1317 388 1388 copiosius
401 1315 546 1369 disseritur.
560 1314 622 1368 Vid.
634 1313 688 1368 vol.
701 1317 727 1379 1,
740 1333 802 1387 pag.
816 1315 877 1367 561.

187 1431 257 1482 Nor.
283 1445 322 1482 ιι.
343 1430 430 1502 Inque
441 1447 536 1482 munus
547 1429 657 1493 ebartoe,
675 1428 822 1501 nodosaque
836 1429 907 1480 venit
918 1428 1029 1480 arundo.
1043 1459 1078 1468 —-
1091 1430 1207 1492 Chartoe5

151 1512 173 1562 si
188 1510 285 1562 Murco
297 1511 414 1562 Varroni
425 1506 491 1562 iides
504 1508 658 1574 adhibetur,
671 1508 768 1560 clrurtoe
781 1507 823 1562 uel
839 1507 938 1580 papyri
951 1525 1015 1561 usus
1031 1521 1153 1580 repertur
1167 1523 1207 1562 est

150 1589 202 1644 sub
217 1587 387 1654 Alexandro,
401 1587 512 1641 condita
524 1591 552 1640 iu
565 1589 678 1660 AEgypto
688 1588 859 1642 Alexandrie.
875 1587 1023 1642 Palmarum
1037 1589 1107 1642 foliis
1119 1591 1206 1661 primo

149 1671 353 1740 scriptitatum
377 1667 472 1722 deinde
491 1669 616 1722 arborum
636 1669 726 1731 librisr
747 1669 842 1724 clturtis
859 1668 965 1721 demunt
984 1683 1011 1722 et
1030 1671 1204 1741 pergamenis.

150 1750 219 1802 Cera
231 1766 342 1820 quoque
359 1762 386 1801 et
400 1747 470 1820 stylo
487 1747 631 1801 utebantur
646 1746 682 1800 sd
697 1751 871 1820 scripturum,
885 1747 933 1802 sed
949 1767 1004 1800 non
1020 1749 1048 1800 in
1063 1747 1151 1816 ludis,
1167 1751 1206 1800 uti

149 1845 243 1882 mouet
251 1828 450 1896 Quintilianus,
460 1829 498 1895 X,
509 1831 535 1882 3.
547 1860 583 1870 -
594 1828 699 1882 Nedosu
708 1829 808 1884 arundo
814 1851 823 1890 ,·
834 1827 951 1882 calemus
961 1830 1129 1900 scriptorius,
1139 1829 1207 1880 mul-

151 1911 183 1961 tis
198 1908 333 1982 geniculis
352 1908 499 1962 distinctus.
522 1912 642 1975 Persius,
661 1911 767 1962 radatis
785 1909 955 1978 nominibus,
974 1909 1043 1962 idem
1063 1910 1206 1982 appellavit

149 1991 323 2055 cmndinerrs,
342 1990 490 2054 calamum,
502 1987 635 2062 fistulam.
655 1988 755 2060 Celnmi
771 2009 835 2042 vero
853 1991 1000 2063 AEgyptiaci
1019 1993 1130 2044 maxime
1144 2010 1206 2063 pro·

149 2070 292 2124 bebantur.
307 2069 377 2122 Plio.
391 2072 456 2123 Hist.
469 2071 532 2122 Nat.
545 2069 621 2137 xvt,
633 2069 816 2148 '63;,Martiul.
829 2071 904 2136 XIV,
916 2087 1026 2124 nsvin.

183 2237 243 2282 Vn.
264 2251 299 2281 rs.
322 2238 381 2282 Tum
397 2237 501 2299 queritur
515 2249 606 2280 crassus
621 2233 710 2282 calamo
725 2237 787 2298 quod
801 2235 900 2298 perederet
915 2234 1002 2280 berner.
1019 2267 1050 2280 ...
1065 2237 1101 2282 Sic
1116 2233 1204 2282 hebent

152 2307 217 2354 MSS.
226 2306 326 2353 Codices
335 2305 410 2364 8048,
421 2307 495 2369 8070,
506 2305 576 2369 8273.
590 2305 649 2352 Edit.
661 2323 717 2354 vero
728 2307 787 2354 8055
798 2323 803 2350 :
816 2315 1004 2371 tempestatem,
1015 2322 1086 2370 super
1095 2309 1206 2368 iuscripta

151 2387 232 2422 terren
242 2377 360 2432 ariense,
375 2387 497 2438 querrrun.
511 2377 537 2421 Es
551 2373 645 2438 quidem
659 2377 754 2422 minime
766 2376 872 2437 ineptum
879 2385 916 2422 est
924 2387 1056 2439 estensium
1069 2376 1136 2422 simili
1144 2378 1206 2424 eninr

155 2449 246 2494 ratione
257 2459 374 2510 ponetur,
390 2461 437 2508 que
448 2445 633 2511 psnlosuperius
644 2455 772 2503 stertinius,
786 2461 831 2507 per
843 2447 1093 2503 communicationem,
1107 2459 1133 2492 ut
1142 2448 1206 2493 siunt

156 2517 270 2566 rhetores.

191 2625 257 2677 Nm.
276 2643 314 2676 η.
329 2625 397 2676 Tum
408 2627 526 2698 queritur
533 2629 626 2678 eraseris
636 2621 739 2677 caletrto
749 2621 822 2695 qued
825 2619 941 2695 pendeat
949 2621 1052 2674 humor.
1065 2652 1100 2661 -
1108 2623 1205 2675 'l'rnns-

151 2705 203 2757 fert
214 2703 321 2757 desidiae
334 2702 440 2776 culpam
451 2705 527 2776 piger
539 2701 685 2777 discipulus
698 2706 724 2757 in
738 2703 787 2756 elis
801 2705 899 2754 omniu.
914 2705 1007 2755 Horat.
1021 2702 1161 2770 sar.11‚3‚
1175 2723 1202 2774 7:

355 2794 675 2853 Culpanturirustrsralamr'..
684 2829 701 2839 ..
768 2786 771 2796 Α

154 2901 188 2910 -
203 2871 303 2924 eram
315 2869 426 2931 bumor,·
442 2888 560 2921 crsssum
572 2870 649 2922 nimis
661 2879 845 2922 stramentum.
856 2897 894 2907 -
911 2867 1019 2921 Calamo
1029 2867 1141 2940 pendeat
1147 2890 1156 2929 ;
1168 2870 1203 2921 ite

151 2949 299 3017 edbaerest,
311 2962 342 3000 ut
353 2947 449 3002 ductus
460 2949 557 3001 celsmi
568 2967 623 3001 non
635 2961 781 3020 appereent
793 2950 820 2999 iu
832 2947 931 3000 oberte.

185 3065 252 3115 Nor.
277 3063 320 3116 13·
335 3063 419 3137 Nipm
430 3064 500 3137 quod
514 3064 603 3136 infusa
618 3063 815 3134 vanescatsepia
826 3061 945 3135 lympha.
960 3093 995 3102 —
1008 3062 1204 3129 Queriturcon·

150 3145 278 3206 starium,
294 3143 357 3214 quie
371 3144 443 3196 forte
453 3145 534 3196 fuerit
545 3161 613 3214 eque
626 3144 703 3194 nimis
714 3141 829 3194 dilutum
842 3153 1032 3208 ammentum,
1043 3142 1122 3192 nimis
1137 3143 1204 3213 spis·

150 3241 210 3274 surn
218 3234 307 3275 estes.
318 3251 354 3262 -
365 3223 392 3276 V
388 3233 493 3275 creseat
497 3246 506 3286 ,·
514 3223 616 3276 nullum
623 3225 651 3274 in
659 3241 761 3295 papyro
769 3221 900 3292 relinquet
906 3222 1055 3290 vestigium.
1066 3249 1101 3260 -
1110 3221 1202 3292 Sepie3

151 3305 232 3374 piscis
242 3319 282 3356 eet
291 3303 425 3369 morinus,
436 3323 514 3375 quem
522 3322 646 3356 vocemus
652 3301 882 3377 arciqudedemer.
894 3302 932 3353 Es
941 3302 1147 3371 ejusseuguine‚
1159 3303 1203 3372 qui

151 3397 194 3434 est
203 3397 274 3449 ster,
283 3381 365 3434 Afros
375 3383 425 3436 sibi
435 3397 610 3436 stramentum
620 3383 712 3436 solitos
721 3397 816 3454 perere
826 3393 920 3434 auctor
929 3395 968 3434 eet
977 3393 1052 3433 retur
1062 3383 1202 3452 interpres.

149 3465 248 3517 Censet
255 3461 431 3515 Cessubcnus
438 3461 482 3514 bic
489 3464 660 3534 ponisepiam
670 3477 720 3532 pro
728 3471 876 3511 atramento
884 3477 933 3530 per
940 3458 1118 3530 metalepsim
1129 3455 1203 3529 quod

150 3543 252 3614 esepiis
262 3541 337 3615 epud
346 3541 454 3595 Latinos
465 3561 519 3595 non
529 3542 610 3595 liebet
619 3553 795 3594 strumentum
805 3537 956 3604 librarium,
968 3536 1016 3592 sed
1028 3557 1043 3590 e
1054 3538 1201 3589 fornacium

149 3621 376 3693 balinearumque
392 3621 517 3692 fuliginet
537 3641 618 3694 seque
629 3621 720 3682 Plinii,
731 3618 798 3672 fflss.
811 3620 872 3670 Νη.
884 3617 997 3684 XXXV,
1011 3615 1041 3682 5,
1053 3627 1079 3668 et
1091 3617 1203 3667 Diosco-

150 3701 231 3767 ridis,
242 3715 362 3754 extremo
373 3701 441 3753 libro
454 3704 564 3773 quinto,
577 3713 668 3754 tuetur
683 3695 896 3752 auctoritatibus.
918 3699 957 3750 De
971 3698 1046 3770 sepios
1059 3695 1139 3766 piscis
1153 3713 1202 3746 ns·

151 3795 211 3832 tura
219 3794 246 3833 et
253 3779 385 3833 industrie
391 3781 444 3832 sid.
455 3780 520 3832 Plin.
532 3784 598 3834 Hist.
606 3784 667 3834 Ner.
678 3781 728 3846 IX,
739 3797 788 3850 ²9³
798 3777 934 3843 eumdem,
942 3777 1052 3841 xxxii,
1064 3792 1108 3838 ιο,
1118 3775 1201 3828 Cicer.

154 3860 186 3913 de
194 3863 257 3914 Nat.
268 3865 349 3915 Deor.
361 3863 396 3928 ll,
410 3859 457 3926 ior
467 3864 574 3915 Aristot.
586 3865 651 3915 Hist.
666 3864 749 3913 duim.
760 3861 810 3927 tx,
821 3859 870 3931 37;
882 3857 974 3912 AElisn.
985 3859 1051 3910 Hist.
1063 3858 1110 3908 An.
1123 3857 1147 3920 l,
1158 3852 1200 3920 34.

183 4035 245 4078 Vin.
264 4033 299 4092 il.
315 4033 407 4080 Dilutns
420 4039 524 4099 queritur
535 4037 631 4100 qeminet
644 4031 790 4101 qnodfistula
800 4043 883 4096 pulsos.
899 4055 929 4068 -·
943 4033 1029 4076 liursus
1040 4027 1064 4072 in
1077 4025 1121 4072 hcc
1135 4041 1201 4073 versu

153 4104 203 4150 edit
213 4102 273 4150 80⁵5
282 4119 415 4169 puerisue,
425 4121 496 4168 suprs
505 4121 584 4154 rursus
593 4109 715 4170 inscripto,
726 4109 845 4168 puerisue.
857 4098 1052 4150 Perseverautslii
1061 4099 1124 4146 MSS.
1132 4097 1203 4144 Codi-

154 4191 195 4222 ees
207 4176 231 4222 in
241 4175 331 4224 edendo
340 4190 464 4239 quemue.
