3026 4944
326 511 368 556 22
639 489 674 550 Δ.
700 485 857 552 PERSH
882 487 1051 552 FLACCl

324 619 392 682 Nec
403 611 557 706 pluteum
569 610 682 696 caedit,
694 603 758 680 dec
769 611 942 682 demorsos
955 617 1042 707 sapit
1053 639 1194 708 ungues.

368 765 415 776 -
425 725 489 794 Sed
502 725 582 819 quid
595 748 681 818 opus
693 740 824 794 teneras
836 725 985 793 mordaci
997 725 1116 796 radere
1126 751 1207 796 vero

323 836 516 906 Auriculas?
527 837 617 918 vide,
630 847 691 920 sis,
705 861 747 904 ne
758 833 926 929 majorum
938 837 998 906 tibi
1009 839 1097 906 forte
1169 887 1172 894 -

322 952 453 1017 Limina
464 949 661 1041 frigescant:
675 966 771 1016 sonat
782 948 838 1016 hic
849 949 892 1016 de
903 973 985 1016 aare
996 953 1117 1018 canina
1141 983 1143 988 ¹

321 1065 458 1129 Littera.
471 1102 517 1112 -
530 1067 592 1130 Per
603 1087 657 1130 me
669 1061 826 1156 equidem
838 1065 906 1129 sint
917 1065 1029 1129 omnia
1040 1065 1195 1155 protinus
1207 1063 1298 1131 alba:
1320 1091 1373 1129 no

324 1171 378 1238 Nil
389 1196 512 1240 moror.
526 1177 632 1264 Euge,
645 1195 780 1254 omnes,
792 1195 911 1240 omnes
923 1171 1009 1240 bene
1021 1175 1116 1241 mirre
1127 1176 1219 1242 eritis
1231 1196 1296 1241 res.

323 1289 396 1352 Hoc
403 1281 517 1375 juvat,
531 1287 609 1366 Hic,
621 1286 749 1379 inquis,
764 1300 839 1352 veto
852 1285 1031 1377 quisquam
1043 1284 1126 1352 faxit
1136 1283 1276 1353 oletum.

323 1399 424 1487 Pinge
436 1395 521 1462 duos
533 1419 680 1487 angues:
692 1397 804 1486 pueri,
816 1417 911 1461 sacer
923 1409 975 1461 est
985 1391 1094 1478 locus,
1105 1411 1200 1464 extra

322 1504 449 1598 Mejite:
463 1505 609 1574 discedo.
656 1508 767 1574 Scottit
778 1503 927 1572 Lucilius
940 1505 1076 1586 urbem,

301 1623 384 1699 ‘Te,
397 1622 506 1710 Lupe,
521 1634 568 1699 te,
582 1623 682 1699 Mun,
695 1633 729 1685 et
741 1620 927 1708 genuinum
939 1617 1039 1709 fregit
1049 1620 1085 1684 in
1097 1614 1174 1684 illis.
1321 1629 1370 1682 ιι5

320 1733 430 1797 Omne
442 1729 536 1798 vafer
546 1731 665 1796 vitium
678 1727 800 1796 ridenti
812 1728 950 1796 Flaccus
963 1732 1072 1796 amico

320 1843 458 1932 Tangit,
471 1856 505 1907 et
516 1838 684 1909 admissus
696 1844 824 1909 circum
835 1839 1021 1932 praeoordia
1032 1837 1133 1920 ludit,

319 1950 469 2018 Callidus
482 1974 624 2030 excusso
634 1914 801 2043 poptdum
812 1949 1021 2044 suspendere
1032 1973 1135 2018 naso:

320 2108 415 2170 saliva
431 2108 644 2181 madentibus;
659 2120 690 2168 et
700 2111 817 2168 Moenas
830 2123 861 2168 et
872 2110 958 2168 Attin
971 2109 1005 2167 in
1020 2107 1083 2168 udo
1099 2122 1186 2183 sunt,
1203 2121 1236 2167 ut
1248 2111 1293 2167 ai!
1301 2129 1370 2190 pro·

320 2205 465 2282 uerbiom,
481 2227 538 2266 nec
556 2219 628 2266 sunt
645 2226 723 2288 opus
735 2219 835 2289 poetas
847 2207 979 2267 abacum
994 2227 1058 2287 prae
1070 2225 1143 2265 cura
1155 2219 1185 2265 et
1199 2205 1309 2266 ardore
1320 2207 1370 2266 ia·

320 2304 502 2385 fringentis,
516 2315 570 2364 aut
581 2324 701 2384 ungues
711 2303 751 2364 ad
763 2305 871 2364 vivum
882 2303 1063 2363 mordentis.

365 2421 429 2482 ¹⁰7·
443 2403 527 2462 Mon.
542 2403 580 2460 At
592 2423 666 2463 vero
683 2401 765 2476 baec,
776 2403 875 2476 Persi,
890 2414 925 2460 ut
935 2421 1008 2461 vera
1020 2401 1096 2475 sint,
1107 2399 1185 2480 quid
1197 2419 1315 2465 neccsse
1326 2412 1372 2462 est

319 2511 355 2560 tu
370 2497 561 2580 profitearis,
579 2511 609 2560 ct
627 2498 805 2582 profitendo
823 2519 911 2561 aures
930 2499 1075 2563 delicatas
1092 2512 1123 2559 et
1140 2497 1250 2563 molles
1269 2497 1372 2562 olien-

320 2593 392 2655 das?
409 2597 506 2671 Cave,
519 2617 639 2676 quaeso,
658 2617 698 2656 ne
714 2595 795 2656 male
810 2597 971 2678 excipiaris
990 2597 1024 2656 in
1042 2595 1150 2656 limine
1164 2595 1374 2677 palatiorum
1422 2630 1426 2639 ·

319 2711 456 2773 namque
467 2693 500 2750 in
511 2689 570 2750 bac
581 2692 673 2751 satira
685 2703 739 2751 tua
752 2689 850 2750 multa
862 2701 990 2766 sonant,
1002 2691 1036 2750 in
1048 2689 1179 2750 modum
1190 2711 1305 2754 canum
1316 2692 1371 2772 qui

320 2784 466 2846 hirriunt.
479 2819 517 2830 -
530 2787 620 2846 Pana.
634 2787 712 2867 Erpa
723 2787 845 2846 satiram
855 2784 1024 2848 adrrlatr'oue
1035 2801 1130 2861 muto3
1144 2809 1218 2869 crgo
1232 2787 1305 2850 licet
1317 2807 1373 2869 per

319 2903 383 2959 me,
395 2895 429 2942 ut
439 2884 546 2942 omnis
559 2883 691 2944 ornnino
699 2881 831 2964 jamjam
841 2884 902 2943 sint
911 2883 1006 2945 bona.
1019 2884 1110 2946 Nulla
1118 2899 1258 2950 moraest
1268 2888 1301 2946 in
1312 2908 1371 2948 me.

321 2984 406 3063 Agite
424 2982 517 3055 dum;
538 3001 662 3056 omnes,
682 3002 789 3044 omnes
807 3001 855 3042 res
871 2981 959 3041 valde
977 2983 1061 3042 eritis
1080 2983 1281 3045 admirande.
1300 2983 1372 3042 Tibi

319 3080 420 3163 placet
430 3078 491 3139 boc
504 3099 599 3162 opus;
615 3091 646 3140 et
659 3092 744 3157 veto,
758 3081 879 3163 inquis,
898 3101 937 3141 ne
954 3083 1119 3163 quisquam
1133 3081 1210 3142 illud
1230 3082 1371 3165 polluat,
1400 3078 1404 3086 '

320 3180 537 3262 nequisquam
551 3177 602 3237 hic
613 3191 752 3239 ventrem
765 3180 932 3241 exoneret?
943 3181 1026 3261 Ergo
1041 3183 1135 3262 pinge
1150 3181 1229 3241 duos
1241 3201 1371 3261 angues,

321 3283 374 3363 qui
389 3277 529 3338 indicent
540 3297 660 3337 sacrum
667 3296 730 3338 esse
737 3277 821 3341 hunc
830 3279 949 3354 locum,
960 3281 1014 3361 qui
1024 3293 1172 3340 moneant
1181 3291 1371 3340 transeuntes

320 3380 366 3438 uti
379 3374 491 3458 procul
504 3375 667 3456 mingant:
683 3373 749 3457 jam
761 3397 819 3458 ego
833 3376 943 3437 recedo
958 3397 1023 3458 prae
1037 3377 1215 3438 reverentia.
1233 3374 1371 3436 Lucilius

319 3477 427 3536 satiras
441 3473 577 3556 scripsit,
593 3474 706 3554 quibus
719 3475 801 3535 cives
814 3494 921 3535 omnes
935 3471 1061 3547 cecidit;
1076 3473 1186 3534 cecidit
1199 3495 1270 3548 vos,
1285 3476 1372 3554 Lupe

320 3588 350 3634 et
363 3574 441 3633 Muti
449 3617 458 3647 ,
467 3573 590 3657 famoso
601 3576 633 3633 in
643 3576 704 3654 q'us
715 3571 846 3654 operibus
858 3575 980 3633 nomina
987 3597 998 3646 ,-
1012 3585 1104 3652 atque
1116 3573 1149 3630 in
1160 3569 1220 3630 illis
1231 3569 1371 3631 bomini·

320 3670 379 3729 bus
393 3668 497 3729 dentes
510 3669 597 3750 quasi
615 3667 707 3750 fregit
723 3671 875 3750 impactos
888 3692 894 3728 :
914 3669 1062 3730 Horatius
1072 3669 1207 3730 vicissim
1218 3667 1372 3728 malitiose

321 3768 453 3849 inquirit
459 3781 489 3827 et
499 3769 716 3849 tangitvitium
725 3765 944 3847 quodcumque
955 3765 1061 3826 amicis
1073 3765 1259 3842 ridentibus,
1271 3785 1372 3846 neque

321 3865 539 3940 irascentibus,
553 3877 754 3947 penetratque
764 3862 874 3924 ludens
890 3877 921 3924 et
936 3877 1048 3924 reserat
1059 3865 1186 3924 intimos
1198 3883 1301 3924 sensus
1313 3859 1371 3921 bo·

320 3963 460 4037 minum,
478 3963 551 4044 ipsis
565 3961 654 4042 quasi
667 3957 858 4033 volentibus,
872 3961 921 4020 vir
934 3958 1053 4022 felicior
1069 3962 1103 4020 in
1118 3958 1276 4020 irridenda
1290 3957 1370 4017 mul·

320 4060 473 4121 titudine:
488 4055 744 4139 Mihinepiaculo
760 4069 895 4120 vertetur
910 4069 941 4117 et
957 4057 1076 4132 sceleri,
1093 4056 1119 4116 si
1136 4056 1228 4118 tacite
1244 4057 1372 4116 immm-

321 4177 459 4232 murem‚
481 4157 508 4218 si
530 4155 565 4216 in
587 4166 718 4228 secreto,
742 4153 767 4212 si
786 4173 874 4214 more
894 4152 1094 4235 deprimentis
1114 4151 1235 4216 scrobes
1254 4152 1289 4212 in
1309 4163 1370 4212 ter·
