3148 4950
357 414 474 480 auur
500 413 659 480 asnsrr
684 414 857 479 auteur
883 417 1005 482 vrrs.
1138 419 1202 505 465

157 545 316 614 Senecam,
338 540 391 600 sed
410 561 475 600 non
492 552 527 600 ut
544 551 703 623 caperetur
723 537 788 621 ejus
806 541 942 622 ingenio.
963 545 1045 606 Usus
1061 557 1105 606 est
1121 550 1205 630 apud

158 643 334 700 Cornutum
355 638 489 700 duorum
508 641 652 699 convictu
676 637 928 700 doctissimorum
949 658 980 702 et
999 645 1205 707 sanctissimo·

159 757 230 795 rum
240 737 392 811 virorum,
408 737 517 795 acriter
531 747 598 794 tum
614 734 921 817 philosophantium,
940 737 1062 798 Claudii
1078 742 1208 822 Agathe·

159 834 253 908 meri,
271 831 380 892 medici
395 831 630 906 Lacedaemonii,
643 845 672 892 ct
685 833 820 892 Petronii
833 834 1033 911 Aristocratis,
1045 838 1207 920 Magnetis,

144 953 234 1018 ¹quos
247 932 336 991 unice
347 931 474 990 miratus
491 941 576 989 estet
596 929 774 1006 aemulatus,
790 953 888 1013 quum
904 929 1034 1014 aequales
1048 950 1162 1012 essent,
1177 951 1208 996 et

160 1030 300 1087 Cornuto
314 1028 456 1087 minores.
472 1028 539 1108 lpse
553 1026 645 1086 etiam
656 1025 762 1086 decena
775 1024 838 1088 fere
847 1031 939 1091 aunis
951 1049 1072 1091 summe
1082 1031 1209 1094 dilectus

159 1148 178 1187 a
190 1127 272 1185 Paeto
286 1124 416 1185 Thrasea
431 1137 491 1199 est,
505 1127 546 1183 ita
562 1140 597 1183 ut
609 1108 856 1206 peregrinaretur
872 1147 996 1206 quoque
1009 1149 1081 1188 cum
1100 1150 1136 1189 eo
1155 1131 1209 1190 ali·

160 1221 304 1304 quando‚
321 1235 484 1301 cognatam
497 1218 561 1301 ejus
573 1222 691 1280 Arriam
702 1241 826 1282 uxorem
840 1219 983 1283 habente.
999 1226 1071 1283 Fuit
1082 1246 1206 1286 morum

160 1319 404 1392 lenissinrorum‚
414 1315 604 1376 verecundiae
615 1317 790 1398 virginalis,
803 1317 913 1378 formae
926 1319 1078 1402 pulchris,
1089 1323 1209 1404 pietatis

161 1440 232 1499 erga
246 1435 377 1478 matrem
400 1431 429 1478 et
441 1438 577 1478 sororem
591 1431 620 1478 et
631 1419 761 1477 amitam
780 1417 919 1500 exemplo
938 1421 1126 1484 suflicit-ntis.
1139 1425 1210 1483 Fuit

162 1517 243 1598 frugi
255 1532 283 1576 et
293 1517 434 1598 pudicus.
444 1515 580 1597 Reliquit
589 1516 816 1576 circaHSsicies
827 1517 918 1576 matri
929 1529 958 1577 et
967 1521 1082 1579 sorori:
1091 1521 1211 1604 scriptis

160 1629 263 1675 tamen
282 1615 318 1674 ed
336 1627 466 1676 matrem
486 1614 650 1689 codicillis,
664 1615 783 1696 rogavit
801 1635 884 1690 eam,
906 1629 942 1675 ut
963 1616 1050 1677 daret
1068 1620 1209 1680 Cornuto

161 1715 308 1788 sestertia,
323 1723 359 1772 ut
377 1711 504 1792 quidam
517 1710 642 1784 dicunt,
657 1725 800 1784 centum3
818 1725 852 1770 ut
868 1711 922 1770 alii
941 1713 1069 1791 volunt,
1090 1701 1210 1797 ar'genti

161 1808 235 1868 facti
249 1807 350 1890 pondo
361 1808 488 1889 viginti,
501 1821 530 1867 ct
542 1807 636 1866 libros
648 1808 725 1868 circa
737 1807 960 1889 septingentos,
972 1811 1035 1870 sive
1045 1810 1211 1874 bibliothe-

162 1926 228 1965 cam
246 1927 332 1966 suam
354 1924 499 1965 ornnem:
517 1904 643 1984 (verum
662 1906 834 1980 Cornutus,
851 1903 977 1966 sublatis
994 1905 1100 1985 libris,
1119 1931 1211 1992 pecu·

163 2003 246 2062 niam
269 2003 443 2077 sororibus,
466 2022 560 2083 quum
582 2001 676 2062 frater
697 2000 821 2063 herodes
834 1999 962 2079 lecerat,
985 2003 1151 2088 reliquit¹).
1173 2007 1213 2070 Et

163 2121 247 2176 raro,
259 2113 289 2159 et
304 2099 391 2160 tarde
404 2101 532 2182 scripsit.
551 2101 644 2160 Hunc
661 2100 762 2182 ipsum
779 2098 893 2159 librum
908 2100 1122 2184 imperfectum
1139 2103 1212 2166 reli-

164 2197 239 2277 quit.
260 2197 372 2256 Versus
393 2195 490 2276 aliqui
505 2195 621 2280 dempti
638 2209 710 2256 sunt
721 2193 830 2256 ultimo
849 2194 942 2257 libri:
958 2201 1089 2281 etquusi
1106 2199 1213 2264 linitus

172 2308 263 2369 esset,
287 2294 393 2354 leviter
410 2294 583 2353 retractavit
603 2292 791 2369 Cornutus²;
813 2307 843 2354 et
860 2293 956 2354 Caesio
969 2295 1061 2356 Basso
1082 2299 1211 2380 petenti,

165 2407 198 2452 ut
212 2394 276 2474 ipse
287 2391 406 2468 ederet,
420 2390 549 2452 tradidit
571 2389 735 2450 edendum.
747 2390 913 2475 Scripserat
926 2393 1019 2452 etiam
1033 2395 1066 2454 in
1081 2396 1213 2477 pueritia

164 2489 286 2550 Flaccus
304 2481 478 2549 Pnetextam
496 2481 676 2570 [Vesci03],
691 2500 722 2546 et
733 2475 907 2570 ὁδοιπορικῶν
918 2486 1033 2548 librum
1055 2505 1213 2566 unum‚·et

164 2608 277 2669 paucos
289 2587 376 2647 uxori
388 2583 528 2646 Thraseae
547 2587 578 2644 in
596 2586 715 2645 Arriam
731 2600 861 2646 matrem
877 2607 995 2660 versus,
1014 2607 1081 2669 quae
1101 2609 1131 2648 se
1143 2603 1213 2650 ante

165 2686 265 2743 virum
287 2683 447 2744 occiderat.
466 2682 581 2742 Omnis
598 2693 699 2742 nutem
716 2703 749 2742 ea
764 2685 919 2742 Cornutus
931 2696 1040 2742 auctor
1051 2682 1112 2742 fuit
1123 2687 1214 2744 matri
1285 2699 1288 2706 '

164 2776 247 2860 ejus,
264 2791 299 2838 ut
317 2778 458 2839 aboleret.
478 2779 603 2838 Editum
622 2775 738 2836 librum
758 2779 907 2838 continuo
930 2779 1035 2840 mirari
1054 2777 1231 2857 homines,¹

164 2892 193 2939 et
209 2873 362 2961 diriperet
380 2890 548 2961 coeperunt.
572 2877 704 2937 Decessit
728 2891 830 2937 autem
851 2878 926 2936 vitio
947 2876 1113 2953 stomachi,
1129 2899 1213 2940 enno

164 2977 258 3036 aetatis
272 2977 424 3038 tricesimo
432 2973 454 3034 ⁵.
465 2975 519 3038 sed
534 2994 622 3050 mox,
634 2987 669 3035 ut
681 2995 698 3033 a
709 2973 815 3035 schola
828 2988 858 3036 et
871 2976 1023 3058 magistris
1034 2976 1211 3046 diverteret,
1248 3001 1253 3010 ·

163 3075 239 3136 lecto
251 3075 333 3135 libro
343 3072 453 3134 Lucilii
463 3073 599 3150 decimo,
612 3071 806 3133 vehementer
818 3074 945 3149 Satires,
955 3095 1140 3156 componere
1152 3087 1213 3135 stu·

165 3171 256 3232 duit:
276 3171 363 3253 cujus
381 3170 452 3231 libri
472 3169 662 3252 principium
685 3170 823 3229 imitatus
842 3181 901 3244 est,
920 3169 979 3230 sibi
1001 3171 1118 3253 primo,
1141 3191 1213 3231 mox

204 3456 224 3490 t.
242 3439 340 3492 Versum
356 3440 483 3492 Cornutus
485 3475 531 3490 .....
551 3435 664 3508 reliquit.
748 3436 772 3500 4.
803 3434 910 3487 Editum
942 3433 1067 3486 lionam...
1095 3435 1213 3508 diripere.

166 3519 199 3568 Ut
218 3518 353 3587 spuriam,
378 3517 454 3570 unus
474 3516 581 3568 inclusit
598 3513 667 3565 hanc
711 3513 792 3582 Quod
810 3513 844 3565 ad
860 3527 976 3565 nostram
991 3531 1082 3566 vocem
1100 3533 1214 3584 respon-

165 3596 304 3668 periodum
317 3597 490 3668 Oudendorp.
713 3592 774 3645 det:
791 3617 801 3637 a
810 3590 950 3646 t'arraclrer
963 3611 1000 3644 un
1013 3590 1109 3645 liure·
1125 3592 1172 3644 En.

202 3693 224 3726 a.
237 3677 300 3728 Et...
312 3676 401 3730 leviter
414 3677 561 3728 retractavit
571 3677 668 3728 Cornu·
749 3671 773 3724 5.
787 3669 894 3721 Anno...
905 3670 1039 3722 tricesimo.
1054 3673 1137 3723 lmmo
1150 3672 1216 3723 vice-

166 3768 212 3810 tus.
228 3730 337 3830 Vulgo]
351 3771 427 3824 apt...
445 3757 536 3810 leviter
553 3756 669 3808 recitauit
712 3751 777 3804 omo
796 3761 903 3802 octavo:
918 3748 978 3800 vide
992 3767 1081 3820 supra.
1096 3752 1133 3801 lto
1153 3752 1217 3802 scri-

168 3838 315 3888 Comuto.·
346 3835 414 3888 Vide
439 3833 615 3905 Oudendorp.
643 3845 669 3885 et
712 3831 765 3901 psit
777 3827 899 3880 Wollius.
915 3827 1072 3898 Plerumque
1083 3829 1111 3878 in
1123 3826 1217 3879 Sueto-

166 3914 250 3968 Wolf.
663 3932 675 3946 ·
713 3914 777 3976 nio,
795 3909 816 3961 'si
835 3910 857 3961 is
877 3906 1175 3973 sutorvitn‚consules
1192 3919 1219 3958 st

199 3995 226 4047 3.
244 3996 340 4050 Vescia.
356 3995 612 4066 Suspectamvocem
627 3993 669 4042 in·
714 3991 772 4040 vita
789 4005 873 4038 annos
889 4005 943 4038 non
962 3986 1119 4050 convenire,
1140 3999 1217 4038 antea

165 4076 292 4128 clusimus
305 4077 380 4126 uncis
393 4092 453 4126 cum
466 4071 577 4124 Wolfio.
715 4066 960 4123 demonstravimus.

261 4165 325 4228 ΙΙΙ.
1034 4153 1077 4219 3ο
