2986 4924
283 437 463 502 srrmn
485 434 644 500 snx'rn
667 435 907 503 nuanvsrs.
1050 441 1114 532 257

68 577 216 650 portum,
229 563 333 644 ibique
345 581 376 620 se
389 561 490 620 vivere
504 579 646 619 securum
658 557 743 639 vulgi
754 571 785 618 et
795 573 971 639 ventorum,
986 584 1119 627 vacuum

69 667 208 740 invidia,
224 661 378 722 fruentem
401 659 495 720 bonis
519 671 549 718 et
564 670 760 733 contentum,
781 679 811 733 r,
832 661 1005 740 17.—lnde
1024 667 1121 728 sumit

70 764 198 823 initium
212 762 258 820 De
273 757 398 839 legitimo
417 755 584 816 divitiarum
598 776 653 816 usu
670 753 855 830 disserendi,
876 770 969 840 atque
984 739 1120 824 aiaritiae

70 859 176 920 sordes
188 869 219 918 et
230 854 342 916 nimios
355 851 496 912 vanitatis
508 863 649 932 sumptus
660 849 729 912 aliis
742 853 936 932 permittens,
948 857 1053 918 statuit
1064 859 1122 920 sibi

71 954 243 1016 vivendum
257 970 320 1010 esse
332 969 390 1031 pro
402 947 522 1008 ratione
534 944 649 1009 reditus
661 947 775 1021 annai,
792 947 843 1024 18,
855 948 992 1011 26.-At
1002 955 1124 1016 enimsi

72 1069 155 1113 totus
167 1049 245 1111 anni
258 1045 373 1108 reditus
385 1042 597 1126 impendatur,
609 1042 694 1102 unde
705 1056 844 1103 sumetur
857 1045 896 1104 ad
910 1049 1062 1130 impensas
1074 1073 1125 1113 ex-

73 1146 312 1222 traordinarias,
328 1141 469 1202 honestas
487 1156 608 1217 tamen,
627 1139 732 1222 quales
753 1139 833 1202 fiunt
850 1143 889 1203 ad
907 1147 1125 1228 opitulandum

75 1242 195 1308 amieo?
211 1245 293 1304 Tum
314 1259 349 1300 ex
369 1239 438 1322 ipso
457 1235 558 1296 fundo
576 1235 785 1318 frangendum
808 1259 870 1300 esse
888 1239 1008 1323 aliquid
1025 1261 1127 1308 censet

76 1343 213 1416 Persius,
226 1358 280 1419 27,
293 1336 421 1396 33.-nt
434 1335 518 1394 enim
531 1353 635 1394 rursus
646 1335 749 1394 minui
761 1333 896 1396 fundum
907 1339 1037 1402 moleste
1049 1340 1129 1404 feret

76 1439 193 1513 haeres,
209 1451 240 1497 et
254 1435 372 1495 funeris
388 1453 535 1516 pompam
550 1431 701 1513 negliget3
722 1443 755 1491 at
775 1435 860 1493 enim
872 1436 1001 1498 stolidus
1015 1439 1128 1521 aliquis

79 1538 216 1620 pristinae
230 1533 368 1596 avaritiae
380 1530 533 1605 defensor,
551 1532 647 1590 vitam
659 1529 755 1591 excoli
770 1551 825 1613 per
841 1547 920 1594 artes
929 1549 959 1595 et
970 1537 1128 1619 sapientie

79 1638 207 1694 inventa
217 1628 433 1711 indignabitur
445 1651 452 1686 ε
466 1639 626 1688 mortuum
641 1627 720 1688 nihil
735 1629 797 1690 istae
812 1630 973 1712 impellent
984 1634 1131 1716 querele,

81 1733 134 1808 33,
147 1728 301 1805 rin—Hie
313 1725 467 1786 haeredem
481 1745 573 1786 suum
586 1737 676 1786 vocat
688 1724 727 1785 ad
741 1725 872 1788 calculos
884 1741 989 1810 poeta,
1001 1745 1030 1791 et
1044 1753 1129 1794 reeu-

82 1831 159 1892 santi
171 1839 313 1909 sumptus
324 1823 392 1884 fieri
403 1822 563 1899 honestos,
575 1823 680 1906 quales
693 1844 755 1886 ease
767 1825 850 1886 decet
860 1827 1042 1909 opitulantis
1053 1831 1130 1892 ami-

83 1949 131 2004 eo,
146 1926 359 1987 comminatur
372 1944 403 1983 se
418 1921 575 1982 facturum
591 1933 731 2004 sumptus
745 1923 882 2000 insanos,
897 1925 1010 2007 quibus
1025 1928 1129 2010 plebe·

84 2027 155 2087 eulae
164 2025 313 2086 etfuriosi
321 2024 472 2106 Principis
484 2023 616 2104 gratiam
625 2035 805 2105 aucupetur,
815 2023 967 2104 (alludens
977 2026 1015 2087 ad
1026 2029 1132 2090 fictum

86 2124 172 2185 illum
186 2123 225 2186 de
239 2121 402 2184 Germanis
415 2117 625 2202 triumphum,
638 2141 731 2200 quem
747 2121 805 2182 sibi
817 2125 909 2184 Caius
923 2129 1133 2208 arrogaverat)

85 2222 303 2304 hominemque
316 2220 500 2300 interrogat,
514 2237 555 2278 an
570 2219 658 2279 malit
670 2221 713 2279 sie
726 2217 879 2302 impendi,
894 2221 1005 2305 quibus
1015 2224 1132 2302 inhiat,

87 2321 241 2396 fortunas,
254 2317 309 2394 41,
324 2319 372 2379 51.
382 2354 420 2363 —
431 2317 524 2394 Quod
539 2318 563 2377 si
575 2315 786 2378 haereditatem
798 2321 1020 2384 comminutam
1034 2324 1133 2406 legiti-

89 2439 151 2480 mus
160 2417 257 2480 haeres
267 2438 298 2478 se
306 2417 464 2478 aditurum
476 2417 646 2496 negaverit,
656 2413 807 2476 haeredem
816 2416 1042 2498 profitetursibi
1051 2424 1134 2482 insti·

89 2517 235 2576 tuendum
251 2535 313 2576 esse
326 2533 425 2574 unum
441 2534 458 2572 e
470 2512 590 2586 multis,
606 2512 661 2592 qui
675 2533 770 2593 quam
784 2512 894 2574 infimo
905 2513 975 2575 loco
990 2527 1081 2576 natus
1095 2520 1135 2578 sit

91 2611 164 2672 nihil
175 2615 338 2686 interesse,
352 2611 377 2670 si
391 2609 516 2691 quidem
530 2628 637 2670 omnes
652 2610 782 2668 omnino
795 2597 938 2674 homines
950 2613 1133 2693 cognatione

91 2709 220 2790 quadam
236 2709 316 2768 inter
331 2727 363 2767 se
377 2717 536 2782 tenentur,
553 2725 618 2764 rem
634 2704 819 2766 familiarem
834 2706 962 2768 viventis
976 2728 1051 2786 esse,
1067 2730 1134 2770 non

92 2803 217 2865 heredis
233 2803 282 2865 vel
301 2804 437 2888 proximi
443 2827 452 2878 ;
471 2802 793 2885 quantulumcumque
810 2803 850 2862 sit
871 2803 1027 2886 reliquum
1047 2826 1084 2866 ex
1103 2827 1137 2866 re

94 2899 249 2978 familiari,
262 2901 341 2962 lucri
357 2902 502 2984 insperati
518 2899 589 2960 loco
605 2889 783 2962 hibendum
799 2920 860 2962 esse
874 2900 1000 2979 haeredi,
1016 2903 1069 2982 52,
1086 2903 1134 2986 67.

95 2997 287 3075 -Quoniam
295 2993 393 3058 haeres
405 2997 533 3057 viventia
547 2996 632 3057 bona
646 3017 844 3078 nequaquam
855 3011 988 3080 repetere
997 2993 1067 3078 jure
1079 3020 1135 3061 suo

96 3107 197 3177 potest,
205 3116 306 3176 neque
316 3093 413 3156 ullam
422 3094 539 3177 exigere
549 3095 701 3154 rationem
712 3095 935 3177 impensorum,
942 3095 1026 3155 stulti
1034 3095 1137 3157 fuerat

98 3213 153 3253 sese
174 3194 275 3276 ipsum
295 3193 366 3252 vitre
387 3191 563 3252 necessariis
581 3189 781 3266 defraudare,
801 3205 837 3252 ut
859 3192 1138 3276 posteridiffluant

99 3289 192 3366 bonis,
200 3303 229 3350 et
239 3291 356 3350 insanis
366 3287 591 3372 voluptatibus,
605 3283 903 3372 68,7d.—Avaritia
916 3310 985 3351 suos
996 3293 1137 3374 turpissi-

101 3386 154 3446 mis
162 3385 275 3447 addicit
281 3399 433 3469 quaestum
441 3386 575 3447 faciendi
583 3385 755 3447 rationibus
766 3400 859 3468 atque
865 3387 958 3448 etiam
968 3388 1140 3450 vendendis

101 3477 288 3559 hominibus,
302 3503 401 3566 neque
412 3497 516 3543 tamen
529 3481 595 3541 ulla
605 3501 702 3563 opum
712 3481 743 3540 vi
755 3481 894 3541 exsatiari
905 3493 1004 3564 potest
1015 3505 1023 3543 z
1035 3483 1141 3544 nullus

104 3590 141 3636 est
150 3576 282 3640 habendi
293 3579 460 3656 terminus,
473 3577 526 3660 75,
540 3578 588 3637 80.

527 3829 714 3858 *4⁴00*-
