2986 4924
369 524 435 600 2¹4
548 519 703 584 VARlAE
722 519 994 588 LEC'PIONES
1014 523 1077 587 ET
1096 524 1233 590 NOTAE

364 645 415 698 bus
427 647 474 716 qui
485 648 513 698 in
528 645 644 700 articulis
652 663 702 718 per
713 663 773 700 eum
784 645 906 701 morbum
916 662 1097 702 conmanunt.
1111 649 1174 703 Hor.
1186 653 1271 723 Epist.
1284 656 1309 719 1,
1326 672 1353 722 r,
1365 656 1408 720 ³1,
1489 667 1491 724 g

363 740 441 778 uocat
455 725 575 778 eamdem
589 727 735 800 cliraprum
747 727 892 794 nodosam3
903 741 929 782 et
938 729 991 782 Sat.
1001 731 1025 782 ss
1032 768 1041 797 ‚
1051 748 1081 801 7,
1093 730 1138 797 15,
1144 733 1253 803 justam.

401 852 468 903 Non.
479 849 522 921 59.
535 851 649 924 Frepen't
659 850 797 917 articulos,
812 853 901 906 veteris
910 852 1023 908 ramalia
1029 853 1101 928 sapi.
1110 883 1146 898 -··
1155 856 1271 931 Frepers't
1279 859 1409 923 matutae
1489 827 1491 916 i

367 935 485 1004 sequitur
497 933 650 1000 Horatium,
662 934 714 986 Sat.
728 935 768 1000 ΙΙ,
781 952 813 1004 7,
830 933 861 988 15
873 952 913 1008 sq.
1489 917 1491 948 ¹

652 1038 770 1094 Postquam
779 1038 810 1082 itti
818 1039 881 1097 justa
889 1040 996 1099 chimera
1003 1040 1051 1099 (rel
1061 1041 1184 1101 clvaqm)

569 1104 674 1148 Contudit
686 1105 800 1150 articulos.

364 1227 399 1237 -
411 1196 509 1251 Veteris
520 1195 633 1250 ramalia
641 1195 704 1270 sapi
711 1219 720 1259 ,·
732 1195 912 1268 metaphorice
923 1217 973 1269 pro
985 1198 1105 1252 membre
1118 1203 1238 1273 corporis
1253 1206 1411 1258 senescentis
1489 1169 1491 1206 :

364 1291 390 1331 ct
402 1277 545 1331 arescentis
558 1279 640 1329 nimio
654 1279 709 1329 vini
724 1289 751 1329 et
763 1279 873 1330 Veneris
888 1297 948 1331 usu.
968 1277 1033 1354 Faqi
1044 1293 1175 1334 retustste
1189 1284 1246 1353 jam
1258 1281 1340 1336 arides
1353 1289 1411 1338 rami
1489 1287 1491 1306 ³

365 1357 489 1410 citissime
502 1356 615 1410 humore
628 1371 786 1429 putrescunt
800 1370 827 1410 et
845 1372 1063 1430 corrumpuntur.
1080 1360 1147 1414 Plin.
1165 1363 1231 1414 Hist.
1250 1363 1315 1416 Nat.
1330 1365 1411 1434 xvn,

365 1451 429 1492 sect.
441 1456 483 1510 79.
500 1439 599 1513 Soepius
609 1439 718 1491 recurrit
728 1438 801 1510 apud
812 1441 935 1512 antiquos
949 1438 1093 1493 similitudo
1103 1439 1220 1496 hominis
1232 1462 1294 1496 cum
1308 1443 1412 1513 arbore,
1489 1439 1491 1476 t

364 1515 543 1648 setginversa,
560 1530 590 1570 ut
603 1517 701 1571 docent
715 1515 889 1590 philosophi;
904 1529 985 1590 caput
1000 1520 1070 1572 enim
1084 1521 1229 1594 respondet
1240 1527 1412 1596 proportione

364 1614 393 1648 ra
414 1615 456 1647 rcr.

399 1714 467 1765 Nor.
493 1712 536 1766 60.
558 1713 627 1765 Tum
645 1732 739 1769 crassos
759 1715 876 1768 transisse
895 1713 948 1768 dies
969 1712 1105 1788 lacemque
1123 1715 1275 1788 palustrem.
1292 1745 1332 1757 -
1351 1719 1412 1770 Tsun
1489 1781 1490 1784 Ἴ

363 1813 457 1848 crassos
474 1795 592 1847 transisse
603 1795 672 1857 dies,·
689 1797 706 1846 i.
719 1814 742 1848 e.
760 1795 813 1850 dies
827 1797 855 1848 in
869 1813 929 1850 uere
946 1814 1029 1850 crasso
1044 1809 1200 1850 transactos.
1218 1827 1255 1838 -
1270 1797 1415 1871 ducemque

364 1873 524 1947 palustrem
542 1874 611 1928 idern
633 1875 697 1928 dicit
715 1875 765 1928 alis
783 1879 896 1929 ratione.
917 1878 978 1929 Vita
997 1879 1101 1930 transiit
1119 1896 1174 1930 non
1190 1879 1217 1929 in
1236 1897 1297 1932 sere
1316 1893 1414 1932 tantum
1489 1909 1491 1924 τ

363 1971 446 2006 crasso
465 1966 491 2006 et
502 1955 611 2022 nubilo,
623 1955 670 2008 sed
684 1957 763 2008 otiam
777 1956 805 2009 in
817 1956 874 2008 luto
887 1975 918 2008 uc
930 1958 1022 2023 fumo,
1034 1958 1122 2028 qualia
1135 1971 1197 2010 suut
1209 1976 1289 2030 snpra
1297 1959 1413 2030 paludes
1489 2021 1491 2026 y

365 2034 438 2085 Pers.
448 2031 568 2104 intelligit
578 2033 715 2101 tenebras,
725 2033 818 2086 sordet
831 2053 862 2087 ac
874 2033 986 2106 flagitia,
1000 2034 1096 2108 quibus
1108 2034 1230 2088 libidines
1242 2035 1380 2089 involvunt
1393 2051 1416 2088 et

363 2111 498 2164 infuscant
515 2115 626 2166 animos.
642 2113 695 2166 Cic.
707 2131 756 2184 pro
766 2113 835 2166 Sext.
847 2133 869 2166 c.
881 2131 914 2184 9:
932 2115 1020 2183 sQuis
1039 2117 1109 2168 enini
1122 2115 1226 2167 clarum
1240 2118 1308 2167 tanti
1318 2117 1415 2188 imperii

362 2205 452 2244 tenere
469 2203 496 2243 et
511 2191 692 2264 gubernacula
705 2191 858 2265 reipublions
874 2203 986 2246 tractare
999 2195 1027 2246 in
1042 2195 1157 2245 maximo
1172 2213 1237 2246 casu
1249 2211 1280 2246 ac
1295 2193 1414 2246 fluctibus
1490 2211 1491 2222 ³

362 2291 443 2344 posse
460 2263 635 2324 arbitraretur
644 2270 779 2324 hominem
794 2290 925 2326 emersum
940 2272 1028 2326 subito
1044 2291 1074 2324 ex
1085 2271 1218 2326 diuturnis
1234 2271 1353 2327 tenebris
1364 2273 1414 2326 lus·

364 2367 466 2405 trorum
479 2365 504 2406 et
519 2363 723 2425 stuprorum.»¹
795 2351 800 2368 ¹

392 2479 454 2524 Vsu.
467 2477 507 2524 61.
524 2477 557 2524 Et
566 2475 668 2542 siitjcm
676 2480 724 2526 seri
733 2479 804 2526 uitam
815 2479 944 2542 inponam
953 2475 1068 2524 relictam.
1080 2501 1113 2514 -
1121 2478 1217 2539 [egitur
1228 2489 1252 2524 es
1262 2439 1415 2525 iuuonucllo
1489 2473 1491 2478 ’

365 2563 419 2593 rum
437 2547 512 2593 MMS.
532 2550 609 2594 miseri
621 2564 663 2611 pro
681 2551 741 2604 seri,
765 2547 829 2611 quod
847 2547 920 2593 edunt
941 2548 1017 2595 MMS.
1034 2548 1081 2594 mei
1094 2547 1191 2594 Codices
1211 2546 1415 2613 laudatissimaque

364 2617 506 2676 editionum,
520 2619 632 2683 quodque
641 2617 828 2682 anteponenfflsm
839 2617 939 2702 ridetur.

400 2727 469 2778 Nor.
488 2725 533 2778 61.
551 2727 589 2781 Et
604 2725 653 2778 silsi
664 2729 726 2797 jam
744 2725 793 2784 sesi
806 2727 888 2787 vitum
907 2725 1058 2796 inpemssere
1076 2723 1203 2776 relictum.
1220 2753 1257 2764 -
1274 2725 1339 2778 Jam
1355 2725 1415 2786 seri;

365 2805 495 2860 hellenice
514 2819 540 2860 et
555 2807 660 2879 poetice
676 2823 726 2876 pro
734 2806 794 2876 jam
810 2804 898 2857 serim.
910 2833 947 2844 -
958 2806 1244 2878 Inpemnemsensere
1263 2823 1327 2858 cum
1346 2823 1417 2858 ecm-

363 2889 431 2940 rr'mo
447 2887 548 2940 ‹loloris
566 2901 656 2938 sonsn·
673 2913 710 2926 —-
725 2887 814 2940 Vitam
827 2884 876 2937 sits·
887 2884 1026 2946 relictam
1046 2883 1165 2936 relictam
1180 2887 1256 2956 qussi
1274 2885 1416 2957 reliquum,

363 2967 411 3021 sed
422 2965 534 3020 felicius.
550 2969 639 3018 Potest
650 2977 676 3016 et
688 2964 741 3018 alio
754 2983 833 3018 sensu
847 2965 933 3036 accipi
946 2965 989 3016 hic
998 2981 1110 3027 versum
1123 2965 1223 3018 scilicet
1231 2966 1417 3037 ingemiscunt,

368 3047 414 3100 sed
424 3048 516 3112 scrius,
527 3047 607 3098 ritum
620 3061 676 3098 esse
688 3044 738 3098 sibi
749 3043 883 3111 relictam,
895 3047 1033 3110 omissam,
1044 3042 1186 3115 perditam.

403 3163 469 3214 Nor.
483 3161 526 3215 62.
546 3159 582 3212 At
594 3169 619 3211 te
630 3161 761 3213 nocturnis
767 3164 847 3235 juvat
862 3159 1038 3230 impallescere
1048 3155 1153 3211 chaun.
1163 3187 1200 3198 -
1210 3160 1248 3212 As
1263 3171 1287 3212 te
1294 3161 1392 3232 jusum,-
1404 3179 1418 3211 a

370 3238 548 3311 descriptione
561 3239 633 3311 uulgi
647 3238 796 3292 studiorum
810 3237 877 3291 redit
891 3236 926 3289 ad
939 3235 1045 3289 laudem
1062 3235 1246 3309 philosophici
1261 3237 1360 3304 studii,
1378 3238 1417 3290 cui

367 3339 396 3373 se
414 3319 488 3372 dedit
506 3320 648 3372 Cornutus.
663 3349 700 3362 -
718 3318 895 3393 impallescere
905 3319 1041 3370 nocturnis
1051 3317 1165 3379 chartisr
1182 3320 1289 3390 poetice
1302 3337 1355 3391 pro
1369 3333 1418 3371 stu·

366 3391 443 3459 dere,
458 3390 530 3464 quod
543 3392 639 3444 dicitur
655 3409 724 3463 supe
738 3392 831 3463 sepius
844 3388 951 3460 uigilare
965 3402 991 3440 et
1002 3386 1194 3461 pellem-quis
1208 3387 1341 3461 pallorem
1355 3407 1419 3442 ocn-

366 3471 460 3541 tmhit,
477 3475 523 3546 qni
536 3472 628 3527 studiis
641 3484 721 3526 noctu
736 3485 762 3525 et
776 3471 810 3524 ad
827 3470 952 3545 lychnum
964 3469 1103 3526 incumbit.
1117 3471 1229 3541 Respice
1245 3470 1280 3522 ad
1292 3473 1419 3543 primm,

374 3561 424 3614 ηδε
440 3561 501 3614 «En
508 3562 601 3632 pallor
610 3564 797 3634 seniumque.»
814 3561 905 3613 Horat.
918 3561 974 3610 Art.
987 3559 1061 3611 Poct.
1074 3559 1141 3628 269:

568 3677 684 3721 Nonus-rsa
695 3685 777 3720 versate
786 3689 865 3732 manu,
874 3683 958 3720 terme
968 3673 1054 3717 dimne.

396 3789 457 3833 Vn.
475 3785 513 3833 63.
531 3785 612 3834 Cultor
621 3791 682 3834 anim
691 3792 805 3853 juvenum
814 3795 923 3850 purpuras
934 3786 1013 3832 inseris
1028 3799 1105 3830 cums.
1123 3809 1154 3821 -
1169 3783 1206 3830 Sic
1223 3781 1345 3830 edendnm
1360 3793 1416 3843 puto

366 3874 421 3906 cnm
431 3858 527 3920 dunig,
545 3875 573 3904 er
589 3858 635 3906 lide
647 3875 753 3907 meorum
770 3861 845 3906 ttrts.
860 3885 890 3894 -
904 3860 1017 3919 legerunt
1027 3856 1179 3904 Gssnubouus
1190 3865 1214 3900 et
1224 3855 1314 3916 priores
1325 3867 1331 3895 e
1343 3851 1421 3898 Cultor

365 3931 425 3976 enirn
432 3933 547 3994 juvenum
555 3945 579 3976 es
589 3946 597 3976 :
605 3940 717 3994 purqatcs
732 3931 827 3984 inseris,
841 3941 885 3975 etc.
895 3930 932 3975 stc
946 3929 1008 3975 enim
1017 3926 1097 3973 lerunt
1106 3927 1181 3974 MMS.
1200 3923 1296 3970 Codices
1306 3921 1418 3970 nonnulli.

365 4003 452 4046 Vernus
469 3998 537 4046 lectio
556 4003 672 4048 recentior
683 4001 775 4050 ridetur
800 4000 982 4047 convenientior.
1000 4000 1054 4045 Uno
1071 3999 1133 4044 enim
1147 4009 1229 4064 tenore
1243 3993 1419 4042 constructionis

365 4071 453 4118 inclusa
464 4070 571 4118 ridentur
582 4071 630 4120 hec
639 4072 709 4120 rcrlsa
718 4088 724 4117 :
734 4071 813 4118 cultor
817 4105 825 4127 ‚
838 4073 919 4118 usseris
927 4079 1053 4135 purpatas,
1064 4070 1169 4134 etfnsqe.

403 4180 470 4232 Nor.
489 4178 532 4231 63.
548 4177 641 4233 Cultor
660 4181 731 4232 enim
737 4181 869 4250 juvenum
886 4189 1013 4250 parpatas
1029 4177 1119 4233 inseris
1136 4193 1209 4230 anm
1224 4175 1308 4246 naqa
1326 4173 1420 4226 Clean-
