2970 4936
341 434 402 511 sii
510 426 665 491 VARIAE
689 423 963 490 LECTIONES
988 425 1049 489 ΕΤ
1074 424 1209 490 NOTAE

332 558 389 631 puli
399 571 513 628 persona
526 551 631 610 Persius
642 548 810 604 describeret.
827 547 919 602 Aulai-i
931 549 1001 602 enim
1013 551 1118 604 senece
1131 549 1308 624 philosophie
1322 571 1381 606 cum

334 640 419 691 nostri
427 648 513 708 poete
524 633 675 685 austeritate
684 625 758 694 haud
767 631 802 682 ita
813 628 988 682 conveniebat
997 648 1004 693 ;
1013 643 1092 702 ¹atque
1102 647 1133 684 ea
1143 632 1310 702 potissimum
1321 645 1384 684 tem·

333 731 436 792 pestate
447 719 533 781 Nero,
545 713 638 766 virtute
647 710 752 778 relicta,
767 712 794 762 in
807 729 886 762 omne
898 710 1027 780 flagitium
1038 714 1174 782 prorupit,
1186 731 1332 784 scenamque
1344 724 1382 784 ry.

334 801 469 853 renuidem
481 795 594 860 desidia,
606 791 768 858 vinolentia,
780 790 890 844 libidine
902 794 1055 862 auspicatus
1067 804 1114 844 est.
1127 791 1285 846 Insanientis
1295 807 1382 846 antem

333 879 428 933 belluae
438 879 541 930 furores
553 873 745 944 necquicquam
758 869 859 924 Seneca
869 872 1004 923 stoicismo
1016 890 1064 923 suo
1075 872 1215 924 refraenare
1225 872 1380 924 conabatur.

333 965 403 1014 Vero
418 961 498 1031 igitur
512 955 603 1010 similis
616 967 654 1006 eat
664 956 832 1026 conjectura,
846 970 925 1025 quam
943 953 1014 1005 notis
1031 955 1086 1006 suis
1103 951 1261 1006 confirmare
1276 953 1381 1007 videtur

333 1041 483 1099 Cornutus;
498 1037 760 1106 conjecturatamen.
817 1065 819 1070 -
918 1025 920 1030 ’

368 1122 466 1174 Censet
473 1133 541 1169 unus
550 1113 678 1166 eGallicis
686 1113 768 1164 Persii
774 1110 1173 1184 translatoribus(Lemonnier)
1180 1111 1230 1164 huo
1238 1113 1318 1164 satira
1327 1132 1380 1166 non

332 1204 418 1253 minus
427 1201 514 1270 ipsum
524 1193 638 1248 derideri
648 1194 766 1247 Stoicum
775 1203 982 1262 praeceptorem,
991 1209 1071 1261 quam
1081 1189 1200 1243 desidem
1209 1189 1378 1264 discipulum.

331 1281 418 1332 Nimia
427 1277 550 1349 proiecto
561 1286 601 1327 est
609 1291 643 1326 ee
650 1273 757 1343 opinio;
766 1289 853 1343 neque
862 1283 949 1324 tamen
959 1282 1063 1322 tantum
1073 1269 1138 1322 mihi
1147 1284 1253 1323 moveat
1262 1271 1381 1342 indigna-

331 1361 423 1426 tionis,
433 1370 563 1431 qnantum
571 1353 671 1406 caeteris
682 1351 878 1422 interpretibus.
888 1348 1019 1422 Equidem
1030 1352 1120 1402 Persio
1129 1352 1219 1403 venire
1229 1368 1284 1403 non
1293 1353 1380 1423 potuit

332 1441 360 1490 in
378 1450 491 1490 mentem
512 1431 625 1486 ridiculo
645 1431 785 1501 cooperire
807 1447 886 1501 quem
907 1428 1010 1482 inducit
1027 1429 1203 1500 philosophia
1222 1441 1380 1501 patronum,

331 1524 467 1591 ipsamque
481 1514 549 1569 adeo
563 1507 780 1585 philosophiam,
799 1509 843 1561 cui
854 1511 982 1581 juvenum
998 1511 1099 1562 animos
1113 1509 1255 1562 conciliare
1269 1511 1379 1562 nititur:

330 1599 457 1672 prodesse
469 1593 564 1668 procul
576 1591 659 1644 dubio
670 1589 772 1656 voluit,
786 1602 813 1641 et
827 1587 938 1653 docere;
951 1587 998 1642 sed
1010 1603 1099 1642 tamen
1110 1587 1237 1655 ridendo,
1249 1607 1338 1662 neque
1350 1609 1380 1642 ea

331 1673 510 1741 defensando,
528 1689 584 1744 quae
602 1667 780 1743 philosophiae
794 1669 906 1720 maxime
918 1682 1085 1739 repugnant,
1102 1671 1163 1742 qnia
1180 1684 1271 1721 carent
1287 1669 1380 1722 mode-

331 1761 388 1812 stia.
402 1755 516 1809 Socratis
529 1754 599 1804 enim
614 1767 720 1802 auream
734 1747 807 1800 illam
821 1745 978 1800 modestiam
992 1749 1085 1818 saepius
1098 1747 1176 1799 obliti
1188 1763 1249 1801 sunt
1261 1751 1380 1801 omniurn

332 1835 482 1889 scholarum
494 1830 627 1903 sapientiae
640 1827 820 1899 professores,
835 1825 881 1897 qui
896 1821 1020 1896 discipuli
1035 1827 1091 1894 ejus
1105 1823 1198 1877 haberi
1211 1824 1317 1898 dicique
1332 1845 1381 1879 cu-

329 1916 451 1991 piebant3
463 1913 546 1965 Stoici
556 1908 598 1962 vel
611 1909 638 1960 iai
649 1907 758 1978 primis,
769 1923 885 1976 quornm
897 1904 1049 1962 ambitiosas
1060 1906 1173 1977 ineptias
1185 1907 1236 1978 ipsi
1248 1907 1380 1961 Stoicismi

330 1999 464 2070 principes
472 1990 603 2046 interdum
613 1987 808 2041 erubescerent.
817 1985 963 2040 Audiamus
970 2004 1116 2058 parumper
1123 2005 1154 2038 ea
1162 1987 1195 2039 de
1202 2007 1230 2039 re
1237 1989 1380 2054 Senecam,

330 2075 452 2149 Epistulae
472 2073 568 2144 quintae
587 2069 663 2120 initio
681 2089 687 2118 r
708 2064 801 2117 slllud
817 2079 843 2117 te
860 2083 973 2130 moneo,
992 2084 1027 2117 ne
1043 2083 1135 2117 eorum
1152 2084 1243 2131 more,
1263 2070 1310 2138 qui
1324 2087 1379 2120 non

329 2155 473 2226 prolicere,
488 2146 536 2201 sed
548 2146 667 2216 conspici
680 2143 808 2215 cupiunt,
827 2143 910 2196 iacias
928 2141 1033 2214 aliqua,
1051 2159 1108 2213 que
1124 2145 1151 2195 iu
1166 2143 1261 2196 habitu
1274 2157 1321 2197 tuo
1334 2160 1380 2198 aut

222 2268 232 2290 a
327 2252 425 2306 genere
436 2233 493 2283 vite
505 2225 635 2280 notabilia
647 2226 707 2276 sint.
722 2223 856 2294 Asperum
867 2222 982 2290 cultum,
995 2235 1021 2274 et
1035 2225 1171 2275 intonsum
1183 2239 1279 2294 caput,
1295 2239 1322 2278 et
1334 2245 1380 2277 ne·

326 2312 509 2385 gligentiorem
520 2303 644 2370 barbam,
657 2316 683 2356 et
694 2302 825 2354 indictum
836 2315 948 2374 argento
960 2301 1066 2369 odium,
1079 2315 1105 2355 et
1116 2301 1205 2355 cubile
1217 2304 1291 2356 humi
1303 2307 1379 2376 posi·

325 2408 399 2459 turn,
412 2405 438 2444 st
450 2385 582 2462 quidquid
593 2382 666 2437 aliud
676 2382 850 2434 ambitionem
860 2401 984 2454 perversa
993 2384 1035 2434 ais
1046 2383 1182 2454 sequitur,
1195 2382 1292 2436 desita.
1308 2385 1379 2438 Satis

325 2475 411 2543 ipsum
426 2485 525 2521 nomen
537 2461 731 2538 philosophiae,
746 2463 849 2514 etiamsi
863 2461 984 2514 modeste
998 2473 1142 2527 tractetur,
1156 2463 1317 2516 insidiosum
1329 2479 1378 2517 est.

324 2551 397 2622 Quid
410 2551 433 2603 si
447 2568 497 2602 nos
511 2545 650 2599 hominum
665 2542 853 2595 consuetudini
864 2544 1023 2612 coeperimus
1034 2545 1197 2614 excerpere?
1210 2556 1276 2596 etc..
1288 2585 1293 2596 .
1306 2585 1311 2595 .
1323 2584 1348 2596 ..
1364 2569 1377 2592 ι

324 2629 406 2700 Quod
418 2627 618 2702 sapientissimis
637 2622 678 2674 his
695 2623 781 2675 verbis
798 2621 906 2674 damnat
925 2635 952 2674 et
972 2621 1040 2672 ridet
1058 2624 1116 2694 ipse
1131 2621 1183 2674 dux
1202 2624 1336 2676 Stoiciami
1352 2639 1379 2677 et

324 2713 445 2783 signifer,
458 2707 522 2780 qnid
532 2707 629 2759 mirum
640 2715 680 2756 eat
691 2705 713 2755 si
725 2701 815 2754 luserit
828 2717 909 2774 poeta
921 2704 1042 2754 satiricus
1051 2705 1063 2753 i
1072 2703 1211 2774 Sapientiae
1220 2703 1313 2759 hostes
1323 2725 1380 2758 non

323 2795 360 2844 ita
373 2793 475 2843 Persius
486 2785 663 2858 impugnavit,
673 2794 703 2858 ut
712 2781 836 2834 laudibus
846 2783 954 2834 alienet
964 2799 1062 2854 nugas,
1072 2782 1242 2836 ridendamre
1252 2788 1380 2856 majesta-

323 2886 378 2924 tem
396 2876 559 2941 proponeret
575 2859 739 2914 imitandam.
764 2861 874 2932 Legenti
893 2861 1003 2914 cuilibet
1021 2863 1102 2933 paulo
1121 2866 1246 2917 attentius
1266 2883 1326 2935 qnae
1344 2866 1379 2918 de

324 2946 432 3000 horrida
444 2945 562 2996 Porticus
574 2938 716 3010 disciplina
728 2940 827 3010 scripta
839 2952 902 2993 sunt
913 2937 1039 2992 adseres.
1050 2941 1085 3008 54
1096 2959 1155 3013 sqq.
1165 2980 1173 3007 ,
1187 2959 1298 3014 quareque
1308 2943 1380 3012 obji-

324 3030 360 3080 cit
372 3027 485 3080 hs'rroaus
495 3021 611 3076 centurio
622 3016 657 3069 ad
668 3033 749 3070 aeras.
764 3019 799 3070 80
809 3037 867 3092 sqq.
882 3019 915 3072 de
927 3018 1021 3072 habitu
1033 3018 1299 3092 philosophantium,
1315 3023 1380 3074 sub-

324 3127 382 3161 esse
400 3103 502 3176 aliquid
520 3103 604 3165 risus,
626 3099 670 3150 cui
688 3099 745 3169 ipse
763 3099 867 3152 Persius
888 3097 1042 3171 indulgeat,
1064 3101 1204 3152 manifesto
1226 3103 1381 3172 apparebit.

324 3187 469 3256 Melignum
482 3181 535 3233 hoo
549 3181 619 3231 inest
631 3176 722 3228 Satine
736 3179 890 3249 ingenium,
910 3190 940 3230 ut
958 3178 1024 3231 nihil
1041 3195 1098 3230 non
1114 3177 1170 3231 sale
1184 3197 1232 3231 suo
1246 3179 1379 3248 defricet,

324 3283 361 3318 ne
372 3265 496 3316 virtutem
509 3257 616 3333 quidem
630 3259 715 3328 ipsam
729 3259 885 3329 virtutisque
899 3259 1045 3311 ministram
1060 3260 1232 3329 sapientiam,
1253 3261 1276 3331 si
1294 3262 1379 3331 paulo

324 3345 468 3398 severiores
476 3343 537 3392 uisse
547 3339 655 3391 inerint.
668 3338 774 3389 dtvero
785 3355 905 3390 severum
916 3339 996 3410 quid,
1008 3351 1034 3391 et
1045 3357 1197 3400 memsam,
1209 3339 1379 3404 etsnblime,

323 3435 350 3475 et
361 3423 486 3486 nimium,
498 3419 589 3491 ecquis
602 3417 709 3471 evitavit
719 3418 925 3487 magistrorum?
935 3420 975 3470 lta
986 3420 1007 3470 si
1020 3419 1151 3470 comicum
1164 3417 1228 3490 quid
1240 3419 1379 3473 interdum

323 3499 421 3554 habent
432 3498 604 3570 praeceptoris
615 3497 643 3547 in
655 3494 706 3546 hac
717 3495 816 3548 fabella
828 3498 957 3567 gravitas,
968 3513 1022 3547 non
1033 3496 1094 3547 ideo
1104 3494 1167 3548 mihi
1177 3497 1380 3568 reprehenden-

322 3581 372 3634 dus
384 3593 465 3652 poeta
475 3578 608 3643 videatur,
620 3575 665 3629 sed
676 3576 746 3629 bene
758 3591 927 3648 personatus.

358 3661 452 3730 Neque
463 3677 525 3712 vero
538 3655 648 3729 querula
659 3655 705 3708 illa
719 3658 848 3725 gravitas,
863 3673 921 3726 quse
935 3655 986 3706 init
1000 3658 1087 3709 omnis
1100 3657 1235 3726 magistri,
1250 3655 1308 3708 sola
1323 3655 1377 3709 de·

321 3737 457 3804 scribitur,
472 3735 520 3790 sed
531 3739 590 3808 ipsa
601 3753 709 3807 quoque
721 3747 886 3807 usurpantur
902 3749 1059 3804 argumenta
1076 3749 1103 3787 et
1114 3735 1220 3788 dicendi
1238 3738 1377 3802 rationes,

321 3837 378 3893 que
390 3821 499 3891 propria
509 3829 584 3869 erant
595 3816 648 3868 tela
661 3815 826 3881 Stoicorum,
838 3817 1051 3886 comparationes
1062 3835 1158 3888 nempe
1171 3829 1196 3868 et
1212 3815 1375 3888 dialogismi.

320 3901 393 3967 Quin
405 3899 485 3951 etiam
496 3898 646 3949 zenoniana
660 3897 743 3949 oratio
755 3912 847 3966 pressa
859 3896 949 3962 nimis,
963 3909 990 3948 et
1001 3910 1108 3966 arguta,
1123 3909 1149 3947 et
1161 3896 1275 3968 abrupta
1289 3898 1377 3950 fuisse

320 3977 437 4029 dicitur:
453 3993 468 4027 a
481 3975 577 4046 quibus
588 3975 656 4026 vitiis
667 3972 741 4025 haud
752 3975 789 4024 ita
801 3966 939 4025 abhorruit
952 3972 992 4026 vel
1009 3973 1075 4040 hoc,
1091 3973 1133 4025 vel
1145 3973 1218 4027 aliud
1231 3972 1376 4046 quodlibet

321 4075 388 4128 opus
403 4057 566 4109 Persianum.
588 4055 676 4108 Nolim
695 4065 783 4105 tamen
800 4055 831 4105 iis
848 4055 988 4125 assentire,
1006 4057 1051 4126 qui
1064 4056 1160 4107 fractas
1173 4054 1375 4128 dissipatasque

316 4136 439 4206 judicant
455 4139 511 4207 ejus
528 4137 612 4188 satire
629 4145 732 4205 partes3
747 4148 812 4204 quas
825 4145 886 4204 apte
899 4133 1029 4187 coherere
1042 4148 1068 4186 et
1080 4137 1245 4200 consentire,
1260 4147 1373 4202 nemra,

320 4215 520 4289 qualiscumque
534 4217 582 4282 sit,
596 4213 718 4284 Analysis
730 4215 793 4267 satis
806 4212 979 4266 confirmabit.
