<?xml version="1.0" encoding="UTF-8"?>
<!DOCTYPE html PUBLIC "-//W3C//DTD XHTML 1.0 Transitional//EN"
    "http://www.w3.org/TR/xhtml1/DTD/xhtml1-transitional.dtd">
<html xmlns="http://www.w3.org/1999/xhtml" xml:lang="en" lang="en">
 <head>
  <title>
</title>
<meta http-equiv="Content-Type" content="text/html;charset=utf-8" />
  <meta name='ocr-system' content='tesseract 3.04.00' />
  <meta name='ocr-capabilities' content='ocr_page ocr_carea ocr_par ocr_line ocrx_word'/>
</head>
<body>
  <div class='ocr_page' id='page_1' title='image "./sexdecimsatir00lemagoog_0323.png"; bbox 0 0 3038 4932; ppageno 0'>
   <div class='ocr_carea' id='block_1_1' title="bbox 319 462 1168 569">
    <p class='ocr_par' dir='ltr' id='par_1_1' title="bbox 319 462 1168 569">
     <span class='ocr_line' id='line_1_1' title="bbox 319 462 1168 569; baseline 0.029 -47"><span class='ocrx_word' id='word_1_1' title='bbox 319 462 379 524; x_wconf 84' lang='lat' dir='ltr'><strong>EX</strong></span> <span class='ocrx_word' id='word_1_2' title='bbox 404 462 620 528; x_wconf 86' lang='lat' dir='ltr'>INCERTO</span> <span class='ocrx_word' id='word_1_3' title='bbox 643 465 792 533; x_wconf 77' lang='lat' dir='ltr'>SATIR.</span> <span class='ocrx_word' id='word_1_4' title='bbox 818 471 974 540; x_wconf 85' lang='lat' dir='ltr'>LIBRO.</span> <span class='ocrx_word' id='word_1_5' title='bbox 1106 481 1168 569; x_wconf 80' lang='lat'><strong>307</strong></span> 
     </span>
    </p>
   </div>
   <div class='ocr_carea' id='block_1_2' title="bbox 584 593 701 658">
    <p class='ocr_par' dir='ltr' id='par_1_2' title="bbox 584 593 701 658">
     <span class='ocr_line' id='line_1_2' title="bbox 584 593 701 658; baseline -0.009 0"><span class='ocrx_word' id='word_1_6' title='bbox 584 593 701 658; x_wconf 91' lang='lat' dir='ltr'>XXXI.</span> 
     </span>
    </p>
   </div>
   <div class='ocr_carea' id='block_1_3' title="bbox 122 704 996 801">
    <p class='ocr_par' dir='ltr' id='par_1_3' title="bbox 122 704 996 801">
     <span class='ocr_line' id='line_1_3' title="bbox 122 704 996 801; baseline 0.015 -29"><span class='ocrx_word' id='word_1_7' title='bbox 122 708 197 772; x_wconf 90' lang='lat' dir='ltr'><strong>Unn</strong></span> <span class='ocrx_word' id='word_1_8' title='bbox 208 704 323 787; x_wconf 88' lang='lat' dir='ltr'><strong>oculo,</strong></span> <span class='ocrx_word' id='word_1_9' title='bbox 335 704 546 801; x_wconf 81' lang='lat' dir='ltr'><strong>pedibusque</strong></span> <span class='ocrx_word' id='word_1_10' title='bbox 557 706 910 793; x_wconf 82' lang='lat' dir='ltr'><strong>duobus‚dimidiatus</strong></span> <span class='ocrx_word' id='word_1_11' title='bbox 992 789 996 798; x_wconf 61' lang='grc'>,</span> 
     </span>
    </p>
   </div>
   <div class='ocr_carea' id='block_1_4' title="bbox 119 818 709 980">
    <p class='ocr_par' dir='ltr' id='par_1_4' title="bbox 119 818 709 980">
     <span class='ocr_line' id='line_1_4' title="bbox 119 818 313 908; baseline -0.01 -27"><span class='ocrx_word' id='word_1_12' title='bbox 119 818 165 881; x_wconf 91' lang='lat' dir='ltr'><strong>Ut</strong></span> <span class='ocrx_word' id='word_1_13' title='bbox 178 837 313 908; x_wconf 82' lang='lat' dir='ltr'>porcus.</span> 
     </span>
     <span class='ocr_line' id='line_1_5' title="bbox 574 914 709 980; baseline -0.007 -2"><span class='ocrx_word' id='word_1_14' title='bbox 574 914 709 980; x_wconf 91' lang='lat' dir='ltr'>XXXII.</span> 
     </span>
    </p>
   </div>
   <div class='ocr_carea' id='block_1_5' title="bbox 97 1028 1128 2414">
    <p class='ocr_par' dir='ltr' id='par_1_5' title="bbox 116 1028 975 1222">
     <span class='ocr_line' id='line_1_6' title="bbox 116 1028 975 1131; baseline 0.015 -38"><span class='ocrx_word' id='word_1_15' title='bbox 116 1029 174 1094; x_wconf 85' lang='lat' dir='ltr'><strong>Vis</strong></span> <span class='ocrx_word' id='word_1_16' title='bbox 186 1045 239 1095; x_wconf 81' lang='lat' dir='ltr'><strong>est</strong></span> <span class='ocrx_word' id='word_1_17' title='bbox 250 1031 334 1112; x_wconf 78' lang='lat' dir='ltr'><strong>vita,</strong></span> <span class='ocrx_word' id='word_1_18' title='bbox 346 1028 456 1112; x_wconf 66' lang='lat' dir='ltr'><strong>videti,</strong></span> <span class='ocrx_word' id='word_1_19' title='bbox 472 1054 548 1125; x_wconf 86' lang='lat' dir='ltr'><strong>quae</strong></span> <span class='ocrx_word' id='word_1_20' title='bbox 559 1055 622 1099; x_wconf 90' lang='lat' dir='ltr'><strong>nos</strong></span> <span class='ocrx_word' id='word_1_21' title='bbox 633 1031 743 1101; x_wconf 81' lang='lat' dir='ltr'><strong>fucere</strong></span> <span class='ocrx_word' id='word_1_22' title='bbox 755 1039 866 1105; x_wconf 82' lang='lat' dir='ltr'><strong>omnia</strong></span> <span class='ocrx_word' id='word_1_23' title='bbox 877 1042 975 1131; x_wconf 78' lang='lat' dir='ltr'><strong>cogit.</strong></span> 
     </span>
     <span class='ocr_line' id='line_1_7' title="bbox 557 1153 709 1222; baseline 0 -5"><span class='ocrx_word' id='word_1_24' title='bbox 557 1153 709 1222; x_wconf 93' lang='lat' dir='ltr'>XXXIII.</span> 
     </span>
    </p>

    <p class='ocr_par' dir='ltr' id='par_1_6' title="bbox 117 1266 1108 1456">
     <span class='ocr_line' id='line_1_8' title="bbox 117 1266 1108 1358; baseline 0.02 -27"><span class='ocrx_word' id='word_1_25' title='bbox 117 1267 271 1358; x_wconf 79' lang='lat' dir='ltr'><strong>Nequam</strong></span> <span class='ocrx_word' id='word_1_26' title='bbox 283 1281 318 1332; x_wconf 89' lang='lat' dir='ltr'><strong>et</strong></span> <span class='ocrx_word' id='word_1_27' title='bbox 327 1289 471 1358; x_wconf 78' lang='lat' dir='ltr'><strong>magnus</strong></span> <span class='ocrx_word' id='word_1_28' title='bbox 483 1266 601 1350; x_wconf 90' lang='lat' dir='ltr'><strong>homo,</strong></span> <span class='ocrx_word' id='word_1_29' title='bbox 613 1268 781 1338; x_wconf 84' lang='lat' dir='ltr'><strong>laniorum</strong></span> <span class='ocrx_word' id='word_1_30' title='bbox 792 1273 939 1341; x_wconf 84' lang='lat' dir='ltr'><strong>immani</strong></span> <span class='ocrx_word' id='word_1_31' title='bbox 950 1299 1050 1348; x_wconf 82' lang='lat' dir='ltr'><strong>canes</strong></span> <span class='ocrx_word' id='word_1_32' title='bbox 1062 1302 1108 1350; x_wconf 91' lang='lat' dir='ltr'><strong>ut.</strong></span> 
     </span>
     <span class='ocr_line' id='line_1_9' title="bbox 562 1391 711 1456; baseline -0.007 0"><span class='ocrx_word' id='word_1_33' title='bbox 562 1391 711 1456; x_wconf 86' lang='lat' dir='ltr'>XXXIV.</span> 
     </span>
    </p>

    <p class='ocr_par' dir='ltr' id='par_1_7' title="bbox 116 1503 1034 1694">
     <span class='ocr_line' id='line_1_10' title="bbox 116 1503 1034 1604; baseline 0.013 -34"><span class='ocrx_word' id='word_1_34' title='bbox 116 1507 212 1571; x_wconf 85' lang='lat' dir='ltr'><strong>Nunc</strong></span> <span class='ocrx_word' id='word_1_35' title='bbox 222 1503 269 1571; x_wconf 87' lang='lat' dir='ltr'><strong>ad</strong></span> <span class='ocrx_word' id='word_1_36' title='bbox 279 1519 314 1570; x_wconf 83' lang='lat' dir='ltr'><strong>te</strong></span> <span class='ocrx_word' id='word_1_37' title='bbox 324 1503 441 1588; x_wconf 85' lang='lat' dir='ltr'><strong>redeo,</strong></span> <span class='ocrx_word' id='word_1_38' title='bbox 453 1521 493 1572; x_wconf 91' lang='lat' dir='ltr'><strong>ut</strong></span> <span class='ocrx_word' id='word_1_39' title='bbox 503 1529 580 1601; x_wconf 86' lang='lat' dir='ltr'><strong>qnae</strong></span> <span class='ocrx_word' id='word_1_40' title='bbox 590 1531 645 1575; x_wconf 85' lang='lat' dir='ltr'><strong>res</strong></span> <span class='ocrx_word' id='word_1_41' title='bbox 656 1532 712 1576; x_wconf 92' lang='lat' dir='ltr'><strong>me</strong></span> <span class='ocrx_word' id='word_1_42' title='bbox 723 1509 896 1602; x_wconf 87' lang='lat' dir='ltr'><strong>impendet</strong></span> <span class='ocrx_word' id='word_1_43' title='bbox 906 1529 1034 1604; x_wconf 76' lang='lat' dir='ltr'>agatur.</span> 
     </span>
     <span class='ocr_line' id='line_1_11' title="bbox 569 1629 700 1694; baseline -0.008 -1"><span class='ocrx_word' id='word_1_44' title='bbox 569 1629 700 1694; x_wconf 91' lang='lat' dir='ltr'>XXXV.</span> 
     </span>
    </p>

    <p class='ocr_par' dir='ltr' id='par_1_8' title="bbox 116 1739 954 1825">
     <span class='ocr_line' id='line_1_12' title="bbox 116 1739 954 1825; baseline 0.012 -20"><span class='ocrx_word' id='word_1_45' title='bbox 116 1743 195 1806; x_wconf 85' lang='lat' dir='ltr'>IIaec</span> <span class='ocrx_word' id='word_1_46' title='bbox 208 1755 242 1807; x_wconf 89' lang='lat' dir='ltr'><strong>te</strong></span> <span class='ocrx_word' id='word_1_47' title='bbox 254 1739 457 1825; x_wconf 84' lang='lat' dir='ltr'><strong>imbubinat‚</strong></span> <span class='ocrx_word' id='word_1_48' title='bbox 470 1759 504 1811; x_wconf 88' lang='lat' dir='ltr'><strong>et</strong></span> <span class='ocrx_word' id='word_1_49' title='bbox 513 1760 630 1811; x_wconf 83' lang='lat' dir='ltr'><strong>contra</strong></span> <span class='ocrx_word' id='word_1_50' title='bbox 642 1760 674 1811; x_wconf 84' lang='lat' dir='ltr'><strong>te</strong></span> <span class='ocrx_word' id='word_1_51' title='bbox 687 1744 876 1814; x_wconf 80' lang='lat' dir='ltr'><strong>imbulbitnt</strong></span> <span class='ocrx_word' id='word_1_52' title='bbox 888 1747 954 1818; x_wconf 91' lang='lat' dir='ltr'><strong>ille.</strong></span> 
     </span>
    </p>

    <p class='ocr_par' dir='ltr' id='par_1_9' title="bbox 97 1867 880 1930">
     <span class='ocr_line' id='line_1_13' title="bbox 97 1867 880 1930; baseline 0.003 -8"><span class='ocrx_word' id='word_1_53' title='bbox 97 1919 100 1922; x_wconf 87' lang='lat'>.</span> <span class='ocrx_word' id='word_1_54' title='bbox 562 1867 710 1930; x_wconf 90' lang='lat' dir='ltr'>XXXVI.</span> <span class='ocrx_word' id='word_1_55' title='bbox 878 1921 880 1924; x_wconf 86' lang='lat'>.</span> 
     </span>
    </p>

    <p class='ocr_par' dir='ltr' id='par_1_10' title="bbox 114 1979 1128 2172">
     <span class='ocr_line' id='line_1_14' title="bbox 114 1979 1128 2081; baseline 0.019 -37"><span class='ocrx_word' id='word_1_56' title='bbox 114 1981 221 2063; x_wconf 87' lang='lat' dir='ltr'><strong>Quem</strong></span> <span class='ocrx_word' id='word_1_57' title='bbox 233 1979 417 2072; x_wconf 80' lang='lat' dir='ltr'><strong>praeclurus</strong></span> <span class='ocrx_word' id='word_1_58' title='bbox 428 1981 547 2075; x_wconf 88' lang='lat' dir='ltr'><strong>helops</strong></span> <span class='ocrx_word' id='word_1_59' title='bbox 558 2034 567 2064; x_wconf 88' lang='lat'>‚</span> <span class='ocrx_word' id='word_1_60' title='bbox 580 2008 682 2078; x_wconf 82' lang='lat' dir='ltr'><strong>quem</strong></span> <span class='ocrx_word' id='word_1_61' title='bbox 691 1989 833 2080; x_wconf 75' lang='lat' dir='ltr'>AEgypto</span> <span class='ocrx_word' id='word_1_62' title='bbox 853 1990 961 2081; x_wconf 76' lang='lat' dir='ltr'><strong>sargu&#39;</strong></span> <span class='ocrx_word' id='word_1_63' title='bbox 972 1996 1128 2065; x_wconf 88' lang='lat' dir='ltr'><strong>movebit.</strong></span> 
     </span>
     <span class='ocr_line' id='line_1_15' title="bbox 552 2107 718 2172; baseline -0.006 -2"><span class='ocrx_word' id='word_1_64' title='bbox 552 2107 718 2172; x_wconf 86' lang='lat' dir='ltr'>XXXVII.</span> 
     </span>
    </p>

    <p class='ocr_par' dir='ltr' id='par_1_11' title="bbox 114 2218 846 2414">
     <span class='ocr_line' id='line_1_16' title="bbox 114 2218 846 2314; baseline 0.008 -30"><span class='ocrx_word' id='word_1_65' title='bbox 114 2221 152 2286; x_wconf 86' lang='lat' dir='ltr'><strong>Et</strong></span> <span class='ocrx_word' id='word_1_66' title='bbox 161 2218 308 2311; x_wconf 88' lang='lat' dir='ltr'><strong>pedibus</strong></span> <span class='ocrx_word' id='word_1_67' title='bbox 319 2219 404 2290; x_wconf 79' lang='lat' dir='ltr'><strong>laeva</strong></span> <span class='ocrx_word' id='word_1_68' title='bbox 417 2224 570 2314; x_wconf 79' lang='lat' dir='ltr'><strong>Sicyonia</strong></span> <span class='ocrx_word' id='word_1_69' title='bbox 581 2222 686 2291; x_wconf 80' lang='lat' dir='ltr'><strong>demit</strong></span> <span class='ocrx_word' id='word_1_70' title='bbox 697 2223 846 2294; x_wconf 80' lang='lat' dir='ltr'>honesta.</span> 
     </span>
     <span class='ocr_line' id='line_1_17' title="bbox 545 2348 729 2414; baseline 0 -4"><span class='ocrx_word' id='word_1_71' title='bbox 545 2348 729 2414; x_wconf 88' lang='lat' dir='ltr'>XXXVIII.</span> 
     </span>
    </p>
   </div>
   <div class='ocr_carea' id='block_1_6' title="bbox 111 2461 1142 2795">
    <p class='ocr_par' dir='ltr' id='par_1_12' title="bbox 111 2461 1142 2795">
     <span class='ocr_line' id='line_1_18' title="bbox 111 2461 996 2558; baseline 0.011 -32"><span class='ocrx_word' id='word_1_72' title='bbox 111 2461 214 2528; x_wconf 75' lang='lat' dir='ltr'><strong>Suasa</strong></span> <span class='ocrx_word' id='word_1_73' title='bbox 226 2486 362 2556; x_wconf 89' lang='lat' dir='ltr'><strong>quoqne</strong></span> <span class='ocrx_word' id='word_1_74' title='bbox 373 2466 511 2536; x_wconf 90' lang='lat' dir='ltr'><strong>omnino</strong></span> <span class='ocrx_word' id='word_1_75' title='bbox 522 2462 648 2531; x_wconf 78' lang='lat' dir='ltr'><strong>dirimit</strong></span> <span class='ocrx_word' id='word_1_76' title='bbox 659 2489 728 2532; x_wconf 89' lang='lat' dir='ltr'><strong>non</strong></span> <span class='ocrx_word' id='word_1_77' title='bbox 741 2464 824 2534; x_wconf 77' lang='lat' dir='ltr'>solla</span> <span class='ocrx_word' id='word_1_78' title='bbox 836 2465 996 2558; x_wconf 88' lang='lat' dir='ltr'><strong>dupondi.</strong></span> 
     </span>
     <span class='ocr_line' id='line_1_19' title="bbox 560 2584 710 2648; baseline -0.007 0"><span class='ocrx_word' id='word_1_79' title='bbox 560 2584 710 2648; x_wconf 91' lang='lat' dir='ltr'>XXXIX.</span> 
     </span>
     <span class='ocr_line' id='line_1_20' title="bbox 113 2698 1142 2795; baseline 0.008 -29"><span class='ocrx_word' id='word_1_80' title='bbox 113 2705 265 2795; x_wconf 82' lang='lat' dir='ltr'><strong>Nequam</strong></span> <span class='ocrx_word' id='word_1_81' title='bbox 278 2724 399 2770; x_wconf 83' lang='lat' dir='ltr'><strong>aurum</strong></span> <span class='ocrx_word' id='word_1_82' title='bbox 413 2717 479 2781; x_wconf 86' lang='lat' dir='ltr'>est,</span> <span class='ocrx_word' id='word_1_83' title='bbox 492 2702 582 2768; x_wconf 85' lang='lat' dir='ltr'><strong>auris</strong></span> <span class='ocrx_word' id='word_1_84' title='bbox 596 2698 689 2794; x_wconf 89' lang='lat' dir='ltr'><strong>quod</strong></span> <span class='ocrx_word' id='word_1_85' title='bbox 700 2701 733 2768; x_wconf 89' lang='lat' dir='ltr'><strong>vi</strong></span> <span class='ocrx_word' id='word_1_86' title='bbox 745 2699 977 2770; x_wconf 84' lang='lat' dir='ltr'><strong>vehementius</strong></span> <span class='ocrx_word' id='word_1_87' title='bbox 988 2704 1101 2774; x_wconf 86' lang='lat' dir='ltr'><strong>ambit.</strong></span> <span class='ocrx_word' id='word_1_88' title='bbox 1140 2711 1142 2720; x_wconf 80' lang='grc'><strong>“</strong></span> 
     </span>
    </p>
   </div>
   <div class='ocr_carea' id='block_1_7' title="bbox 109 2883 1161 4234">
    <p class='ocr_par' dir='ltr' id='par_1_13' title="bbox 109 2883 1161 4234">
     <span class='ocr_line' id='line_1_21' title="bbox 146 2883 1161 2954; baseline 0.008 -16"><span class='ocrx_word' id='word_1_89' title='bbox 146 2887 241 2938; x_wconf 88' lang='lat' dir='ltr'>XXXI.</span> <span class='ocrx_word' id='word_1_90' title='bbox 257 2884 318 2940; x_wconf 75' lang='lat' dir='ltr'>Aul.</span> <span class='ocrx_word' id='word_1_91' title='bbox 331 2883 399 2936; x_wconf 77' lang='lat' dir='ltr'><strong>Geli.</strong></span> <span class='ocrx_word' id='word_1_92' title='bbox 408 2887 458 2954; x_wconf 90' lang='lat' dir='ltr'>III,</span> <span class='ocrx_word' id='word_1_93' title='bbox 476 2885 516 2952; x_wconf 71' lang='grc'><strong>14.</strong></span> <span class='ocrx_word' id='word_1_94' title='bbox 661 2887 999 2954; x_wconf 71' lang='lat' dir='ltr'><strong>nascinr.--Praec1ann,</strong></span> <span class='ocrx_word' id='word_1_95' title='bbox 1011 2889 1161 2946; x_wconf 80' lang='lat' dir='ltr'><strong>luculentus</strong></span> 
     </span>
     <span class='ocr_line' id='line_1_22' title="bbox 143 2964 867 3036; baseline -0.003 -18"><span class='ocrx_word' id='word_1_96' title='bbox 143 2968 251 3020; x_wconf 88' lang='lat' dir='ltr'>XXXII.</span> <span class='ocrx_word' id='word_1_97' title='bbox 265 2970 363 3031; x_wconf 76' lang='lat' dir='ltr'>varro,</span> <span class='ocrx_word' id='word_1_98' title='bbox 373 2965 407 3018; x_wconf 81' lang='lat' dir='ltr'><strong>de</strong></span> <span class='ocrx_word' id='word_1_99' title='bbox 416 2967 491 3036; x_wconf 71' lang='lat' dir='ltr'><strong>Ling.</strong></span> <span class='ocrx_word' id='word_1_100' title='bbox 501 2967 558 3018; x_wconf 77' lang='lat' dir='ltr'>Lat.</span> <span class='ocrx_word' id='word_1_101' title='bbox 569 2967 613 3017; x_wconf 85' lang='lat' dir='ltr'>IV.</span> <span class='ocrx_word' id='word_1_102' title='bbox 660 2983 691 3018; x_wconf 77' lang='lat' dir='ltr'><strong>ac</strong></span> <span class='ocrx_word' id='word_1_103' title='bbox 703 2964 867 3036; x_wconf 81' lang='lat' dir='ltr'><strong>splendidus.</strong></span> 
     </span>
     <span class='ocr_line' id='line_1_23' title="bbox 111 3045 1160 3123; baseline 0.001 -24"><span class='ocrx_word' id='word_1_104' title='bbox 111 3047 493 3101; x_wconf 69' lang='lat' dir='ltr'><strong>InterieutentianGroecorum</strong></span> <span class='ocrx_word' id='word_1_105' title='bbox 500 3047 615 3100; x_wconf 77' lang='lat' dir='ltr'><strong>refertur</strong></span> <span class='ocrx_word' id='word_1_106' title='bbox 694 3045 826 3096; x_wconf 91' lang='lat' dir='ltr'>XXXVII.</span> <span class='ocrx_word' id='word_1_107' title='bbox 838 3046 930 3098; x_wconf 69' lang='lat' dir='ltr'><strong>Festus</strong></span> <span class='ocrx_word' id='word_1_108' title='bbox 942 3069 947 3096; x_wconf 91' lang='lat'><strong>:</strong></span> <span class='ocrx_word' id='word_1_109' title='bbox 960 3047 1099 3118; x_wconf 82' lang='lat' dir='ltr'><strong>Sicyonia,</strong></span> <span class='ocrx_word' id='word_1_110' title='bbox 1113 3071 1160 3123; x_wconf 74' lang='lat' dir='ltr'><strong>ge-</strong></span> 
     </span>
     <span class='ocr_line' id='line_1_24' title="bbox 110 3122 901 3200; baseline 0.001 -21"><span class='ocrx_word' id='word_1_111' title='bbox 110 3129 255 3180; x_wconf 71' lang='lat' dir='ltr'><strong>versiculus</strong></span> <span class='ocrx_word' id='word_1_112' title='bbox 263 3130 309 3200; x_wconf 89' lang='lat' dir='ltr'><strong>qui</strong></span> <span class='ocrx_word' id='word_1_113' title='bbox 320 3127 410 3180; x_wconf 80' lang='lat' dir='ltr'><strong>locum</strong></span> <span class='ocrx_word' id='word_1_114' title='bbox 420 3127 490 3180; x_wconf 78' lang='lat' dir='ltr'>hunc.</span> <span class='ocrx_word' id='word_1_115' title='bbox 503 3146 557 3180; x_wconf 87' lang='lat' dir='ltr'><strong>non</strong></span> <span class='ocrx_word' id='word_1_116' title='bbox 567 3147 613 3199; x_wconf 83' lang='lat' dir='ltr'><strong>pa·</strong></span> <span class='ocrx_word' id='word_1_117' title='bbox 658 3141 708 3176; x_wconf 74' lang='lat' dir='ltr'><strong>nus</strong></span> <span class='ocrx_word' id='word_1_118' title='bbox 720 3122 901 3176; x_wconf 69' lang='lat' dir='ltr'><strong>calceamenti·</strong></span> 
     </span>
     <span class='ocr_line' id='line_1_25' title="bbox 111 3204 1160 3274; baseline 0.005 -17"><span class='ocrx_word' id='word_1_119' title='bbox 111 3225 168 3264; x_wconf 83' lang='lat' dir='ltr'><strong>rum</strong></span> <span class='ocrx_word' id='word_1_120' title='bbox 180 3206 309 3258; x_wconf 72' lang='lat' dir='ltr'><strong>illustrat:</strong></span> <span class='ocrx_word' id='word_1_121' title='bbox 324 3214 376 3266; x_wconf 61' lang='grc' dir='ltr'><strong>Βίας</strong></span> <span class='ocrx_word' id='word_1_122' title='bbox 384 3209 486 3258; x_wconf 64' lang='lat' dir='ltr'><strong>anisum</strong></span> <span class='ocrx_word' id='word_1_123' title='bbox 499 3208 518 3257; x_wconf 77' lang='grc' dir='ltr'><strong>δ’</strong></span> <span class='ocrx_word' id='word_1_124' title='bbox 531 3209 555 3265; x_wconf 74' lang='grc' dir='ltr'><strong>ὃς</strong></span> <span class='ocrx_word' id='word_1_125' title='bbox 568 3212 611 3274; x_wconf 69' lang='grc' dir='ltr'><strong>βίᾳ</strong></span> <span class='ocrx_word' id='word_1_126' title='bbox 690 3204 833 3256; x_wconf 89' lang='lat' dir='ltr'>XXXVIII.</span> <span class='ocrx_word' id='word_1_127' title='bbox 844 3205 951 3258; x_wconf 73' lang='lat' dir='ltr'><strong>Festus:</strong></span> <span class='ocrx_word' id='word_1_128' title='bbox 964 3205 1039 3260; x_wconf 73' lang='lat' dir='ltr'><strong>Solio</strong></span> <span class='ocrx_word' id='word_1_129' title='bbox 1047 3208 1115 3262; x_wconf 80' lang='lat' dir='ltr'><strong>Osce</strong></span> <span class='ocrx_word' id='word_1_130' title='bbox 1123 3209 1160 3262; x_wconf 89' lang='lat' dir='ltr'><strong>di-</strong></span> 
     </span>
     <span class='ocr_line' id='line_1_26' title="bbox 109 3282 1157 3355; baseline 0.006 -18"><span class='ocrx_word' id='word_1_131' title='bbox 109 3295 236 3355; x_wconf 67' lang='grc' dir='ltr'><strong>πορίζεται.</strong></span> <span class='ocrx_word' id='word_1_132' title='bbox 656 3287 724 3336; x_wconf 84' lang='lat' dir='ltr'><strong>citur</strong></span> <span class='ocrx_word' id='word_1_133' title='bbox 733 3282 776 3350; x_wconf 89' lang='lat' dir='ltr'><strong>id,</strong></span> <span class='ocrx_word' id='word_1_134' title='bbox 785 3282 857 3355; x_wconf 86' lang='lat' dir='ltr'><strong>quod</strong></span> <span class='ocrx_word' id='word_1_135' title='bbox 868 3303 916 3336; x_wconf 82' lang='lat' dir='ltr'><strong>nos</strong></span> <span class='ocrx_word' id='word_1_136' title='bbox 927 3298 1012 3336; x_wconf 72' lang='lat' dir='ltr'><strong>totum</strong></span> <span class='ocrx_word' id='word_1_137' title='bbox 1021 3307 1157 3343; x_wconf 77' lang='lat' dir='ltr'><strong>vocamus.</strong></span> 
     </span>
     <span class='ocr_line' id='line_1_27' title="bbox 142 3365 1155 3438; baseline 0.005 -20"><span class='ocrx_word' id='word_1_138' title='bbox 142 3367 262 3418; x_wconf 86' lang='lat' dir='ltr'>XXXIII.</span> <span class='ocrx_word' id='word_1_139' title='bbox 273 3367 494 3438; x_wconf 76' lang='lat' dir='ltr'><strong>Varro,deLing.</strong></span> <span class='ocrx_word' id='word_1_140' title='bbox 502 3367 610 3419; x_wconf 66' lang='lat' dir='ltr'>Lanvl.</span> <span class='ocrx_word' id='word_1_141' title='bbox 655 3365 736 3417; x_wconf 75' lang='lat' dir='ltr'><strong>Suasa</strong></span> <span class='ocrx_word' id='word_1_142' title='bbox 755 3383 860 3436; x_wconf 74' lang='lat' dir='ltr'><strong>quoquc</strong></span> <span class='ocrx_word' id='word_1_143' title='bbox 880 3382 904 3415; x_wconf 88' lang='grc' dir='ltr'><strong>ο.</strong></span> <span class='ocrx_word' id='word_1_144' title='bbox 926 3365 951 3416; x_wconf 87' lang='lat' dir='ltr'><strong>d.</strong></span> <span class='ocrx_word' id='word_1_145' title='bbox 974 3384 1027 3418; x_wconf 74' lang='lat' dir='ltr'><strong>non</strong></span> <span class='ocrx_word' id='word_1_146' title='bbox 1045 3367 1112 3421; x_wconf 67' lang='lat' dir='ltr'><em>solla</em></span> <span class='ocrx_word' id='word_1_147' title='bbox 1131 3372 1155 3422; x_wconf 85' lang='lat' dir='ltr'><strong>d.</strong></span> 
     </span>
     <span class='ocr_line' id='line_1_28' title="bbox 110 3444 856 3520; baseline -0.008 -22"><span class='ocrx_word' id='word_1_148' title='bbox 110 3448 276 3520; x_wconf 75' lang='lat' dir='ltr'><strong>-Maquus,</strong></span> <span class='ocrx_word' id='word_1_149' title='bbox 289 3444 414 3512; x_wconf 73' lang='lat' dir='ltr'><strong>stolidus,</strong></span> <span class='ocrx_word' id='word_1_150' title='bbox 424 3459 452 3497; x_wconf 85' lang='lat' dir='ltr'><strong>ut</strong></span> <span class='ocrx_word' id='word_1_151' title='bbox 461 3444 612 3516; x_wconf 70' lang='grc' dir='ltr'><strong>μέγαςεριιά</strong></span> <span class='ocrx_word' id='word_1_152' title='bbox 656 3445 674 3493; x_wconf 88' lang='lat' dir='ltr'><strong>i.</strong></span> <span class='ocrx_word' id='word_1_153' title='bbox 687 3461 710 3493; x_wconf 85' lang='lat' dir='ltr'>e.</span> <span class='ocrx_word' id='word_1_154' title='bbox 726 3461 780 3493; x_wconf 89' lang='lat' dir='ltr'><strong>non</strong></span> <span class='ocrx_word' id='word_1_155' title='bbox 791 3455 856 3493; x_wconf 75' lang='lat' dir='ltr'>tota.</span> 
     </span>
     <span class='ocr_line' id='line_1_29' title="bbox 110 3522 1155 3598; baseline 0.003 -22"><span class='ocrx_word' id='word_1_156' title='bbox 110 3526 323 3598; x_wconf 72' lang='lat' dir='ltr'><strong>Aristophanem.</strong></span> <span class='ocrx_word' id='word_1_157' title='bbox 345 3555 381 3568; x_wconf 87' lang='grc'><strong>--</strong></span> <span class='ocrx_word' id='word_1_158' title='bbox 397 3529 478 3580; x_wconf 77' lang='lat' dir='ltr'><strong>Canes</strong></span> <span class='ocrx_word' id='word_1_159' title='bbox 496 3540 521 3577; x_wconf 86' lang='lat' dir='ltr'><strong>et</strong></span> <span class='ocrx_word' id='word_1_160' title='bbox 540 3526 612 3578; x_wconf 78' lang='lat' dir='ltr'><strong>canis</strong></span> <span class='ocrx_word' id='word_1_161' title='bbox 690 3523 810 3573; x_wconf 87' lang='lat' dir='ltr'>XXXIX.</span> <span class='ocrx_word' id='word_1_162' title='bbox 819 3524 920 3587; x_wconf 70' lang='lat' dir='ltr'><strong>Festus,</strong></span> <span class='ocrx_word' id='word_1_163' title='bbox 928 3522 955 3572; x_wconf 88' lang='lat' dir='ltr'><strong>in</strong></span> <span class='ocrx_word' id='word_1_164' title='bbox 962 3540 1027 3574; x_wconf 74' lang='lat' dir='ltr'>voce</span> <span class='ocrx_word' id='word_1_165' title='bbox 1035 3543 1155 3598; x_wconf 79' lang='lat' dir='ltr'><strong>nequam:</strong></span> 
     </span>
     <span class='ocr_line' id='line_1_30' title="bbox 111 3601 1158 3676; baseline 0.006 -22"><span class='ocrx_word' id='word_1_166' title='bbox 111 3605 186 3658; x_wconf 82' lang='lat' dir='ltr'><strong>idem.</strong></span> <span class='ocrx_word' id='word_1_167' title='bbox 655 3601 802 3672; x_wconf 67' lang='lat' dir='ltr'><strong>significare</strong></span> <span class='ocrx_word' id='word_1_168' title='bbox 815 3604 852 3654; x_wconf 80' lang='lat' dir='ltr'><strong>ait</strong></span> <span class='ocrx_word' id='word_1_169' title='bbox 866 3602 970 3656; x_wconf 80' lang='lat' dir='ltr'><strong>Sinnius</strong></span> <span class='ocrx_word' id='word_1_170' title='bbox 987 3605 1094 3676; x_wconf 76' lang='lat' dir='ltr'><strong>Capito,</strong></span> <span class='ocrx_word' id='word_1_171' title='bbox 1109 3629 1158 3662; x_wconf 82' lang='lat' dir='ltr'><strong>ne-</strong></span> 
     </span>
     <span class='ocr_line' id='line_1_31' title="bbox 142 3684 1158 3755; baseline 0.001 -17"><span class='ocrx_word' id='word_1_172' title='bbox 142 3686 262 3738; x_wconf 84' lang='lat' dir='ltr'>XXXIV.</span> <span class='ocrx_word' id='word_1_173' title='bbox 272 3687 364 3738; x_wconf 71' lang='lat' dir='ltr'><strong>Festus</strong></span> <span class='ocrx_word' id='word_1_174' title='bbox 374 3706 381 3736; x_wconf 74' lang='grc' dir='ltr'><strong>ε</strong></span> <span class='ocrx_word' id='word_1_175' title='bbox 392 3703 522 3755; x_wconf 77' lang='lat' dir='ltr'><strong>me‚pr0:</strong></span> <span class='ocrx_word' id='word_1_176' title='bbox 534 3685 609 3738; x_wconf 78' lang='lat' dir='ltr'><strong>milii.</strong></span> <span class='ocrx_word' id='word_1_177' title='bbox 656 3701 736 3755; x_wconf 78' lang='lat' dir='ltr'><strong>quam</strong></span> <span class='ocrx_word' id='word_1_178' title='bbox 746 3701 805 3735; x_wconf 76' lang='lat' dir='ltr'><strong>esse</strong></span> <span class='ocrx_word' id='word_1_179' title='bbox 818 3701 927 3750; x_wconf 78' lang='lat' dir='ltr'><strong>aurum,</strong></span> <span class='ocrx_word' id='word_1_180' title='bbox 944 3684 1015 3754; x_wconf 85' lang='lat' dir='ltr'><strong>quud</strong></span> <span class='ocrx_word' id='word_1_181' title='bbox 1025 3703 1102 3739; x_wconf 76' lang='lat' dir='ltr'><strong>aures</strong></span> <span class='ocrx_word' id='word_1_182' title='bbox 1113 3687 1158 3743; x_wconf 77' lang='lat' dir='ltr'><strong>Ioe-</strong></span> 
     </span>
     <span class='ocr_line' id='line_1_32' title="bbox 142 3762 1155 3832; baseline 0.001 -14"><span class='ocrx_word' id='word_1_183' title='bbox 142 3767 252 3818; x_wconf 81' lang='lat' dir='ltr'>XXXV.</span> <span class='ocrx_word' id='word_1_184' title='bbox 276 3767 369 3820; x_wconf 73' lang='lat' dir='ltr'><strong>Festus</strong></span> <span class='ocrx_word' id='word_1_185' title='bbox 390 3787 395 3816; x_wconf 91' lang='lat'><strong>:</strong></span> <span class='ocrx_word' id='word_1_186' title='bbox 421 3765 550 3816; x_wconf 80' lang='lat' dir='ltr'><strong>Bubinare</strong></span> <span class='ocrx_word' id='word_1_187' title='bbox 571 3777 612 3816; x_wconf 72' lang='lat' dir='ltr'><strong>est</strong></span> <span class='ocrx_word' id='word_1_188' title='bbox 656 3762 717 3828; x_wconf 70' lang='lat' dir='ltr'><strong>dut,</strong></span> <span class='ocrx_word' id='word_1_189' title='bbox 735 3762 775 3815; x_wconf 78' lang='lat' dir='ltr'><strong>vei</strong></span> <span class='ocrx_word' id='word_1_190' title='bbox 796 3781 877 3832; x_wconf 87' lang='lat' dir='ltr'><strong>quum</strong></span> <span class='ocrx_word' id='word_1_191' title='bbox 892 3762 1007 3830; x_wconf 73' lang='lat' dir='ltr'><strong>pondere</strong></span> <span class='ocrx_word' id='word_1_192' title='bbox 1025 3765 1155 3819; x_wconf 84' lang='lat' dir='ltr'><strong>inaurium</strong></span> 
     </span>
     <span class='ocr_line' id='line_1_33' title="bbox 112 3840 1156 3913; baseline 0.003 -20"><span class='ocrx_word' id='word_1_193' title='bbox 112 3859 244 3896; x_wconf 81' lang='lat' dir='ltr'><strong>menstruo</strong></span> <span class='ocrx_word' id='word_1_194' title='bbox 262 3845 403 3897; x_wconf 82' lang='lat' dir='ltr'><strong>mulierum</strong></span> <span class='ocrx_word' id='word_1_195' title='bbox 423 3840 552 3912; x_wconf 65' lang='lat' dir='ltr'><strong>sanguine</strong></span> <span class='ocrx_word' id='word_1_196' title='bbox 567 3844 609 3894; x_wconf 89' lang='lat' dir='ltr'><strong>in·</strong></span> <span class='ocrx_word' id='word_1_197' title='bbox 656 3841 810 3896; x_wconf 77' lang='lat' dir='ltr'><strong>mollissima</strong></span> <span class='ocrx_word' id='word_1_198' title='bbox 823 3861 885 3913; x_wconf 75' lang='lat' dir='ltr'><strong>pars</strong></span> <span class='ocrx_word' id='word_1_199' title='bbox 898 3845 965 3895; x_wconf 70' lang='lat' dir='ltr'><strong>nutis</strong></span> <span class='ocrx_word' id='word_1_200' title='bbox 974 3842 1108 3911; x_wconf 73' lang='lat' dir='ltr'><strong>inciditur,</strong></span> <span class='ocrx_word' id='word_1_201' title='bbox 1116 3847 1156 3897; x_wconf 84' lang='lat' dir='ltr'><strong>vei</strong></span> 
     </span>
     <span class='ocr_line' id='line_1_34' title="bbox 112 3921 1156 3995; baseline 0.001 -22"><span class='ocrx_word' id='word_1_202' title='bbox 112 3924 235 3992; x_wconf 71' lang='lat' dir='ltr'><strong>quinare3</strong></span> <span class='ocrx_word' id='word_1_203' title='bbox 258 3924 443 3990; x_wconf 74' lang='lat' dir='ltr'><strong>imbuibituoe,</strong></span> <span class='ocrx_word' id='word_1_204' title='bbox 462 3937 501 3976; x_wconf 79' lang='lat' dir='ltr'><strong>est</strong></span> <span class='ocrx_word' id='word_1_205' title='bbox 514 3922 610 3995; x_wconf 82' lang='lat' dir='ltr'><strong>puerili</strong></span> <span class='ocrx_word' id='word_1_206' title='bbox 655 3941 686 3976; x_wconf 82' lang='lat' dir='ltr'><strong>ex</strong></span> <span class='ocrx_word' id='word_1_207' title='bbox 701 3939 766 3973; x_wconf 83' lang='lat' dir='ltr'><strong>nuru</strong></span> <span class='ocrx_word' id='word_1_208' title='bbox 786 3921 896 3992; x_wconf 72' lang='lat' dir='ltr'><strong>intelligi</strong></span> <span class='ocrx_word' id='word_1_209' title='bbox 909 3922 1061 3992; x_wconf 66' lang='lat' dir='ltr'><strong>pecnnkuu,</strong></span> <span class='ocrx_word' id='word_1_210' title='bbox 1080 3926 1156 3992; x_wconf 80' lang='lat' dir='ltr'><strong>cujus</strong></span> 
     </span>
     <span class='ocr_line' id='line_1_35' title="bbox 111 3999 1157 4077; baseline 0 -25"><span class='ocrx_word' id='word_1_211' title='bbox 111 4015 224 4055; x_wconf 77' lang='lat' dir='ltr'><strong>stercore</strong></span> <span class='ocrx_word' id='word_1_212' title='bbox 236 4005 386 4077; x_wconf 79' lang='lat' dir='ltr'><strong>inquinare.</strong></span> <span class='ocrx_word' id='word_1_213' title='bbox 653 4013 776 4073; x_wconf 80' lang='lat' dir='ltr'><strong>respectu</strong></span> <span class='ocrx_word' id='word_1_214' title='bbox 789 4013 815 4053; x_wconf 83' lang='lat' dir='ltr'><strong>et</strong></span> <span class='ocrx_word' id='word_1_215' title='bbox 824 4001 904 4056; x_wconf 79' lang='lat' dir='ltr'><strong>nimia</strong></span> <span class='ocrx_word' id='word_1_216' title='bbox 923 4000 1065 4072; x_wconf 78' lang='lat' dir='ltr'><strong>cupiditate</strong></span> <span class='ocrx_word' id='word_1_217' title='bbox 1075 3999 1157 4052; x_wconf 85' lang='lat' dir='ltr'><strong>humi·</strong></span> 
     </span>
     <span class='ocr_line' id='line_1_36' title="bbox 143 4079 1155 4153; baseline -0.002 -22"><span class='ocrx_word' id='word_1_218' title='bbox 143 4081 261 4134; x_wconf 86' lang='lat' dir='ltr'>XXXVI.</span> <span class='ocrx_word' id='word_1_219' title='bbox 282 4083 394 4135; x_wconf 73' lang='lat' dir='ltr'><strong>Festus:</strong></span> <span class='ocrx_word' id='word_1_220' title='bbox 407 4082 515 4153; x_wconf 60' lang='lat' dir='ltr'><strong>Samus,</strong></span> <span class='ocrx_word' id='word_1_221' title='bbox 529 4082 609 4152; x_wconf 68' lang='lat' dir='ltr'><strong>piscis</strong></span> <span class='ocrx_word' id='word_1_222' title='bbox 653 4101 701 4136; x_wconf 83' lang='lat' dir='ltr'><strong>nes</strong></span> <span class='ocrx_word' id='word_1_223' title='bbox 714 4081 748 4133; x_wconf 78' lang='lat' dir='ltr'><strong>ad</strong></span> <span class='ocrx_word' id='word_1_224' title='bbox 756 4080 922 4152; x_wconf 78' lang='lat' dir='ltr'><strong>peccandum</strong></span> <span class='ocrx_word' id='word_1_225' title='bbox 936 4079 1155 4132; x_wconf 79' lang='lat' dir='ltr'><strong>adducuntur.-</strong></span> 
     </span>
     <span class='ocr_line' id='line_1_37' title="bbox 110 4160 1040 4234; baseline -0.002 -24"><span class='ocrx_word' id='word_1_226' title='bbox 110 4176 206 4226; x_wconf 78' lang='lat' dir='ltr'><strong>genus‚</strong></span> <span class='ocrx_word' id='word_1_227' title='bbox 231 4162 318 4233; x_wconf 87' lang='lat' dir='ltr'><strong>quiin</strong></span> <span class='ocrx_word' id='word_1_228' title='bbox 333 4163 458 4234; x_wconf 72' lang='lat' dir='ltr'><strong>AEflyptio</strong></span> <span class='ocrx_word' id='word_1_229' title='bbox 477 4162 544 4213; x_wconf 81' lang='lat' dir='ltr'><strong>mari</strong></span> <span class='ocrx_word' id='word_1_230' title='bbox 555 4162 610 4214; x_wconf 78' lang='lat' dir='ltr'><strong>iere</strong></span> <span class='ocrx_word' id='word_1_231' title='bbox 654 4162 746 4227; x_wconf 75' lang='lat' dir='ltr'><strong>Auris,</strong></span> <span class='ocrx_word' id='word_1_232' title='bbox 761 4179 810 4231; x_wconf 79' lang='lat' dir='ltr'><strong>pro</strong></span> <span class='ocrx_word' id='word_1_233' title='bbox 824 4182 830 4210; x_wconf 91' lang='lat'>:</span> <span class='ocrx_word' id='word_1_234' title='bbox 846 4160 945 4226; x_wconf 76' lang='lat' dir='ltr'><strong>aureis,</strong></span> <span class='ocrx_word' id='word_1_235' title='bbox 959 4176 1040 4210; x_wconf 81' lang='lat' dir='ltr'>aures.</span> 
     </span>
    </p>
   </div>
   <div class='ocr_carea' id='block_1_8' title="bbox 945 4272 1000 4315">
    <p class='ocr_par' dir='ltr' id='par_1_14' title="bbox 945 4272 1000 4315">
     <span class='ocr_line' id='line_1_38' title="bbox 945 4272 1000 4315; baseline 0 -1"><span class='ocrx_word' id='word_1_236' title='bbox 945 4272 1000 4315; x_wconf 77' lang='lat'><strong>20.</strong></span> 
     </span>
    </p>
   </div>
   <div class='ocr_carea' id='block_1_9' title="bbox 0 0 1524 4932">
    <p class='ocr_par' dir='ltr' id='par_1_15' title="bbox 0 0 1524 4932">
     <span class='ocr_line' id='line_1_39' title="bbox 0 0 1524 4932; baseline 0 0"><span class='ocrx_word' id='word_1_237' title='bbox 0 0 1524 4932; x_wconf 95' lang='lat' dir='ltr'><strong> </strong></span> 
     </span>
    </p>
   </div>
  </div>
 </body>
</html>
