3148 4950
375 382 440 446 510
736 379 796 442 DE
821 377 1052 444 strtnlcts

374 508 536 574 Pacuvius
557 521 591 572 et
612 504 775 569 Ennius.»
799 507 986 572 Pacuviana
1007 503 1144 598 quidem
1165 523 1340 574 servarunt
1356 511 1399 574 Ci-

373 641 450 687 cero
471 615 524 702 (de
541 619 614 682 Div.
631 621 660 696 i,
674 615 734 704 57,
753 630 787 682 et
802 615 845 681 ad
863 621 984 682 Heren.
999 621 1047 698 lt,
1066 617 1138 702 23),
1152 615 1280 684 Gellius
1294 623 1336 704 (Ι,
1350 627 1398 702 24,

373 727 1399 814 11,26;1v,17;1x,143x111,2‚8‚29;xtv,1),etatti:

373 836 432 906 sed
445 837 517 904 haec
535 835 772 929 tragoediarum
785 834 857 928 ejus
877 836 929 903 vcl
946 840 1239 929 epigrammatum,
1258 863 1322 906 non
1337 843 1401 906 sati·

372 977 502 1033 rarum,
517 951 704 1043 fragmenta
718 966 798 1017 sunt
812 967 845 1017 et
862 949 961 1018 tituli.
978 955 1026 1017 De
1045 954 1178 1041 ingenio
1197 951 1287 1018 illius
1305 955 1347 1018 ita
1356 949 1401 1044 ju-

371 1061 740 1147 dicavitQuintilianus,
754 1067 833 1128 lost.
846 1065 937 1129 Orat.
952 1067 998 1142 X,
1016 1085 1027 1127 1
1042 1089 1050 1128 ι
1069 1065 1154 1129 «Hic
1166 1065 1325 1153 gravitate
1336 1087 1401 1130 sen·

371 1177 567 1256 tentiarum,
592 1173 743 1265 pondere
760 1173 955 1256 verborum,
976 1175 1173 1240 auctoritate
1193 1197 1400 1266 personarum

371 1283 575 1354 clarissimus
591 1285 669 1366 fuit,
685 1289 767 1351 citra
779 1299 892 1349 tamen
906 1284 1060 1349 nitorem.
1073 1313 1086 1342 r

416 1397 561 1480 Quinam
575 1409 682 1486 poetae
699 1409 821 1486 praeter
833 1396 1012 1460 Pacuvium
1026 1396 1194 1460 Ennianus
1210 1395 1401 1484 conscripse

371 1509 438 1572 rint
454 1509 591 1586 Satires,
606 1529 674 1571 non
692 1503 798 1570 habeo
813 1503 934 1571 dicere.
949 1509 986 1570 ln
1003 1525 1119 1578 comm
1135 1503 1223 1572 forte
1235 1527 1399 1570 numerum

371 1629 442 1680 tum
462 1612 599 1707 quidam
617 1635 657 1681 ex
679 1617 720 1679 iis
737 1611 903 1680 referendi
924 1629 1018 1694 sunt,
1039 1635 1124 1706 quos
1144 1614 1232 1680 infra
1244 1617 1281 1680 in
1297 1611 1400 1678 Luciiii

371 1725 553 1789 imitatores
578 1725 729 1814 reposui,
756 1737 827 1788 tum
852 1721 970 1787 «tentio
992 1725 1133 1788 Nicanor
1151 1725 1399 1802 Grammaticus,

371 1835 432 1926 qui
443 1835 600 1900 Varronis
613 1855 704 1914 sevo,
717 1831 768 1896 vei
786 1821 855 1898 noir
874 1834 918 1896 ita
931 1831 1039 1897 multo
1049 1849 1126 1923 post
1136 1835 1260 1899 vixisse
1270 1829 1399 1913 videtur,

371 1960 405 2008 et
418 1940 460 2008 de
479 1965 548 2035 quo
564 1941 638 2008 haec
650 1945 820 2008 memoriae
832 1940 980 2033 prodidit
997 1945 1130 2008 Sueton.
1145 1939 1189 2008 de
1202 1942 1249 2009 ili.
1264 1946 1398 2010 Gramm.

371 2077 445 2144 cap.
460 2053 495 2118 5:
512 2056 625 2119 «Fecit
637 2069 758 2144 prater
770 2055 1040 2135 commutarim,
1053 2077 1200 2146 quorum
1212 2071 1320 2120 tamen
1332 2073 1398 2144 pars

371 2165 516 2247 marimo
529 2165 713 2254 imercepta
725 2162 858 2244 dicitur,
873 2178 907 2229 et
920 2166 1061 2230 satiram
1073 2187 1228 2258 quoquc,
1243 2165 1278 2230 iu
1293 2187 1353 2257 qua
1366 2161 1398 2226 ii·

371 2272 541 2339 bertinum
559 2297 596 2340 se
612 2297 653 2340 ac
666 2271 793 2366 duplici
816 2277 1014 2366 cognomine
1034 2297 1095 2366 per
1115 2273 1181 2342 hoc
1195 2274 1331 2341 indicat:
1347 2275 1399 2339 Sa·

372 2379 436 2450 viu'
450 2385 592 2450 Nicanor
608 2386 713 2450 Marci
734 2383 864 2451 libertu'
879 2384 1026 2476 negabit,
1043 2383 1160 2451 Saeviu'
1177 2385 1397 2452 postumianus

371 2493 476 2572 idem,
493 2493 551 2560 sod
564 2492 689 2560 Marcu'
705 2492 846 2562 docebit.
863 2525 877 2555 ι

366 2677 373 2688 ,
418 2601 467 2669 Ad
481 2605 639 2671 Ennianae
651 2607 764 2672 setina
777 2601 1028 2670 similitudinem
1041 2605 1181 2669 accessit
1193 2604 1396 2677 Varroniano,

371 2737 447 2808 quae
461 2736 576 2782 tamen
589 2739 657 2780 non
671 2717 761 2780 varia
778 2731 909 2780 tanturn
925 2730 1031 2780 metra
1043 2729 1076 2780 et
1088 2731 1303 2804 argumenta,
1316 2727 1347 2777 et
1357 2729 1398 2776 se
1414 2752 1416 2758 -

372 2829 420 2889 ria
440 2848 516 2889 cum
539 2821 641 2914 jocis,
666 2823 724 2889 sed
748 2821 938 2915 pedestrem
961 2847 1096 2917 quoqne
1121 2847 1310 2890 sermonem
1331 2841 1397 2888 eum

371 2937 500 3025 poetico
523 2950 573 3014 et,
600 2950 638 2998 ut
662 2931 849 3014 Luciliana,
876 2938 992 3001 Graeca
1015 2957 1091 3000 cum
1118 2932 1395 3001 Latiniemiscuit,

371 3042 616 3128 Quintilianus,
629 3045 686 3134 qui
699 3044 732 3107 in
746 3047 825 3110 lust.
842 3048 898 3111 Or.
914 3048 962 3125 X,
981 3069 992 3110 r
1005 3095 1013 3125 ,
1028 3047 1088 3132 93,
1100 3042 1143 3110 de
1155 3047 1261 3113 Satira
1274 3040 1397 3109 Lucilia-

371 3177 414 3218 na
433 3151 672 3242 disputaverat,
694 3175 772 3219 mox
793 3154 834 3242 95
854 3150 927 3220 haec
948 3149 1118 3244 adjungit:
1136 3153 1308 3221 «Alterum
1324 3145 1395 3217 iilud

371 3279 422 3331 cst
432 3279 464 3328 ct
475 3263 569 3354 prius
579 3266 692 3329 Satirae
704 3287 810 3353 genus
824 3263 906 3350 (scii.
918 3266 1122 3344 Ennianum,
1136 3263 1230 3358 quod
1242 3261 1395 3355 antiquius

371 3389 422 3439 est
434 3375 477 3457 ¹),
491 3370 582 3463 quod
595 3397 662 3438 non
677 3372 747 3439 sola
762 3377 949 3440 carminum
964 3377 1121 3442 varietate
1135 3374 1322 3459 (sedetiam
1336 3389 1396 3436 ota·

372 3485 486 3563 tionis,
510 3507 620 3575 prosas
644 3503 677 3551 et
699 3489 849 3552 numeris
876 3485 1061 3566 adstrictae,
1086 3483 1196 3552 iatinae
1222 3501 1256 3552 et
1276 3479 1394 3574 gracae)

370 3596 511 3660 mixtum
534 3592 683 3659 condidit
705 3596 750 3658 Μ.
778 3597 934 3661 Terentius
961 3597 1081 3672 Varro,
1111 3595 1161 3658 vir
1183 3600 1396 3661 Romanorum

408 3759 430 3794 t.
442 3744 571 3795 Gesnerus
584 3741 617 3793 ad
634 3745 741 3810 Quintil.
754 3745 771 3796 Ι.
787 3745 803 3796 i.
817 3765 867 3817 pu·
913 3757 980 3797 serta
992 3743 1173 3797 contradicere
1189 3747 1237 3812 iis,
1252 3763 1306 3816 quae
1322 3737 1356 3802 X,
1370 3751 1394 3796 ¹2

369 3821 456 3888 tabat,
474 3822 545 3892 prius
562 3839 645 3894 penus
663 3821 706 3874 hic
727 3821 778 3874 dici
801 3841 868 3893 prae-
913 3823 1246 3894 93disputareritFabiur5
1258 3813 1395 3895 qundoqui-

369 3903 498 3968 stantius,
518 3899 558 3952 rei
579 3899 644 3952 ittud
663 3902 779 3972 priusex
794 3919 867 3952 com·
912 3902 970 3954 dem
993 3921 1047 3954 nou
1069 3921 1214 3974 essequam
1239 3919 1296 3954 eum
1317 3907 1393 3946 tamen

369 3979 467 4050 prndio
478 3983 548 4032 vocis
560 3981 686 4051 posterius
699 3993 782 4030 ortum
796 3998 866 4046 esse,
911 4000 965 4034 non
979 3985 1041 4034 satis
1053 3983 1192 4054 perspicue
1204 3983 1335 4054 loquutuur
1345 3987 1394 4024 esse
1435 4027 1436 4032 ,

370 4075 487 4111 nostram
500 4079 560 4110 rero
572 4059 814 4129 interpretationem
828 4057 867 4108 di·
912 4059 1076 4112 crediderint.
