3116 4934
559 482 837 548 JUVENALIS.
1147 489 1213 578 599

251 648 307 726 27..
319 623 606 707 Kutmtampianos,

171 758 423 821 membranaceus
439 771 469 818 et
487 755 620 838 ejusdem
638 757 748 819 formae
766 757 981 841 eleganterque
998 762 1146 843 scriptus,
1163 760 1214 823 sed

171 859 336 933 recentior,
349 875 449 938 neque
460 858 565 938 mogni
580 855 687 938 pretii,
698 857 753 916 etsi
768 854 915 917 lectiones
926 857 1083 918 interdum
1095 857 1218 932 exhibet

171 957 205 1016 in
230 955 297 1015 aliis
319 953 508 1014 membranis
530 952 673 1015 nondum
693 965 837 1038 repertas.
859 954 1020 1016 Consentit
1036 955 1219 1037 plerumque

171 1074 242 1112 cum
262 1051 426 1133 Lipsiensi,
448 1063 477 1110 et
496 1071 532 1109 cx
550 1050 660 1110 eodem
674 1050 778 1111 forsan
793 1049 877 1111 fonte
891 1049 988 1112 fluxit.
1002 1052 1076 1119 Fuit
1091 1051 1166 1112 olim
1185 1053 1218 1113 in

171 1148 318 1232 praeclara
336 1148 366 1207 b.
385 1146 591 1229 llulenkampi
608 1147 812 1223 bibliotheca3
828 1169 863 1208 ex
879 1170 941 1230 qua
956 1151 1009 1230 qui
1025 1170 1096 1210 euru
1113 1153 1219 1211 emerit

171 1249 294 1326 ignoro.
316 1245 412 1305 Paulo
432 1265 504 1304 vero
527 1259 598 1304 ante
621 1265 715 1326 quam
732 1243 799 1308 haec
817 1245 991 1326 Goettingse
1009 1245 1220 1323 vendebatur,

172 1341 261 1402 illum
274 1341 494 1422 benignissime
513 1340 551 1400 ad
571 1361 620 1402 me
638 1362 702 1402 una
720 1363 793 1402 cum
807 1341 913 1402 multis
931 1342 1015 1404 editt.
1036 1357 1115 1404 antt.
1136 1344 1220 1404 misit

172 1441 290 1520 Heyne,
302 1440 411 1499 unicus
423 1449 592 1523 preceptor
601 1460 686 1499 meus
698 1439 863 1522 fautorque
875 1442 1133 1521 generosissimus.

429 1608 582 1669 CODEX
602 1609 701 1670 ROB.
723 1609 959 1670 STEPHaNI.

251 1759 301 1820 28.
323 1759 417 1820 Codes
438 1769 562 1819 vetustos
574 1756 648 1821 Ros.
667 1755 810 1841 Stephani
816 1802 826 1832 ,

173 1891 258 1975 cujus
276 1896 369 1955 variae
384 1892 528 1955 lectiones
546 1894 586 1955 ed
603 1892 718 1956 calcem
737 1895 810 1955 edit.
827 1873 991 1977 Stepllani,
1005 1895 1106 1955 Lutet.
1125 1891 1222 1973 1544,

174 1993 265 2067 in-8⁰‚
279 1989 565 2074 deprehenduntur,
580 2011 648 2073 quae
664 1992 755 2052 bonae
766 1991 892 2075 quidem
905 1989 1085 2074 plerumque
1104 2005 1175 2052 sunt
1190 2005 1220 2052 et
1235 2029 1240 2040 ·

174 2089 214 2148 ab
232 2090 359 2171 optimis
375 2088 544 2149 editoribus
560 2102 698 2171 receptas.
712 2089 769 2152 Se'd
783 2087 956 2173 Stephanus
974 2111 1086 2172 paucas
1097 2101 1220 2150 tantum

174 2189 312 2248 enotavit
327 2189 376 2266 (v.
387 2208 412 2247 c.
423 2188 455 2246 in
469 2189 528 2247 Sat.
542 2187 600 2262 lx,
615 2189 640 2245 X
654 2202 683 2246 et
694 2189 765 2264 llll,
784 2208 848 2248 non
860 2188 916 2247 uisi
932 2209 1026 2248 unam
1036 2213 1047 2262 3,
1058 2188 1092 2247 iu
1104 2189 1163 2249 Sat.
1176 2189 1221 2249 lll

175 2296 205 2343 et
217 2285 288 2344 Xlll
299 2283 404 2360 binas;
419 2282 451 2341 in
467 2284 529 2343 Sat.
546 2285 575 2343 ll
590 2297 620 2344 et
633 2284 691 2344 Vll
703 2284 833 2363 trinas),
848 2304 948 2365 neque
966 2285 1067 2366 ipsum
1085 2282 1220 2345 codicem

175 2381 344 2442 accuratius
361 2380 528 2462 descripsit.
772 2389 775 2398 ¹

426 2560 474 2620 29.
495 2537 651 2599 cooux
670 2537 974 2613 melnicensis

176 2720 193 2758 e
206 2718 268 2780 quo
281 2697 459 2756 varietatem
473 2693 612 2754 lectionis
625 2707 798 2777 excerptam
813 2693 900 2754 dedit
910 2695 1091 2756 Wetstcnius
1103 2697 1136 2756 iu
1148 2696 1220 2758 edit.

177 2791 300 2855 Amstel.
317 2790 411 2868 1684,
426 2792 511 2866 in-8·‚
526 2791 581 2852 ubi
593 2803 698 2862 tamen
710 2790 837 2854 ulterior
851 2789 916 2874 ejus
931 2791 1093 2875 descriptio
1108 2792 1223 2853 frustra

177 2907 335 2973 quantur.

307 3052 399 3113 ΔΒΗ
418 3051 613 3114 CODICES
631 3051 685 3111 AB
703 3050 820 3111 ALllS
838 3051 1088 3119 MEMORATl.

179 3210 293 3269 Praeter
310 3205 384 3282 hos,
400 3228 479 3290 quos
494 3207 559 3290 jam
577 3209 730 3284 recensui,
749 3209 864 3270 codices
884 3208 943 3270 viri
960 3208 1041 3270 docti
1063 3209 1173 3290 passim
1190 3211 1223 3270 in

179 3305 406 3366 commentariis
419 3306 598 3387 scriptisque
614 3307 676 3367 suis
689 3305 858 3368 laudarunt
876 3305 952 3366 alios
972 3319 1003 3368 et
1021 3307 1119 3368 varias
1133 3327 1168 3368 er
1185 3307 1226 3366 iis

177 3402 339 3477 lectiones,
351 3400 404 3461 sed
418 3422 530 3484 paucas
547 3414 688 3479 tantum,
702 3401 913 3484 protulerunt,
926 3422 1002 3484 quus
1017 3421 1089 3483 ego,
1105 3416 1228 3486 quanto

179 3497 246 3560 fieri
261 3499 383 3582 potuit,
396 3497 500 3559 studio
513 3498 659 3579 congessi.

260 3642 309 3702 30.
331 3641 429 3704 Codex
442 3643 566 3702 Domitii
580 3639 744 3718 calderim,

181 3759 234 3839 qui
249 3758 366 3818 eumin
382 3757 610 3818 commentariis
631 3758 691 3819 suis
709 3777 939 3842 nonnunquam
953 3772 1106 3820 memorat
1120 3773 1150 3820 et
1164 3780 1233 3820 cer-

180 3854 304 3914 tissimae
317 3853 391 3914 dicit
401 3853 474 3914 fidei
485 3876 548 3915 esse
562 3874 596 3915 ac
610 3873 739 3915 summae
751 3855 916 3916 vetustatis.

261 4001 296 4061 31
312 4022 339 4062 a.
354 4000 449 4064 Codex
460 4004 490 4065 V
488 4000 556 4063 ollae
565 4045 573 4078 ‚

182 4112 426 4196 antiquissimus,
437 4115 476 4178 de
485 4136 547 4198 quo
558 4113 620 4177 vid.
633 4113 689 4176 inf.
703 4115 742 4176 ad
755 4115 818 4200 ejus
830 4117 901 4178 edit.
914 4115 1021 4176 venet.
1041 4111 1128 4188 1486.
