3038 4932
207 467 213 474 ·
322 466 387 548 us
556 468 1122 536 cnuouurnuounurl

223 669 229 682 .
322 706 448 797 Lippus
461 669 591 772 edenda
600 707 670 772 sori
683 599 973 798 assiduddlpmu'
986 729 1078 800 cepa.

324 923 455 1017 intybu'
467 941 627 1026 praeterea
638 924 780 1017 pedibus
791 821 975 1020 Edderpsit
986 931 1128 1022 equinis.

798 1040 886 1105 XIV.

324 1143 448 1212 Flebile
460 1167 541 1236 cepe
553 1143 672 1227 simul,
687 1145 950 1242 lacrymosaeque
964 1147 1082 1216 ordine
1092 1148 1191 1217 tallae.

809 1261 879 1323 XV.

327 1369 476 1446 Urceus,
489 1380 522 1433 et
535 1369 666 1455 gemine
677 1365 797 1458 longus
808 1369 978 1435 misterius
990 1391 1081 1436 ansa.

800 1483 886 1545 XVI.

327 1589 454 1665 Macte,
467 1587 623 1677 iuquam,
636 1586 758 1652 virtute
773 1585 939 1680 simulque
951 1585 1002 1652 bis
1014 1588 1168 1656 versibus
1179 1605 1271 1660 esto.

794 1699 898 1770 XVII,

328 1800 446 1868 Deficit
456 1801 543 1868 elma
555 1804 671 1884 Ceres,
687 1827 749 1872 nec
760 1802 875 1896 plebes
888 1827 975 1896 pane
987 1807 1121 1897 potitur.

787 1917 908 1978 XVIII.
1157 1921 1160 1926 ’

329 2021 494 2086 lascivire
506 2043 608 2112 pecus
618 2021 718 2114 jussit
728 2024 895 2116 rostrique
907 2021 1105 2115 repandum.

806 2135 893 2220 iux.

332 2242 511 2330 Postquam
522 2239 718 2330 praesidium
729 2244 844 2308 castris
857 2239 1000 2309 educere
1011 2245 1110 2309 crevi.

817 2353 889 2417 XX.

332 2452 441 2546 Major
452 2474 523 2522 erat
533 2472 633 2542 natu3
644 2482 714 2525 non
725 2461 836 2526 omnia
847 2481 1028 2550 possumus
1042 2485 1171 2528 omnes.

331 2637 426 2692 obesse
435 2643 589 2712 pauperiem
598 2643 669 2696 Livio
682 2663 736 2716 quo
746 2648 833 2698 minus
877 2657 954 2715 rupte
963 2643 1072 2714 legiturz
1086 2665 1147 2699 uem
1158 2648 1298 2703 interiores
1308 2652 1379 2703 tuni-

333 2719 448 2786 ingentis
461 2723 550 2772 munia
562 2721 671 2792 defungi
682 2727 775 2795 possit.
876 2741 920 2774 ces
945 2743 1098 2795 creperum,
1129 2727 1201 2779 undo
1231 2729 1378 2781 tunicatum

369 2795 424 2849 XII.
440 2799 561 2850 Nonius:
577 2802 642 2873 Cepe
656 2804 774 2855 feminini
788 2821 833 2872 ge·
876 2823 944 2876 coepe
955 2807 1080 2872 Horatio,
1092 2806 1168 2861 talias
1181 2809 1324 2862 vocabant.

335 2874 411 2924 ueris.
420 2876 578 2942 Priscianus,
589 2877 634 2929 lib.
645 2881 832 2946 Vl:Quemvis
912 2882 968 2932 XV.
989 2884 1092 2936 Nonius
1111 2908 1118 2937 r
1136 2887 1305 2956 diutarium,
1325 2905 1380 2960 quo

335 2952 508 3021 antiquissimi
518 2973 581 3025 cepa
593 2958 619 3006 in
634 2979 650 3007 a
662 2977 770 3031 quoque
782 2964 833 3013 sin·
877 2961 1026 3012 miscemus.

333 3027 419 3098 gulari
431 3029 557 3084 feminino
570 3053 665 3105 genere
682 3052 753 3091 recte
768 3057 833 3109 pro·
912 3041 980 3092 XVI.
999 3043 1124 3094 Nouiuss
1144 3045 1279 3110 Narrare,
1295 3047 1379 3116 magis

336 3107 424 3159 tulisse
436 3110 613 3165 invenIuntur.
879 3136 984 3186 augere.
994 3121 1063 3172 Hinc
1074 3123 1217 3190 Horatius,
1230 3125 1277 3177 lib.
1289 3127 1316 3191 1,
1326 3125 1380 3177 Sat.

370 3186 439 3239 XIII.
458 3191 561 3243 Nonius
578 3215 585 3244 :
604 3195 713 3265 Intybus
731 3200 834 3269 generis
881 3215 909 3260 a,
920 3216 956 3249 vs.
965 3197 998 3250 32
1009 3220 1015 3249 :
1027 3223 1039 3246 ι
1048 3202 1135 3254 Macte
1143 3203 1248 3257 Virtute
1258 3219 1329 3272 esto,
1340 3208 1382 3256 in-

336 3267 482 3320 museulini.
494 3269 641 3338 Charisius,
657 3273 703 3326 lib.
722 3279 750 3341 I,
765 3277 835 3347 inly-
881 3278 937 3348 quit
953 3283 1080 3332 sententia
1095 3281 1138 3334 die
1153 3283 1270 3336 Catonis.
1287 3309 1299 3332 ι

338 3336 384 3400 ba,
408 3353 503 3390 neutro
528 3359 632 3410 genere.
655 3345 835 3412 Quemadmo·
915 3355 995 3406 XVII.
1010 3359 1174 3414 Priscianus:
1188 3364 1287 3416 Potior.

337 3412 400 3464 dum
413 3415 522 3470 divitum
532 3420 659 3474 luxuriem
667 3436 692 3475 et
699 3429 760 3476 vitia
768 3425 835 3477 libro
916 3435 1007 3485 XVIII.
1022 3436 1145 3490 Nouius:
1159 3441 1259 3506 Pecus,
1270 3459 1327 3492 non
1340 3459 1385 3494 so-

336 3495 424 3562 priore
440 3500 579 3568 castigarat
591 3502 721 3568 Lucilius,
733 3508 768 3556 its
784 3504 837 3556 boc
883 3509 937 3562 lum
946 3511 1097 3583 quadrupes
1107 3517 1218 3583 animal,
1228 3537 1320 3571 verum
1331 3537 1386 3571 om·

337 3568 404 3621 libro
425 3571 458 3624 de
475 3577 527 3628 vita
546 3597 576 3630 ac
593 3581 663 3631 victu
679 3585 837 3636 rusticorum
881 3591 925 3639 niu
936 3591 1058 3644 animalis
1068 3595 1183 3664 pecudes
1193 3611 1332 3650 vocantur.
1344 3599 1386 3652 Ibi
1455 3620 1462 3632 ·

338 3649 422 3717 eglese
435 3651 553 3718 videtum
564 3675 624 3708 nam
635 3659 769 3713 Charisius
779 3679 838 3712 euc-
882 3668 998 3722 Lucilius
1007 3668 1145 3744 designare
1154 3676 1209 3728 vult
1221 3676 1384 3749 delphinern.

340 3739 382 3775 tor
405 3741 445 3779 est
467 3747 527 3781 eurn
553 3732 714 3787 deridentem
736 3757 837 3790 eoenam
917 3749 986 3801 XIX.
1001 3751 1122 3806 Nonius:
1140 3758 1386 3822 &rammi-mm

341 3805 464 3856 rusticam
477 3809 564 3862 multis
578 3810 666 3864 herbis
680 3819 837 3871 enumeratis
884 3824 1031 3896 disponere.

339 3879 411 3932 hunc
423 3903 525 3936 versum
538 3887 643 3939 tandem
656 3889 796 3945 addidisse.
918 3905 975 3956 XX.
988 3907 1149 3976 Macrobius,
1158 3910 1281 3979 librovl,
1291 3933 1351 3987 cep-
1364 3931 1388 3981 1,

376 3963 442 4016 XIV.
455 3965 532 4017 Talia
538 4007 547 4033 ,
558 3968 611 4020 nllii
625 3968 788 4042 folliculum,
799 3976 838 4026 vel
883 3981 986 4035 Sarum.
1004 3985 1037 4038 ad
1052 3987 1119 4042 illud
1133 3991 1231 4062 virgil,¹
1240 3993 1297 4046 Bel,
1313 3997 1387 4059 vm,

340 4061 415 4112 cepe.
433 4047 474 4096 Sic
493 4047 639 4101 emendavit
656 4052 772 4120 Scaliger
788 4074 838 4126 pro
883 4077 920 4110 vs.
936 4061 985 4114 63:

341 4120 415 4188 quod
439 4124 516 4198 talpae
543 4129 614 4198 apud
640 4131 756 4186 Nonium
781 4153 839 4212 cor·
883 4155 1390 4219 ustie,l>iefides;nmcmnirpommusomuee
