3006 4934
365 404 415 468 ru
440 402 652 474 samarit
676 405 948 472 secuuntur.
1137 412 1178 497 a7

131 529 199 582 lucis
208 525 410 597 evitandumque
422 525 546 580 bidental.
555 524 671 581 -Nibil
680 524 749 583 ultra
762 526 825 583 dixit
836 547 915 600 quam
925 549 959 582 au
973 532 1036 602 quia
1050 549 1103 586 non
1110 537 1183 606 jaces

129 623 264 677 poemussus
272 603 408 676 fulmina·
420 605 580 656 sententiam
590 623 654 657 veru
669 607 794 680 expressit
811 625 842 660 ex
854 607 907 660 ritu
920 611 1047 680 antiquo,
1061 627 1115 682 quo
1128 612 1183 664 tut-

131 687 227 756 guriti,
238 681 278 736 rel
290 684 349 735 loca
360 684 472 736 fulmine
485 697 567 750 tacta,
580 703 612 736 ea
621 685 790 737 Etruscorum
803 706 877 740 urore
890 702 916 740 et
927 691 1047 742 instituto
1058 711 1184 763 procura·

131 764 357 818 lentur-rtem
367 766 469 828 ouium,
483 766 549 816 extis
562 783 687 817 caesarum
699 766 877 833 victimarum,
892 788 948 842 quar
963 771 1181 844 inspiciebantur.

133 847 315 921 -Erpeuna‚
332 863 431 896 nomen
446 845 550 898 Etrusci
567 845 729 913 sacerdotis,
749 850 793 920 qui
808 867 862 920 quo
877 867 951 902 ruore
965 850 1071 922 fulgura
1085 853 1184 906 conde-

133 938 224 977 rentur
235 926 359 994 jusserat.
377 923 473 976 Forma
488 925 602 976 nominis
617 925 746 992 Etrusca,
766 940 795 976 ut
812 929 961 997 Porsenna,
979 929 1105 998 Sisenna,
1124 935 1183 984 l‘er·

131 1025 234 1078 penam
247 1017 274 1056 et
289 1004 394 1056 similia.
404 1033 439 1044 -
451 1001 549 1071 Triste,
567 1003 630 1055 mali
647 1006 758 1073 ominis,
771 1020 921 1058 mutuatum
936 1006 970 1062 ab
987 1011 1111 1078 Horatio,
1126 1013 1182 1063 Art.

129 1088 204 1138 Poet.
217 1102 284 1136 vers.
299 1083 347 1156 471
365 1105 371 1134 :
391 1105 419 1134 ι.
433 1124 438 1134 .
451 1124 456 1134 .
469 1123 475 1134 .
488 1124 493 1134 .
505 1103 538 1134 au
554 1087 626 1136 triste
642 1082 759 1146 bidental
770 1087 882 1139 Moverit
897 1091 1021 1142 incestus.
1034 1114 1044 1137 ι
1061 1120 1096 1129 —
1110 1093 1185 1144 Jnccs

129 1167 210 1217 traxit
233 1163 408 1217 Casaubouus
427 1163 462 1215 ad
481 1163 567 1236 legem
585 1163 695 1216 Cascam
717 1165 826 1235 Numae,
848 1186 899 1242 qua
922 1168 1076 1241 fulguritum
1095 1169 1183 1224 humi-

129 1264 192 1297 nem
210 1246 238 1298 in
254 1263 341 1316 genua
357 1244 414 1296 tolli
429 1243 569 1296 vetabatur
585 1265 590 1294 :
611 1246 688 1298 nimis
704 1259 798 1318 arguta
814 1246 920 1300 videtur
936 1267 967 1301 ea
988 1253 1185 1322 interpretatio,

128 1342 214 1396 quum
225 1323 380 1394 simpliciter
391 1321 443 1377 dici
453 1323 536 1376 soleat
539 1326 629 1396 jacere
642 1322 675 1375 de
686 1323 808 1396 quolibet
821 1327 920 1377 occiso.
930 1328 1052 1381 -lueis
1063 1328 1186 1402 intelligit

128 1405 227 1474 Koenig
240 1403 273 1454 de
289 1404 355 1472 ipsis
373 1403 493 1475 templis,
509 1402 556 1454 ubi
568 1415 628 1454 vota
643 1403 725 1455 faciat
740 1407 837 1475 impius
852 1419 989 1476 precator,
1005 1421 1031 1459 et
1045 1409 1072 1460 in
1087 1409 1185 1480 quibus

127 1485 242 1537 fulmine
260 1497 347 1535 tactus
357 1485 469 1556 jaceat=
490 1482 542 1536 dici
561 1502 623 1535 vero
644 1501 750 1558 quoque
767 1497 855 1558 potest
869 1485 902 1538 de
915 1485 1036 1558 quolibet
1048 1488 1124 1556 loco,
1139 1489 1186 1540 ubi

127 1564 244 1618 fulmine
259 1576 409 1635 prostratus
420 1565 514 1630 luerit,
528 1565 573 1640 qui
590 1563 691 1615 nefaria
705 1565 797 1617 lovem
814 1569 942 1632 oraverit,
960 1580 987 1618 et
999 1567 1045 1619 ubi
1059 1569 1186 1622 sacrificia

129 1643 197 1696 fiant
214 1658 241 1696 et
256 1644 419 1696 carimoniae.
431 1644 498 1696 Nam
510 1642 583 1696 lucus
593 1655 632 1696 est
642 1662 745 1696 sacrum
756 1663 866 1713 nemus,
878 1646 1022 1717 quilibetve
1033 1645 1101 1700 alius
1112 1648 1187 1704 locus

129 1743 221 1789 sacer,
238 1737 285 1776 aut
298 1739 427 1776 sacratus.
438 1724 697 1796 -Evitandumque
713 1722 837 1776 bidental.
857 1726 967 1796 Proprie
983 1725 1099 1778 bidental
1112 1727 1187 1779 loeus

129 1818 172 1856 est
182 1803 335 1874 fulguritas,
346 1823 424 1876 quem
435 1801 571 1874 fulgurum
582 1817 771 1874 procuratores
783 1806 856 1857 casis
868 1804 1022 1859 bidentibus
1033 1805 1188 1878 expiabant,

130 1896 158 1936 et
166 1885 419 1956 circumsepiebant,
427 1883 947 1956 etreligionibusconsecrabant,nequis
955 1885 1187 1958 attingeretQuod

129 1967 152 2016 si
160 1966 220 2036 quis
228 1966 328 2018 faceret
334 2003 343 2030 ,
352 1983 410 2017 sese
418 1963 626 2016 conscelerabat.
635 1963 714 2016 Unde
722 1965 812 2018 Horat.
820 2004 828 2032 ,
836 1963 896 2018 loco
902 1968 956 2035 jam
966 1967 1088 2038 superius
1096 1968 1187 2034 citato,

131 2043 198 2096 dixit
207 2045 332 2106 moverit,·
342 2043 414 2096 uude
426 2045 523 2095 Noster
535 2043 599 2095 dicit
610 2043 769 2096 oriundum.
782 2045 888 2097 Dictum
901 2059 939 2098 est
952 2060 1040 2098 autern
1055 2045 1184 2112 bidental,

133 2125 208 2196 qnod
222 2127 248 2178 in
263 2145 295 2176 eo
311 2125 454 2178 bidentibus
465 2123 657 2188 sacrificarent,
672 2127 708 2177 nit
722 2125 829 2194 Festus,
845 2126 939 2178 ovibus
955 2126 1069 2193 scilicet,
1083 2140 1143 2195 aut,
1157 2141 1186 2178 ut

130 2202 178 2254 alii
198 2203 303 2271 solunt,
320 2203 432 2256 victimis
452 2200 616 2275 quibuslibet
634 2203 748 2256 bienniae
765 2207 857 2256 astatis.
873 2206 922 2256 Hic
938 2223 1001 2256 vero
1017 2207 1122 2258 Persius
1135 2224 1186 2257 no·

130 2303 196 2336 men
214 2283 337 2337 Bidental
352 2304 367 2336 a
385 2284 445 2336 loco
463 2284 597 2337 transtulit
614 2283 648 2335 ad
661 2287 747 2356 ipsum
762 2283 897 2337 hominem
910 2283 1080 2356 fulguritum,
1094 2306 1187 2358 quem·

132 2360 280 2415 admodum
297 2361 412 2415 Lucilius
426 2361 523 2434 aliique
536 2375 621 2432 poetae¹
636 2379 761 2414 carcerem
779 2360 915 2436 appellant
929 2363 1064 2417 bominem
1078 2364 1187 2436 dignum

134 2461 251 2494 earcere.
264 2443 340 2496 Coul.
350 2445 446 2494 iuven.
456 2481 464 2508 ,
473 2443 524 2507 Vl,
537 2441 589 2494 586
599 2460 671 2512 sqq,
686 2457 711 2494 et
726 2435 762 2494 ibi
776 2445 901 2515 Ruperti;
913 2441 1012 2495 Lucan.
1026 2445 1051 2510 l,
1067 2443 1119 2498 606
1130 2465 1186 2518 sq.;

132 2521 246 2572 Larciau.
263 2523 322 2592 lup.
338 2521 448 2574 Confut.
463 2533 529 2571 tom.
542 2522 581 2585 ll,
598 2537 625 2588 p.
639 2519 691 2572 638
703 2521 744 2572 ed.
755 2522 839 2584 Reiz,
856 2521 942 2572 Amm.
955 2522 1073 2575 Marcell.
1085 2523 1186 2586 Xx111;

131 2599 309 2654 Kircbmann.
324 2601 403 2654 delle
417 2599 518 2652 Funeb.
530 2601 642 2652 lloman.
656 2599 737 2666 11,3;
752 2599 836 2652 Cicer.
849 2595 883 2650 de
892 2601 1006 2654 Divinat.
1018 2603 1054 2668 11,
1069 2603 1100 2654 18
1110 2623 1168 2676 sqq.

170 2749 241 2800 Nor.
258 2748 299 2800 28.
313 2747 416 2800 Idcirco
425 2746 546 2799 stolidam
557 2745 654 2819 prabet
663 2746 710 2798 tibi
719 2747 813 2800 vellere
822 2747 926 2798 barbam
938 2747 1049 2819 Jupiter.
1061 2777 1098 2788 ·-
1108 2747 1188 2802 Stoli-

133 2829 198 2880 dam
205 2868 215 2895 ,
225 2825 341 2898 metaph.
353 2846 402 2899 pru
411 2825 661 2880 stolide—Barbam
673 2825 778 2892 vellere,
790 2846 840 2900 pro
854 2826 971 2900 quolibet
979 2847 1078 2902 genere
1090 2844 1187 2882 contu-

133 2908 221 2972 melite
235 2921 261 2960 et
272 2921 451 2980 contemptus.
467 2909 581 2972 Praebere
593 2907 686 2962 vellere
697 2909 799 2962 barbam
809 2907 879 2965 idem
888 2910 957 2962 valet
965 2929 995 2962 ac
1002 2909 1075 2982 apud
1084 2911 1187 2966 Litium

129 2990 181 3042 lib.
196 2990 243 3056 lV,
255 3008 315 3060 cap.
329 2987 363 3042 35
380 3011 385 3038 :
409 3011 420 3036 ι
428 2991 540 3061 praebere
558 2988 592 3041 ad
611 2989 799 3046 coutumeliam
815 3005 852 3045 os.
864 3014 875 3036 s
897 2989 1013 3058 Quidem
1029 2989 1187 3047 allusionem

129 3071 188 3124 hoc
199 3087 257 3122 esse
271 3067 438 3122 centendunt
451 3069 485 3122 ad
500 3069 601 3122 factum
615 3071 736 3142 Dyuuisii
745 3070 917 3141 Syracusani,
928 3073 975 3141 qui
987 3071 1113 3142 Epidauri
1124 3071 1188 3122 bar·

130 3151 199 3202 bam
208 3149 351 3221 Esoulspio
362 3167 470 3205 auream
483 3147 595 3214 ademit,
607 3147 750 3204 ludibrium
769 3147 870 3205 addens
883 3172 889 3200 :
907 3168 962 3202 nou
974 3149 1069 3202 decere
1083 3162 1187 3220 putrent

132 3245 194 3282 esse
215 3229 378 3295 imberbem,
399 3226 514 3299 (nempe
532 3226 718 3300 Applliuem),
739 3227 821 3286 lilium
840 3246 918 3293 vero,
936 3226 1053 3296 (scilicet
1070 3227 1189 3280 AEseula-

130 3310 242 3381 pium),
258 3329 316 3370 esse
326 3307 536 3365 barbatumsed
549 3327 580 3363 ex
592 3327 625 3360 eo
637 3309 709 3365 laeto
723 3307 766 3368 sel
783 3306 857 3377 apud
866 3309 980 3372 Grecos,
990 3308 1032 3360 vel
1048 3305 1120 3380 apud
1133 3308 1187 3358 llo·

130 3408 230 3444 manos
244 3392 348 3448 seuiase
365 3389 436 3442 bano
454 3388 617 3442 locutionem
631 3389 827 3442 usitatissimam
845 3389 886 3440 vix
901 3386 1066 3439 crediderim.
1089 3387 1189 3438 Verisi-

129 3469 226 3524 rnilius
239 3485 279 3522 est
289 3473 393 3524 venisse
407 3487 437 3522 ex
452 3487 502 3521 usu
515 3482 633 3532 veterum
650 3469 764 3520 effusam
778 3469 987 3538 promissamque
1000 3464 1108 3537 gerendi
1123 3466 1188 3518 bar·

130 3551 212 3615 haam
230 3567 310 3622 quam
324 3550 376 3603 sibi
389 3550 432 3605 alii
444 3549 504 3602 aliis
517 3548 649 3602 interdum
663 3547 827 3600 vellicarent.
846 3547 935 3612 Horat.
950 3546 1093 3598 Satirarum
1104 3543 1151 3596 lib.
1163 3548 1174 3598 l
1181 3583 1189 3612 ,

131 3633 165 3698 3,
178 3649 218 3687 vt.
235 3631 284 3683 133
298 3653 303 3684 ι
322 3653 333 3678 a
344 3629 457 3685 Vallum
468 3628 515 3681 tibi
528 3629 634 3682 barbam
645 3629 746 3682 lasciri
757 3627 842 3699 pueri.
854 3647 865 3674 r
879 3627 991 3698 Respice
1003 3625 1037 3680 ed
1050 3641 1126 3679 uotae
1138 3638 1187 3678 sat.

132 3713 283 3782 superioris
294 3731 330 3772 ss.
347 3712 410 3777 133,
421 3729 481 3782 pag.
492 3708 535 3773 66.

171 3866 242 3916 Νοτ.
254 3881 296 3934 29.
306 3864 362 3916 Aut
372 3863 500 3938 quidnam
515 3874 560 3926 est,
575 3881 627 3935 qua
642 3872 669 3914 tu
682 3861 797 3916 mercede
810 3861 915 3913 deoncm
930 3857 1031 3910 Emeris
1043 3853 1191 3910 auriculas?

136 3944 251 4010 -Aut,
268 3945 344 4014 initio
358 3945 494 3996 sententiar
510 3945 536 3994 in
550 3957 673 3996 sermone
686 3940 867 4014 objurgantis,
881 3938 963 3993 habet
975 3936 1096 3989 nonnibil
1107 3952 1190 4011 venu-

137 4025 231 4089 statis,
242 4037 272 4092 ut
283 4025 365 4088 attice
374 4021 442 4078 ri.-
451 4023 581 4094 Quidnam
594 4034 647 4088 est,
660 4041 715 4094 qua
728 4023 858 4084 mercede‚·
870 4041 918 4093 pro
931 4018 1059 4092 quidnam
1073 4027 1125 4082 est,
1138 4033 1189 4088 quo

137 4117 267 4178 tanquam
282 4105 405 4158 mercede.
414 4105 495 4156 -llt
506 4104 653 4174 opponitur
662 4102 744 4154 verbo
759 4103 882 4168 deorum,
893 4100 927 4153 ad
939 4095 1125 4151 ostentandam
1138 4093 1190 4148 bu·
