3116 4934
438 388 506 456 6ιο
702 384 853 450 INDEX
874 383 1098 452 CODIGUM
1120 383 1217 450 MSS.

435 516 501 576 Jeu.
518 508 663 593 Alimlrit.
687 509 761 570 Zeis.
778 509 869 591 1796,
885 513 919 568 u·
936 507 1019 582 153).
1034 508 1184 568 Permulti
1199 507 1252 568 aiii
1265 523 1464 572 memorantur

434 618 468 676 in
480 608 737 674 bibliothecarum
755 607 900 688 meaiogis
914 607 1203 688 commeutariisque
1215 608 1358 668 virorum
1374 607 1465 669 docto

434 731 521 785 rous,
536 708 690 793 precipue
705 708 739 768 in
757 705 984 770 Moutfaueonii
999 704 1148 766 Biblioth.
1166 705 1248 766 MSS.
1269 725 1329 767 uec
1346 725 1408 768 uon
1425 729 1464 769 ser

433 807 595 868 Vratislav.
608 819 637 865 et
649 803 775 864 totidem
790 801 970 866 Hafuieuses
981 803 1013 861 iu
1024 799 1184 862 Heinriehii
1196 816 1392 863 commentat.
1404 805 1464 880 1,iu

433 900 591 965 Juvenaiis
606 902 666 962 Sat.
686 898 747 961 Xil.
772 898 857 960 1806.
875 899 1024 960 preterea
1042 899 1193 959 variantes
1211 899 1322 982 viginti
1339 901 1465 962 oodicuu

432 999 575 1060 lectiones
588 1019 607 1056 a
621 996 745 1057 doctiss.
756 991 911 1056 Schwodio
923 995 1016 1055 Gonr.
1029 993 1144 1075 Gymu.
1155 995 1261 1054 Vinar.
1274 1017 1293 1054 a
1307 1015 1371 1077 quo
1383 997 1466 1056 cousi-

431 1098 509 1158 lium
522 1092 633 1156 edendi
646 1090 804 1155 Juvenalis
815 1090 968 1174 abjectum
979 1104 1039 1168 est,
1055 1091 1172 1174 accepit
1185 1091 1214 1152 S.
1230 1093 1267 1153 V.
1281 1091 1407 1168 Gurir'tr,
1420 1095 1464 1154 Dr.

430 1192 536 1254 Theoi·
551 1189 633 1252 Prof.
646 1203 677 1250 et
689 1189 829 1250 Director
843 1187 959 1270 Gymn.
972 1187 1143 1269 Hamburg.
1160 1187 1255 1269 quiin
1271 1188 1369 1249 literis
1379 1189 1416 1248 ad
1426 1209 1466 1249 me

429 1291 508 1352 datis
526 1307 632 1350 earum
651 1285 828 1371 propediem
848 1285 882 1345 in
902 1285 1031 1367 proiuss.
1053 1283 1193 1345 scholast
1216 1283 1463 1367 divulgandamm

430 1407 516 1470 spem
529 1385 609 1446 fecit.
625 1382 749 1443 Codices
764 1379 809 1440 iiii
818 1393 909 1441 suut:
924 1379 986 1441 duo
999 1381 1229 1441 Zwiccarienses
1240 1382 1392 1463 (quorum
1401 1383 1465 1441 alter

428 1481 505 1543 olim
530 1481 591 1541 fuit
615 1477 731 1539 Theod.
758 1475 964 1555 Puimauui),
992 1477 1262 1560 Noviomageusis,
1294 1477 1462 1560 Miggrodii,

427 1569 736 1638 Schurzfleischiauus
747 1595 769 1634 s.
785 1573 993 1650 vinariensis,
1006 1571 1069 1633 duo
1083 1573 1355 1655 Hamhurgenses,
1366 1574 1462 1635 Chem-

429 1675 575 1748 nicensis,
590 1673 728 1754 quinque
739 1670 908 1754 Leydenses
923 1670 1172 1752 (Lugdunensis,
1190 1673 1329 1734 Perizou.
1344 1671 1461 1757 Philipp.

427 1785 458 1833 et
472 1771 535 1832 duo
549 1770 705 1845 Vossiaui,
723 1771 756 1829 in
776 1767 870 1829 Catai.
888 1767 965 1828 Bibi.
981 1767 1073 1850 Leyd.
1093 1789 1122 1852 p.
1138 1769 1196 1829 325
1210 1769 1241 1829 b.
1255 1769 1318 1852 494
1332 1793 1360 1832 a.
1376 1769 1425 1853 374
1440 1792 1460 1830 a

429 1869 486 1952 373
496 1890 523 1928 a.
537 1869 594 1949 378
606 1889 634 1928 a.
643 1872 670 1942 ),
684 1864 890 1926 Rotreudorfii
904 1886 926 1925 s.
938 1865 1093 1942 Withofii,
1104 1865 1294 1929 Lauhnensis
1305 1871 1372 1950 (qui
1383 1891 1460 1950 quou-

426 1965 501 2025 dam
514 1965 574 2026 fuit
586 1962 719 2023 Christio
734 1961 819 2022 Proi.
835 1963 918 2044 Lips.
930 1975 998 2022 tum
1013 1963 1162 2024 illrrstriss.
1178 1963 1216 2025 de
1228 1965 1308 2026 Xech
1325 1981 1355 2026 et
1368 1966 1460 2026 deinde

428 2061 588 2136 Lauhuio,
601 2059 774 2120 consiliario
787 2060 887 2120 aulico
898 2059 1104 2120 Tensradieusi
1118 2061 1152 2121 in
1166 2083 1245 2144 pago
1260 2062 1457 2146 Thuringico),

426 2159 489 2220 duo
512 2156 647 2220 Gothani
670 2167 700 2216 ct
722 2168 781 2216 tres
803 2159 1079 2237 Argentoratenses.
1100 2157 1177 2218 Octo
1198 2159 1316 2240 priores
1340 2184 1359 2220 a
1380 2159 1457 2222 (iuni.

426 2257 530 2316 Curtio
549 2268 579 2315 et
599 2257 736 2336 quinque
750 2251 918 2336 Leydenses
936 2275 953 2314 a
972 2256 1018 2315 Jo.
1034 2255 1202 2318 Schradero
1218 2256 1382 2339 diligenter
1397 2256 1455 2318 olim

425 2353 537 2414 excussi
550 2365 637 2429 sunt,
652 2350 779 2432 quidam
794 2371 865 2410 vero
874 2349 939 2432 jam
957 2352 1076 2413 anobis
1089 2354 1136 2415 vel
1153 2355 1219 2414 aliis
1234 2354 1359 2431 collati,
1375 2370 1403 2415 et
1414 2357 1456 2414 Ar·

424 2465 649 2533 gentorateuses
664 2469 728 2509 non
746 2450 802 2508 uisi
818 2450 850 2508 iu
868 2449 987 2509 duabus
1000 2448 1104 2510 Satiris
1123 2451 1275 2532 prioribus
1293 2451 1453 2534 comparati.

464 2549 509 2606 Ex
523 2559 570 2606 tot
584 2546 773 2608 membranis
790 2544 929 2605 nondum
942 2547 1084 2630 inspectis
1097 2567 1210 2606 novam
1223 2568 1356 2630 eamque
1368 2550 1455 2628 ingen·

424 2661 485 2705 tem
502 2645 656 2704 variarum
672 2641 839 2703 lectionum
856 2643 902 2702 vel
919 2645 1020 2726 potius
1035 2644 1181 2702 vitiorum
1193 2663 1392 2725 errorumque
1404 2663 1452 2701 mo

424 2742 485 2804 iem
499 2743 623 2822 congeri
638 2761 740 2822 posse,
758 2754 881 2802 nonest
898 2741 979 2821 quod
995 2740 1180 2800 dubitemus.
1200 2743 1260 2802 Nec
1279 2755 1383 2802 tamen
1401 2760 1451 2799 cre

422 2838 569 2915 didmim,
584 2838 717 2897 multum
735 2836 807 2896 iude
821 2836 859 2896 ad
875 2850 998 2918 poetam
1011 2853 1150 2898 nostrum
1167 2837 1284 2897 fructus
1299 2838 1450 2898 rediturum

421 2957 493 2998 esse.
516 2937 593 2995 Nam
620 2934 741 2994 codices
769 2935 927 2996 iuvenalis
951 2935 1042 3016 longe
1064 2936 1230 2994 maximam
1253 2953 1375 3018 partem
1395 2935 1450 2993 'sunt

420 3031 617 3105 recentiores,
629 3051 729 3112 neque
743 3031 830 3112 digni
846 3033 959 3114 quibus
976 3031 1190 3116 comparandis
1204 3032 1374 3116 quidquam
1388 3047 1449 3090 tcu-

421 3129 500 3212 poris
514 3142 651 3209 etoperae
661 3125 836 3208 impendas:
849 3142 921 3188 etex
934 3130 1044 3188 XXXV
1054 3129 1134 3190 MSS.
1144 3129 1292 3188 Paris.·ab
1310 3127 1449 3189 Achaiam

419 3224 556 3302 collatis,
577 3225 658 3284 iuter
679 3243 754 3304 quos
773 3238 875 3286 tamen
895 3239 967 3284 sunt
985 3225 1030 3284 ilii
1051 3225 1175 3309 optimae
1193 3237 1273 3285 notae
1295 3227 1446 3294 Puteanus,

418 3321 606 3396 (lelbertiui,
627 3319 862 3398 Alexandrinus,
880 3319 1115 3397 Fauchetianus,
1131 3319 1312 3382 Pithoeanus
1328 3336 1356 3382 et
1371 3321 1446 3379 Sena·

417 3423 529 3498 torius,
545 3421 613 3481 duae
628 3433 751 3480 tantum
771 3435 826 3480 aut
837 3433 897 3481 tres
912 3418 1057 3481 lectiones
1071 3433 1200 3481 enotatae
1216 3437 1302 3500 suut,
1320 3422 1351 3480 in
1364 3417 1444 3478 aliisa

417 3539 466 3580 Πὶθ
478 3539 542 3579 non
558 3531 694 3602 repert&-
