3038 4932
350 489 414 553 326
582 489 617 550 C.
643 487 829 550 LUCILII
855 488 1149 552 FRAGMENTA

750 614 982 678 CLXXXVIII.

347 724 474 790 Graecia
486 719 630 814 Sulpicio
642 723 724 786 sorti
735 717 812 786 data
822 770 830 800 ,
842 718 949 786 Gallia
960 724 1073 788 Cottae.

768 832 967 896 CLXXXIX.

347 947 532 1008 Ructantur
540 937 697 1031 juvenes,
712 954 745 1006 et
758 942 865 1032 sputis
876 943 990 1007 omnia
1002 940 1137 1008 foedant.

818 1053 909 1115 CXC.

349 1210 356 1223 .
385 1211 391 1223 .
421 1211 427 1223 .
447 1140 452 1149 ¹
457 1210 641 1223 ......
652 1243 656 1250 .
668 1162 733 1227 Ore
746 1157 850 1226 salem
863 1163 1043 1251 exspiravit
1054 1184 1217 1227 amarum.

627 1267 631 1274 ’
805 1269 915 1335 CXCI.

349 1427 747 1442 ............
773 1382 973 1472 Quanquam
985 1380 1049 1446 fuit
1059 1381 1140 1471 ipse.

802 1491 927 1556 CXCII.

350 1648 1033 1665 ....................
1059 1599 1164 1693 Clopo

348 1711 500 1780 SubsidIo
512 1725 674 1778 occurrat.

793 1827 937 1892 CXCIII.

349 1985 741 2001 ............
766 1939 825 2005 Nae
838 1935 978 2005 ridicule
990 1935 1071 2004 mihi
1083 1935 1189 2004 cillus.

347 2153 424 2204 minis
434 2152 545 2223 Oufens,
557 2151 629 2224 quod
637 2166 676 2204 est
685 2155 711 2205 in
723 2171 785 2225 agro
794 2155 846 2206 Pri·
890 2157 964 2208 alteri
979 2156 1045 2208 nibil
1059 2159 1122 2211 satia
1135 2169 1182 2208 est.
1195 2157 1280 2228 AEque
1292 2156 1378 2205 malam

347 2244 466 2297 vernare,
476 2233 545 2284 inter
553 2250 624 2283 mare
634 2245 659 2283 et
668 2233 844 2286 Terracinam.
890 2235 991 2289 licentis
1000 2237 1102 2307 imperii
1113 2237 1262 2307 magistram
1271 2232 1380 2304 judicans

348 2313 439 2361 Postea
464 2307 560 2359 deinde
583 2327 599 2360 a
619 2309 777 2361 Censoribus
803 2309 846 2360 alii
890 2317 1021 2388 inopiam,
1037 2330 1114 2388 atque
1127 2315 1271 2367 avaritiam.
1285 2310 1381 2379 Quadi

348 2406 455 2460 quoque
477 2387 638 2440 diversarum
657 2391 791 2442 civitatum
810 2391 846 2440 ei·
890 2406 945 2460 cto,
959 2406 989 2444 ut
1005 2387 1140 2444 neuter'in
1156 2393 1318 2459 provinciam
1333 2390 1381 2440 mit·

348 2467 408 2520 dem
418 2469 496 2520 tribui
509 2483 570 2520 sunt
579 2469 713 2541 adscripti.
890 2483 1001 2538 teretur,
1016 2471 1159 2525 obtinuit.»
1353 2525 1357 2544 Ι

347 2591 348 2594 ,
382 2549 564 2600 CLXXXVIII.
575 2548 788 2620 Isidorus,0rig.
800 2549 844 2601 lib.
926 2552 1087 2604 CLXXXIX.
1112 2550 1197 2604 Nicol.
1221 2553 1341 2602 Perottus
1359 2548 1382 2596 in

347 2628 372 2693 l,
385 2645 443 2698 cap.
457 2626 499 2679 35.
517 2627 626 2679 Videtur
636 2626 679 2680 hic
694 2647 783 2680 versus
800 2629 847 2681 de·
891 2629 1053 2696 Martialem,
1074 2627 1107 2682 ad
1121 2627 1202 2699 epigr.
1222 2625 1271 2678 116
1289 2626 1382 2677 11111111-

347 2720 431 2758 tortus
448 2705 541 2759 acerbe
551 2709 578 2757 in
593 2706 732 2779 sulpitium
748 2719 773 2760 et
783 2707 846 2760 Cot·
891 2709 1019 2758 cenniam.
1133 2757 1135 2766 ,

347 2800 409 2836 tam.
425 2788 514 2854 Quum
527 2787 595 2837 enirn
612 2799 722 2858 uterque
739 2802 846 2839 conten·
925 2785 1001 2837 CXC.
1015 2785 1122 2836 Hieron.
1133 2780 1261 2834 Columna
1272 2783 1300 2831 in
1309 2778 1383 2850 expli-

346 2863 453 2930 dorent,
471 2865 540 2916 utin
556 2866 706 2935 Hispaniam
725 2865 847 2918 adversus
891 2862 1039 2916 cationibns
1051 2863 1260 2934 fragmentorum
1270 2860 1355 2912 Ennii.

345 2945 473 2994 viriatum
481 2943 658 3009 mitterentur,
669 2946 744 3013 cujus
754 2957 847 3015 poten·
926 2945 1072 2998 CXCI-Cic.
1082 2939 1353 3008 adAttic.lib.IV,Ep.
1362 2956 1382 3008 7.

345 3023 381 3072 tia
394 3021 518 3073 Romanis
527 3033 583 3072 tum
593 3019 766 3073 formidabilis
777 3035 846 3089 erat,
926 3024 1023 3076 CXCII.
1046 3022 1141 3094 Clopo,
1163 3019 1204 3072 vel
1227 3019 1322 3090 cloppe
1338 3035 1383 3088 pro

345 3113 438 3152 neuter
456 3117 548 3150 eorum
569 3098 689 3151 obtinere
706 3097 733 3152 id
749 3102 844 3170 potuit.
891 3093 999 3173 clippo,
1014 3099 1087 3173 quod
1105 3102 1132 3150 in
1150 3098 1222 3152 MSS.
1242 3097 1336 3166 legitur
1351 3096 1385 3144 διὰ

346 3180 433 3244 Quam
442 3196 497 3229 rem
513 3179 593 3229 refert
607 3179 691 3230 Valer.
701 3181 845 3250 Maximus,
889 3190 1012 3243 συγκοπῆς,
1032 3197 1081 3250 pro
1100 3177 1254 3248 claudipus,
1269 3185 1299 3226 ut
1319 3173 1385 3225 cluu-

344 3257 391 3308 lib.
400 3259 449 3321 VI,
461 3276 519 3328 cap.
529 3257 554 3324 4.
568 3260 616 3309 «P.
629 3259 717 3329 Scipio
730 3258 845 3311 AEmilia·
889 3277 929 3312 sus
940 3258 1019 3330 pede,
1031 3254 1178 3328 appellatur
1186 3255 1301 3307 claudus.
1314 3254 1385 3302 Forte

345 3355 407 3404 nus,
416 3356 497 3409 quum
508 3339 562 3390 Ser.
573 3337 702 3410 Sulpicius
712 3338 809 3405 Galba,
819 3353 845 3390 et
890 3356 996 3409 quoque
1006 3356 1037 3389 ex
1046 3337 1153 3402 Craeco,
1163 3339 1232 3402 χωλὸς
1241 3335 1293 3390 τοὺς
1301 3332 1384 3392 πόδας,

344 3416 466 3468 Aurelius
480 3417 559 3468 Cotta
574 3415 693 3469 consules
709 3419 735 3468 in
749 3432 844 3470 senatu
888 3415 999 3468 claudus
1011 3413 1158 3469 secundum
1169 3412 1260 3484 pedes.

344 3496 546 3565 contenderent,
559 3509 616 3548 uter
628 3497 750 3550 adversus
761 3499 844 3551 Viria·
924 3495 1034 3547 CXCIII.
1050 3493 1139 3546 Cillus.
1155 3491 1228 3544 Idem
1245 3508 1275 3542 ac
1291 3488 1383 3540 cilium.

345 3588 400 3626 tum
410 3576 437 3626 in
448 3575 602 3645 Hispaniam
617 3577 796 3640 mitterentur;
814 3593 844 3627 ac
887 3577 965 3626 Hunc
976 3593 1081 3626 versum
1091 3572 1256 3625 Lucilianum
1269 3583 1326 3622 este
1338 3585 1384 3638 pu-

344 3671 437 3722 magna
468 3655 544 3728 inter,
567 3666 653 3724 patres
680 3657 844 3725 conscriptos
889 3665 927 3705 tat
940 3655 1047 3720 lunius,
1064 3665 1089 3704 et
1101 3649 1175 3703 addit
1194 3673 1199 3700 :
1218 3660 1259 3700 est
1276 3644 1384 3714 Ct'llma

344 3730 471 3784 dissensio
486 3744 568 3798 esset,
584 3731 718 3798 omnibus,
729 3751 844 3804 quonam
891 3733 974 3783 Cinna
986 3731 1085 3795 dictus,
1103 3726 1239 3800 quomodo
1251 3723 1281 3778 etx
1292 3728 1384 3784 Cimo,-

344 3814 400 3881 ejus
408 3810 536 3862 sententia
544 3810 727 3875 inclinaretur,
739 3829 845 3882 exspec-
892 3811 987 3863 Cinnas
1011 3824 1099 3862 antem
1119 3808 1200 3861 modo
1222 3825 1272 3878 pro
1293 3801 1383 3877 capillo

344 3891 481 3944 tentibus:
500 3903 641 3956 neutrum,
659 3892 760 3961 inquit,
779 3885 844 3942 inihi
889 3893 984 3945 cincto
1003 3906 1131 3955 sumitur,
1148 3902 1175 3941 et
1194 3887 1228 3940 ab
1252 3907 1284 3940 eo
1307 3887 1383 3938 einum

345 3973 412 4023 mitti
419 3970 521 4042 placet,
530 3969 592 4040 qnia
605 3968 669 4023 alter
677 3968 742 4021 nihil
754 3971 843 4038 babet,
888 3974 1055 4040 Boarmurol,
1069 3969 1164 4036 modo,
1176 3987 1226 4040 pro
1236 3988 1244 4018 t
1254 3964 1323 4020 cilio.
