3148 4950
393 460 509 525 AULI
534 459 691 526 PERSll
717 462 888 528 FLACGI
913 465 1036 532 Vl'l'rl.
1066 485 1068 492 ’
1173 477 1233 562 ⁴7¹

194 584 410 658 affectantem,
426 583 522 645 libere
536 583 619 646 dicto
633 583 828 661 offendisset,
848 588 882 648 in
900 588 1039 650 exsilium
1054 605 1099 654 est
1118 593 1238 676 ejectus.

194 681 268 760 (Dio
281 681 359 741 Cass.
372 683 471 756 LXll,
489 701 542 761 29:
561 679 601 742 cf.
614 703 683 762 quae
696 683 739 742 ibi
756 684 789 742 in
803 685 882 744 notis
894 685 1070 750 laudantur.
1084 692 1192 755 Suidas
1206 697 1239 757 in

195 789 334 860 Κορνοῦτος
363 779 539 839 Cornutum
563 779 764 857 historicum,
786 783 865 842 Livii
891 785 1060 866 aequalem,
1087 811 1158 852 cum
1181 791 1239 855 hoc

195 874 383 957 philosopho
394 874 556 937 confudit:
570 875 648 937 adde
660 891 726 938 not.
739 879 778 938 ad
791 881 871 940 Pers.
884 881 944 942 Sat.
957 886 1001 958 V,
1019 885 1064 945 16.
1078 888 1149 950 vid.
1163 911 1241 973 prta·

195 987 274 1035 terea
287 973 497 1055 fragmentum
509 973 582 1036 huic
592 978 733 1038 Cornuto
743 979 938 1061 peculiariter
948 981 1124 1062 addictum,
1138 987 1172 1048 iu
1182 989 1239 1051 hoc

194 1071 309 1134 volum.
327 1069 426 1147 infra,
444 1093 513 1154 paga
528 1071 617 1153 555.)

555 1215 586 1268 Δ.
600 1215 633 1266 U.
647 1213 722 1281 ΟΨ,
734 1215 828 1270 Christi
836 1217 882 1284 “·‚

654 1306 734 1358 Persii
741 1305 780 1356 m.

234 1456 348 1514 Auctor
361 1454 490 1535 quidam
504 1457 662 1516 memoria
673 1455 833 1537 proditum
845 1437 983 1540 reliquit,
996 1461 1028 1520 in
1037 1463 1162 1543 pueritia
1171 1464 1242 1524 Per-

195 1552 277 1609 sium
293 1551 468 1612 Proetextam
479 1564 508 1613 et
524 1552 717 1635 Odoiporicon
730 1552 845 1614 librum
858 1575 957 1616 unum
971 1571 1000 1618 et
1014 1577 1127 1641 paucos
1136 1581 1239 1622 versus

195 1649 228 1707 in
241 1667 362 1709 socrum
374 1649 513 1712 Thraseae
527 1653 649 1711 Arriam
667 1665 815 1728 matrem,
829 1671 899 1734 qua
912 1675 943 1715 se
958 1671 1029 1718 anta
1042 1659 1145 1718 virum
1160 1661 1239 1718 occi·

195 1745 297 1822 derat,
307 1748 475 1830 scripsisse,
485 1769 555 1832 quae
566 1750 688 1826 omnia,
704 1751 845 1842 Cornuto
855 1765 1021 1829 auctore,a
1033 1767 1133 1816 matre
1144 1757 1238 1817 Persii

195 1844 308 1905 abolita
319 1846 390 1905 sint.

526 1990 558 2040 Δ.
572 1991 604 2041 U.
616 1989 647 2041 C.
660 1989 728 2059 807,
742 1988 837 2042 Christi
851 1986 902 2056 54,

648 2055 730 2130 Persii
746 2093 788 2130 ao.

234 2228 271 2287 ln
291 2225 405 2286 solium
426 2225 563 2287 ascendit
576 2227 668 2288 Naro.
687 2261 726 2273 -
741 2229 964 2308 Imperatorem
983 2227 1115 2287 ereditur
1137 2228 1238 2309 carpi,

193 2325 253 2384 Sat.
264 2326 295 2402 1,
309 2344 353 2386 vs.
369 2344 434 2384 rar.
447 2322 602 2406 Superbia
613 2327 736 2406 Koeniq:
750 2349 765 2380 ιι
774 2320 931 2386 Ridiculos
945 2344 1041 2406 prope
1050 2322 1177 2384 dixerim
1186 2343 1238 2382 eos

193 2443 268 2497 esse,
287 2425 341 2505 qni
357 2424 495 2484 Persium
509 2422 687 2484 obscuritati
700 2421 849 2483 studuisse
863 2420 1058 2505 perhibeant,
1072 2433 1108 2482 ut
1121 2420 1239 2481 delato·

194 2542 263 2581 rum
275 2522 445 2603 periculum
457 2519 618 2602 effugeret,
631 2534 685 2583 aut
693 2523 825 2582 Neronis
836 2523 915 2581 iram
926 2522 1063 2582 evitaret.
1073 2520 1167 2597 Quasi
1177 2519 1240 2579 istis

195 2622 383 2702 temporibus
404 2619 451 2682 vel
469 2619 624 2682 levissima
639 2623 768 2704 suspicio
786 2643 851 2682 non
867 2624 931 2681 vim
949 2622 1044 2705 ipsius
1063 2618 1166 2680 delicti
1183 2615 1239 2678 ha-

194 2719 311 2795 buerit,
328 2732 381 2781 aut
393 2721 512 2781 Persius
522 2721 688 2781 arbitratus
701 2721 757 2797 sit,
773 2721 926 2780 Neronem
940 2719 972 2780 id
987 2739 1054 2779 non
1069 2738 1132 2778 esse
1147 2717 1238 2778 intel-

192 2816 360 2894 lecturum,
382 2817 467 2899 quod
491 2818 530 2877 ab
546 2819 690 2880 omnibus
711 2816 836 2899 reliquis
856 2815 988 2896 intelligi
1009 2827 1139 2899 optaret.
1159 2812 1239 2878 Mihi

192 2915 320 2996 quidem
338 2915 502 2976 verisimile
521 2917 658 2992 videtur,
678 2917 817 2976 Persium
837 2916 876 2977 de
889 2913 1013 2975 edendis
1031 2913 1132 2973 satiris
1153 2927 1238 2986 tum,

192 3031 290 3090 quum
302 3032 353 3073 eas
367 3012 526 3088 scriberet,
537 3035 577 3074 ne
589 3015 737 3096 cogitasse
748 3011 893 3094 quidem,
904 3032 1012 3072 verum
1026 3010 1174 3070 inanimo
1185 3005 1239 3070 ha·

192 3109 308 3186 buisse,
323 3115 459 3194 aequiora
474 3124 612 3194 tempora
625 3125 809 3195 exspectare,
818 3125 854 3172 ut
864 3108 1040 3186 luvenalis,
1054 3122 1089 3169 ut
1104 3109 1167 3191 ipsa
1179 3109 1238 3168 Ta·

193 3207 270 3266 citus
285 3207 372 3286 fecit,
386 3208 438 3270 sed
452 3223 550 3271 morte
561 3209 624 3293 ejus
638 3221 824 3291 praematura
837 3207 916 3268 illud
930 3229 1008 3290 opus
1024 3203 1238 3289 imperfectum

194 3305 227 3365 in
239 3307 411 3368 amicorum
422 3331 533 3370 manus
547 3309 681 3384 venisse,
695 3322 730 3368 ut
742 3309 807 3390 ipse
817 3308 888 3366 vire
903 3319 1024 3383 auctor,
1038 3305 1177 3386 quisquis
1187 3301 1238 3363 ille

192 3403 318 3464 tandem
334 3405 389 3480 sit,
403 3419 539 3468 testatur.
551 3405 635 3485 Quid
647 3403 680 3465 hi
692 3404 876 3466 resecuerint
887 3401 934 3463 vel
947 3399 1181 3462 immutaverint
1191 3399 1237 3460 vel

191 3502 422 3583 castigaverint,
443 3517 497 3564 aut
515 3504 642 3584 quando
659 3503 767 3564 satiras
780 3501 848 3562 illas
862 3499 1074 3582 vulgaverint,
1092 3499 1150 3580 ipsi
1167 3498 1236 3558 visa

190 3599 310 3658 auctori
323 3599 468 3680 ignotum
484 3599 580 3661 luisse
594 3599 725 3660 videtur.
741 3596 834 3678 Quod
852 3600 936 3659 enim
953 3597 1043 3672 dicit,
1062 3597 1237 3656 Cornutum
1320 3613 1326 3624 ⁸

192 3717 292 3756 unum
303 3716 426 3757 versum
441 3697 474 3757 in
488 3699 591 3778 prima
601 3698 694 3758 satira
706 3709 854 3771 mutasse,
868 3715 908 3756 ne
918 3715 990 3755 eum
1003 3693 1040 3754 ad
1058 3713 1090 3754 se
1106 3689 1239 3752 traheret

191 3795 287 3856 Nero¹
298 3839 307 3872 ,
318 3808 385 3856 tarn
393 3793 563 3856 absurdum
573 3808 633 3872 est,
645 3809 680 3857 ut
690 3795 782 3856 mirer
792 3793 900 3872 fuisse,
912 3794 967 3874 qui
976 3789 1152 3875 hujusmodi
1162 3787 1237 3869 quid

230 4019 251 4054 1.
270 4001 374 4071 Verba,
390 4021 448 4075 quse
464 4001 586 4072 leguntur
599 4003 652 4056 Sat.
665 4005 692 4068 1,
736 4003 884 4055 Cornutum
907 4003 944 4054 its
967 4001 1029 4054 satis
1048 3996 1161 4050 absurde
1182 4013 1238 4048 rnu-

190 4101 227 4135 vs.
251 4099 300 4159 rar
319 4103 327 4134 s
349 4081 511 4136 «Anniculus
533 4082 600 4135 asini
620 4082 692 4133 Mida
736 4091 825 4132 tussa.
843 4075 1008 4132 «bancales
1026 4077 1093 4129 asini
1109 4077 1167 4148 quis
1183 4093 1237 4127 non
1287 4137 1290 4146 ι

191 4177 235 4212 rea
255 4158 375 4228 habet„
398 4173 488 4214 narrat
514 4161 573 4214 vite
598 4171 694 4214 auctor
736 4159 856 4213 habetis
