2970 4936
344 436 407 502 sss
517 431 671 497 venre
696 425 966 512 secutores
991 429 1051 492 ss
1076 429 1210 494 noun

339 562 423 630 magis
432 569 540 611 secutus
550 569 605 622 est,
618 571 696 627 quam
708 552 844 605 decorum.
857 547 960 604 Etenim
972 552 1010 604 rel
1022 552 1073 604 hac
1083 571 1136 606 una
1146 570 1212 603 voce
1223 555 1285 604 satis
1298 537 1384 602 innuit
1472 545 1474 568 ³

339 642 428 692 omnia
440 641 466 690 in
479 639 625 688 Romanurn
638 634 689 686 (lici
693 635 859 720 principem.

377 749 444 798 Nor.
462 760 488 811 9.
501 742 574 805 Huc,
584 751 664 811 puto,
677 740 893 808 uurtjuststmesu
907 735 977 790 iliud
985 737 1069 800 Μαίη
1078 739 1171 792 rectists
1180 739 1255 791 'utut
1266 765 1302 778 -·
1312 737 1383 802 Boe,

339 841 443 878 necnon
453 817 597 891 appellatio
612 817 736 886 Quirites,
747 815 828 868 verba
840 828 901 868 sunt
912 815 1028 868 bominis
1039 816 1074 868 ad
1085 815 1191 888 plebem
1203 816 1336 888 loquentis
1341 828 1384 880 ,et

339 919 433 977 proras
447 899 516 969 tulgi
530 898 668 968 opiniones
680 897 898 948 auctoritatesua
910 897 1074 966 corrigentis.
1087 896 1202 965 Quidem
1213 899 1383 966 moerpretes,

339 983 420 1056 paulo
433 979 580 1050 argutiores
590 977 718 1041 fortasse,
730 974 788 1028 hec
799 988 909 1028 censent
920 975 1066 1046 simplicius
1078 994 1137 1030 esse
1146 974 1218 1028 dieta
1229 973 1383 1026 edim-iden·

340 1065 403 1118 dum
420 1062 556 1113 hominem
570 1059 629 1127 qui,
645 1054 870 1108 deliberationum
882 1056 1005 1124 ignaue,
1019 1055 1054 1107 de
1068 1055 1148 1108 rebus
1161 1058 1252 1127 inepte
1265 1071 1385 1125 pronun·

339 1149 400 1210 siet,
412 1159 468 1194 nou
480 1139 607 1192 disserere
617 1140 710 1207 possit.
722 1165 756 1176 -
767 1137 837 1188 Puto
847 1147 953 1188 venunt
961 1153 1010 1206 per
1017 1137 1133 1208 inquies,
1141 1139 1187 1207 qui
1198 1135 1251 1188 hoc
1262 1133 1384 1198 rerbun,

340 1239 370 1276 ut
386 1234 477 1274 cetera
492 1217 611 1289 ejusdem
629 1235 735 1282 versus,
753 1231 810 1268 nott
824 1211 946 1268 tribuunt
955 1216 1005 1287 ipsi
1019 1215 1120 1270 homini
1139 1215 1174 1268 sd
1188 1214 1295 1287 plebem
1308 1212 1385 1266 rerba

340 1301 461 1365 facienti,
477 1295 526 1350 sed
538 1296 641 1348 Socrati
652 1293 707 1348 heo
718 1293 800 1346 rerba
811 1293 935 1365 lingenti3
951 1313 1009 1366 quas
1023 1294 1088 1346 mihi
1101 1295 1187 1368 rpinus
1201 1293 1336 1366 probetur
1346 1295 1385 1343 iu-

341 1380 511 1453 terpretatio,
522 1393 569 1440 ao,
584 1377 606 1426 si
619 1373 773 1448 recipieads
787 1375 868 1439 foret,
879 1387 944 1445 putu
955 1373 1119 1441 maluissem,
1135 1379 1212 1446 cujus
1223 1391 1320 1426 sensus
1334 1384 1386 1425 est:

340 1461 409 1514 verbi
418 1457 513 1532 pretia.
524 1453 594 1506 Puto
605 1472 656 1504 vox
668 1466 708 1504 est
718 1451 834 1506 hominis
846 1472 936 1508 secum
949 1453 1119 1506 deliberantis
1131 1469 1157 1507 et
1168 1453 1204 1506 ad
1214 1453 1324 1525 plebem
1336 1471 1388 1509 sen·

340 1559 384 1593 sus
397 1555 460 1592 suos
473 1533 643 1608 proferentis.
654 1561 691 1572 -
700 1531 777 1584 illud
785 1534 901 1586 refertur
913 1532 947 1584 ad
959 1533 1021 1594 loc,·
1034 1533 1131 1604 quibus
1145 1536 1292 1607 opponitur
1306 1533 1386 1597 istud,

340 1635 370 1674 ut
382 1620 461 1672 tertie
475 1615 617 1677 sententia,
632 1624 658 1664 et
672 1611 779 1684 quidem
792 1611 874 1664 bona.

313 1775 316 1781 ·
370 1763 432 1807 Vn.
453 1773 488 1804 ιο.
502 1755 550 1801 Scis
559 1755 639 1800 ererum
645 1756 736 1816 justum
744 1755 832 1816 qemr'rru
841 1755 978 1815 suspendere
988 1751 1059 1800 inice.
1071 1781 1103 1790 -
1116 1755 1218 1815 Quidam
1226 1755 1301 1802 MMS.
1313 1755 1387 1802 Codd.

339 1837 400 1881 inter
409 1845 469 1895 quos
479 1826 552 1891 7984,
565 1829 605 1888 qui
615 1824 847 1878 disserebamus,
858 1824 947 1870 hubent
960 1829 1029 1872 enum
1042 1843 1086 1890 pro
1098 1829 1188 1873 etenim.
1205 1825 1344 1889 Corruptebs
1356 1829 1388 1872 ri-

339 1905 408 1950 detur
423 1899 543 1961 irrepsisse
553 1898 632 1949 suum,
644 1894 710 1956 quud
719 1905 755 1940 cst
765 1896 946 1957 ineptissimum
966 1905 1038 1958 quutn
1049 1899 1111 1942 enim
1122 1898 1264 1959 precedenti
1273 1913 1344 1943 versu
1354 1897 1390 1942 di·

340 1975 399 2021 serit
408 1970 463 2026 lroc,
474 1977 541 2032 puto,
554 1983 602 2014 non
609 1971 700 2030 justum
710 1975 757 2019 est,
770 1967 868 2012 mansue
879 1969 990 2013 convenit
1001 1971 1082 2014 ιιειιίιιι
1097 1969 1128 2014 ad
1143 1969 1307 2031 repetitionem
1324 1969 1389 2015 vati

223 2053 227 2061 ’
334 2049 427 2109 justum
438 2051 463 2086 et
473 2038 504 2084 nd
514 2039 620 2082 ironiam.

375 2144 444 2194 NOT-
468 2155 506 2191 10·
520 2137 575 2189 Scis
586 2133 681 2186 &essim
689 2137 790 2206 isitium
801 2135 908 2206 pentina
919 2139 1072 2206 suspendere
1083 2137 1158 2189 lance
1166 2137 1297 2210 Ancipitis
1307 2137 1388 2189 titre.

340 2219 540 2272 ..Producitur
554 2217 652 2279 ironia,
661 2215 806 2284 juvenique
817 2215 938 2268 Socrates
951 2218 1097 2288 suamjusti
1110 2229 1136 2269 et
1151 2217 1243 2287 injusti
1259 2219 1389 2288 cognitio.

341 2320 401 2354 nem
413 2298 501 2371 lepide
512 2295 675 2367 gmtstlemr,
688 2295 829 2364 innuitque
842 2295 919 2346 simol
929 2297 984 2346 veri
996 2296 1097 2368 politici
1111 2296 1230 2348 officinm
1242 2296 1321 2368 quale
1333 2315 1389 2350 esse

341 2380 439 2434 debeat
448 2390 475 2428 et
483 2392 563 2448 quum
575 2372 686 2426 arduum
698 2375 740 2424 sit.
753 2403 789 2413 -
802 2376 914 2426 Gemina
925 2376 1074 2448 supendere
1086 2375 1174 2442 lance,
1185 2390 1251 2439 etc.;
1263 2376 1390 2448 allegoria

341 2474 379 2513 est
395 2459 546 2527 linguarum
562 2454 682 2504 omniurn
694 2454 880 2521 usitatissime,
898 2473 955 2525 que
971 2453 1046 2526 fingit
1060 2475 1100 2508 res
1114 2457 1216 2508 ratione
1232 2454 1391 2529 ponderari,

340 2533 566 2613 quemadmodum
585 2530 651 2583 libra
668 2533 861 2603 ponderantur.
879 2535 991 2605 Respice
1010 2535 1044 2588 ed
1063 2548 1112 2587 set.
1133 2537 1158 2601 l,
1173 2549 1228 2588 not.
1243 2536 1268 2588 6.
1286 2535 1389 2588 lusum

340 2617 490 2694 supendere
499 2613 586 2676 lance,
597 2611 697 2664 locutio
709 2626 750 2668 est
760 2612 844 2684 paulo
855 2613 992 2682 audacior,
1001 2627 1031 2665 ut
1041 2615 1169 2667 Persianas
1179 2633 1236 2668 esse
1248 2614 1345 2667 solent.
1355 2647 1390 2657 -

340 2697 471 2768 Ancipitis
486 2693 572 2751 titre,-
589 2705 694 2743 rertunt
707 2692 830 2762 ancipitis
842 2711 890 2764 per
903 2695 1046 2766 ambipuce3
1060 2693 1129 2746 libra
1146 2695 1215 2746 enim
1230 2708 1341 2762 exucta,
1354 2697 1390 2748 sit

340 2777 448 2849 Koenip,
462 2776 490 2825 in
501 2783 622 2822 neutrum
634 2784 737 2842 partem
749 2774 840 2842 vergit.
855 2775 940 2825 Possit
950 2793 1012 2826 reru
1024 2776 1117 2827 referri
1131 2793 1240 2846 quoque
1249 2793 1344 2847 auceps
1355 2774 1390 2826 ad

331 2849 520 2929 jwtumquod
537 2849 742 2920 ponderatores
756 2853 792 2902 its
812 2851 964 2924 ambiguum
979 2869 1033 2918 est,
1052 2869 1082 2906 nt
1101 2857 1128 2905 in
1146 2868 1266 2906 neutram
1285 2869 1388 2926 punem

340 2937 429 2988 lances
443 2931 636 3002 deprimantur.

371 3077 431 3122 th.
448 3089 483 3121 ιι.
495 3073 589 3118 Rectum
598 3073 706 3116 discernis
716 3070 756 3116 ubi
764 3073 821 3116 inter
830 3074 906 3118 Curua
914 3076 984 3120 subit.
992 3097 1023 3111 υ
1032 3075 1125 3122 liabent
1135 3077 1229 3140 quidam
1238 3077 1302 3124 MSS.
1312 3075 1388 3122 Codd.

340 3161 363 3194 et
372 3145 533 3193 vetustissimae
543 3157 600 3204 quas
612 3139 697 3186 habeat
704 3143 773 3203 Regia
781 3141 923 3190 Bibliotheca
931 3145 1071 3204 editionum,
1078 3163 1157 3193 verum
1165 3164 1208 3210 pro
1215 3157 1313 3202 netum,
1324 3147 1390 3209 quod

339 3218 412 3265 multo
423 3216 499 3280 aptius
508 3214 618 3259 convenit
627 3227 680 3258 cum
690 3215 750 3280 inter
758 3231 828 3259 curua
837 3214 909 3269 subit,
920 3215 1030 3280 quodque
1040 3217 1119 3282 plures
1128 3217 1216 3266 liabent
1226 3219 1300 3264 MMS.
1311 3217 1387 3264 Codd.

339 3302 364 3336 et
375 3287 503 3334 Editiones.
518 3285 626 3330 Nostram
637 3298 731 3346 quoqne
741 3283 867 3332 lectionem
877 3298 954 3332 tuetur
964 3287 1094 3352 exemplum
1108 3290 1197 3336 Horatii
1211 3301 1266 3335 nota
1280 3293 1388 3352 sequenti

339 3357 446 3406 relatum.
1094 3367 1098 3374 “

375 3458 443 3509 Nos.
460 3471 500 3506 ιι.
511 3454 620 3507 Rectam
628 3453 762 3520 discernis,
772 3455 816 3506 ubi
827 3456 895 3508 inter
906 3459 989 3510 &rua
999 3458 1074 3510 stabit.
1085 3487 1122 3498 -
1134 3459 1256 3518 tecum
1268 3475 1389 3529 equum

339 3556 434 3596 curm
453 3536 553 3606 inique.
568 3536 655 3586 Tenui
673 3549 762 3586 autem
781 3534 931 3590 discrimine
944 3555 1048 3608 equum
1067 3537 1101 3590 ab
1119 3539 1211 3610 iniquo
1228 3538 1388 3602 secernitur,

340 3631 420 3689 atque
439 3613 511 3666 aliud
525 3614 559 3666 ab
574 3613 626 3666 alio
643 3615 795 3685 dignoscere
810 3631 836 3668 et
855 3617 971 3669 dividere
986 3617 1100 3670 hominis
1115 3631 1155 3672 est
1169 3618 1386 3688 prestantissimi.

338 3691 521 3766 Quamobrem
535 3693 628 3762 juveni
643 3694 791 3764 gratulatur
806 3697 907 3748 ironice
924 3696 1061 3761 Socrates,
1081 3697 1155 3768 quod
1170 3710 1242 3750 cetto
1262 3697 1339 3768 quasi
1355 3693 1387 3746 li·

339 3779 402 3830 mite
413 3775 517 3828 noverit
526 3773 588 3826 tecti
599 3774 729 3845 pravique
742 3775 994 3844 contendemus,
1006 3791 1033 3832 et
1044 3780 1121 3849 qussi
1133 3780 1303 3835 commixtum
1317 3774 1388 3828 aliud

339 3857 373 3910 ab
384 3854 437 3912 elio
449 3871 582 3926 seperare.
596 3855 688 3907 floret.
701 3855 811 3928 Epistol.
824 3860 861 3924 11,
874 3877 903 3925 a,
915 3858 965 3927 44:

536 3949 625 3994 Scilicet
633 3961 658 3996 nt
666 3967 753 4010 pmsem
762 3969 829 4000 minu
838 3955 966 4013 dignumne
975 3963 1065 4001 murs.

337 4039 450 4090 Monens
462 4038 618 4106 interpretes
629 4039 807 4111 princepsque
818 4039 1006 4105 Gnsaubonus‚
1019 4041 1054 4093 sd
1065 4040 1168 4112 plurale
1181 4059 1275 4106 cuma,
1289 4039 1385 4109 crede,

336 4118 519 4187 respicientes,
533 4111 686 4184 rlpxsiipsus,
699 4131 727 4168 ur
741 4120 777 4170 ait
790 4120 817 4170 in
830 4121 958 4172 Asceticis
970 4119 1045 4174 dirus
1062 4119 1187 4184 Basilius,
1197 4113 1256 4173 irre·
1268 4118 1324 4174 reis
1336 4119 1387 4187 sipi·
