2986 4924
350 429 398 492 ΙΝ
422 429 635 494 ΕΑΤΙΗΛΜ
658 432 904 514 QUARTAM.
1087 439 1148 531 175

90 551 253 608 &amulas
267 554 347 606 etiam
359 552 501 623 effringere
513 565 539 606 et
551 553 667 627 expilare
681 576 688 606 r
706 555 834 626 quintana
845 555 918 610 domi
930 563 1089 631 constituta,
1103 567 1151 622 ubi

92 649 181 708 partae
189 647 216 688 et
225 632 261 686 ad
270 634 444 686 licitationem
450 633 598 687 dividendae
608 633 701 706 predae
711 638 826 706 pretium
836 655 1022 695 assumeretur.
1033 645 1071 697 Ac
1081 663 1151 719 sepe

92 718 124 768 in
134 713 266 786 ejusmodi
275 714 339 767 ruis
350 713 489 765 oculorum
499 726 524 767 et
534 716 593 767 vitae
603 714 750 787 periculum
760 715 839 784 adiit,
852 738 867 772 a
878 720 995 790 quodam
1003 723 1150 794 laticlavia,

93 797 177 866 eujus
189 812 300 847 uxorem
315 805 516 860 attrectaverat,
534 813 619 866 prope
637 794 672 847 ad
688 815 781 848 necem
797 815 887 852 cesus.
905 801 996 868 Quare
1011 822 1151 877 nunquam

93 887 194 947 postea
203 894 232 928 se
244 872 355 945 publico
366 871 433 926 illud
449 872 521 925 borae
535 877 592 928 aine
608 874 720 928 tribunis
737 881 884 945 cummisit,
900 881 995 951 procul
1008 896 1034 936 et
1046 887 1150 940 occulte

96 951 288 1024 sequentihus,
298 991 304 1003 ,
315 989 321 1002 ,
331 989 338 1005 ,
349 973 361 997 s
378 953 439 1004 llaec
455 964 518 1004 sunt
537 970 595 1022 quae
611 965 694 1004 totam
706 956 815 1008 satiram
825 956 972 1028 illustrant,
983 965 1063 1035 atque
1077 964 1149 1018 hunc

96 1033 225 1102 imprimis
240 1032 329 1084 locum
344 1031 464 1097 iaciunt,
482 1049 542 1082 mea
561 1034 705 1099 sententia,
720 1035 921 1104 apertissimum.
936 1067 971 1078 -
984 1042 1080 1094 Puteal
1085 1066 1096 1106 ‚-
1109 1057 1151 1096 est

98 1121 126 1160 et
132 1108 224 1181 puteal
238 1112 344 1179 ipsum,
358 1119 385 1158 et
396 1109 593 1160 circumstantia
609 1109 669 1160 locs
680 1107 722 1160 vel
735 1123 820 1176 tecta,
838 1114 983 1169 tabernulae
995 1132 1021 1171 et
1034 1121 1149 1175 venden-

96 1189 164 1238 tium
176 1187 313 1252 umbellas,
329 1205 387 1257 quae
401 1187 503 1238 Neroni
516 1189 626 1258 ejusque
641 1187 799 1242 satellitibus
814 1193 1023 1263 effringebantur
1034 1213 1061 1250 et
1074 1203 1150 1271 expi-

97 1265 232 1318 labantur.
247 1297 284 1307 -
297 1265 386 1318 Multa
401 1267 480 1318 vibice
485 1266 612 1342 flapellas
618 1290 627 1328 ‚-
643 1267 776 1322 discursus
789 1269 910 1344 designat
926 1289 951 1327 et
966 1277 1079 1349 impetus
1096 1281 1150 1334 Ne-

96 1348 170 1398 ronis
178 1386 187 1414 ,
196 1361 223 1399 et
233 1346 358 1412 vulnera,
368 1345 465 1416 quibus
475 1359 642 1398 transeuntes
653 1348 813 1420 appetebant
823 1352 1025 1425 cadebantque,
1036 1373 1150 1413 antren-

97 1425 193 1478 ditioni
207 1428 331 1498 exposita
344 1426 466 1478 ruebant.
486 1455 523 1465 -
546 1427 655 1488 Cautus5
673 1431 780 1499 respicit
797 1450 879 1501 quum
898 1433 932 1485 ad
950 1449 1049 1488 vestem
1069 1442 1150 1492 servi-

96 1504 162 1572 lem,
174 1506 344 1578 pileumque,
357 1520 401 1557 aut
413 1504 545 1576 galerum,
559 1507 656 1578 quibus
667 1509 738 1559 Nero
750 1511 777 1560 in
790 1510 1024 1566 dissimulationem
1038 1520 1080 1569 sui
1091 1537 1148 1572 sese

97 1600 288 1659 componeret,
299 1601 354 1638 tum
364 1585 399 1637 ad
408 1586 566 1638 comitantes
578 1587 673 1640 milites
686 1607 717 1640 ac
730 1589 851 1643 tribunos
863 1593 959 1663 quibus
971 1593 1014 1648 ille
1026 1611 1149 1651 metuen-

98 1668 150 1719 tior
167 1685 226 1720 sese
246 1664 430 1718 circumdedit.
453 1665 618 1736 Explodatur
636 1686 667 1719 ea
686 1669 716 1720 iis
731 1673 931 1741 interpretatio,
950 1677 996 1746 qui
1013 1676 1149 1734 Neronem

96 1742 226 1796 hocloco
241 1745 314 1814 tangi
328 1762 343 1795 a
359 1745 448 1795 Persio
466 1757 579 1813 negant;
597 1743 663 1796 mibi
680 1763 881 1818 peropportuna
900 1763 926 1802 et
939 1771 1002 1806 vero
1018 1755 1149 1810 simillima

99 1823 211 1877 ridetur.

131 1924 201 1975 Nor.
217 1922 262 1976 50.
275 1923 457 1994 Nequicquam
466 1922 566 1995 populo
576 1923 677 1978 bibulas
685 1925 820 1979 donaveris
828 1947 907 1982 aures.
920 1960 957 1969 —
967 1933 1071 1986 Periodi
1081 1953 1147 2009 apo-

98 2002 186 2070 dosis,
195 2006 274 2073 cujus
284 2005 335 2055 luit
344 2005 460 2074 protasia
473 2025 479 2055 a
496 2005 548 2056 viso
558 2005 580 2056 si
584 2003 683 2074 palles,
694 2020 744 2058 etc.
754 2046 760 2058 .
772 2047 777 2059 .
787 2048 793 2060 .
803 2011 825 2061 si
828 2009 898 2080 facis
908 2013 936 2063 in
944 2032 1052 2084 persen,
1062 2031 1112 2070 etc.
1123 2058 1129 2070 .
1140 2058 1146 2072 .

98 2083 121 2135 si
135 2084 242 2153 puteal,
261 2096 312 2134 etc.
336 2083 485 2150 Quoniam,
506 2085 608 2153 inquit,
629 2097 684 2135 tam
700 2085 788 2138 multis
805 2089 874 2140 vitiis
893 2089 1014 2159 laboras,
1032 2114 1087 2148 non
1107 2112 1147 2151 est

98 2163 175 2235 quod
190 2163 286 2235 populi
302 2160 466 2214 laudationes
488 2165 579 2232 pronis
598 2165 704 2217 auribus
719 2168 843 2239 accipias.
864 2171 944 2223 Vana
959 2188 1022 2225 sunt
1039 2175 1146 2244 laudes,
1190 2227 1192 2236 ,

99 2242 196 2314 quibus
209 2241 314 2313 indigni
329 2259 429 2294 sumus.
444 2271 480 2280 —
493 2242 598 2294 Bibulus
610 2243 745 2297 donaveris
758 2266 847 2309 aures3
860 2245 960 2302 locutio
975 2265 1015 2304 est
1029 2253 1091 2306 huic
1105 2258 1146 2308 vi-

1 2355 2 2358 =
100 2323 173 2375 cina:
184 2323 289 2376 nuribus
296 2321 462 2389 combibere,
474 2339 531 2393 quae
540 2325 634 2394 sepius
644 2322 716 2395 apud
726 2338 846 2378 auctores
856 2331 976 2381 recurrit.
985 2333 1080 2386 Horat.
1092 2332 1144 2386 Od.

99 2402 138 2468 ll,
153 2403 200 2469 13,
212 2402 263 2454 32:

429 2474 524 2517 Densum
531 2472 629 2516 humeris
637 2473 690 2516 bibit
695 2488 751 2516 aure
758 2473 841 2530 vulgus.

131 2603 190 2647 Vsu.
203 2601 240 2647 ⁵1.
250 2602 342 2664 llaspue
350 2601 413 2664 quod
420 2615 466 2645 non
473 2615 511 2656 es;
521 2597 588 2646 tollet
596 2616 639 2646 sua
648 2613 741 2646 munera
750 2601 824 2648 cerdo.
832 2604 958 2650 -Ferunt
967 2607 1060 2668 quidam
1070 2609 1144 2658 MMS.

1 2671 2 2674 ’
99 2671 172 2718 (lodd.
185 2675 270 2736 respice
282 2673 345 2736 quod
359 2688 404 2717 non
415 2687 453 2727 es,-
464 2672 543 2734 sicqne
557 2670 612 2731 legit
625 2669 696 2718 editio
705 2683 772 2718 vetus
785 2683 808 2718 et
822 2673 912 2720 Aldina.
929 2675 975 2721 Sed
988 2693 1068 2741 respue
1082 2678 1146 2744 quod

1 2773 2 2776 =
100 2741 224 2790 ednutrnei
232 2742 306 2790 Cedd.
315 2743 388 2805 magis
395 2743 504 2789 convenit
511 2758 562 2790 enm
571 2740 687 2790 mlletsua
696 2746 876 2800 maurocenis,
885 2757 909 2791 et
917 2746 969 2808 plus
975 2746 1046 2796 babet
1053 2749 1143 2800 virium.

134 2843 201 2894 Nor.
221 2843 264 2894 51.
283 2841 384 2914 despue
395 2840 467 2914 quod
480 2859 534 2892 non
548 2859 588 2902 ως
607 2837 684 2893 tollet
696 2859 743 2892 sue
756 2859 865 2892 munere
878 2845 962 2896 cerdo.
978 2874 1015 2886 -
1031 2848 1145 2919 Respue,·
1244 2895 1248 2902 ,

100 2919 258 2992 dedigneris.
268 2952 305 2962 -
321 2922 396 2991 Quod
406 2940 460 2973 nort
472 2939 498 2972 es
505 2943 513 2981 ‚·
530 2938 587 2991 quae
600 2920 648 2972 tibi
659 2921 726 2973 falso
738 2921 906 2974 tribuuntur:
920 2923 967 2976 sed
982 2941 1082 2996 quanto
1093 2930 1146 2981 ior·

100 3003 148 3052 tior
161 3001 264 3053 locutio
283 3003 406 3054 Parsiana
418 3004 425 3051 1
443 3031 480 3039 -
500 2999 590 3053 Tollat
602 3020 649 3054 sua
662 3019 770 3052 munera
782 2999 872 3063 cerdo‚·
892 3005 964 3056 cerdo
982 3017 1021 3056 est
1036 3011 1145 3079 proprie

3 3092 9 3107 ·
99 3078 162 3147 lixa,
173 3079 220 3132 aui
232 3099 246 3132 e
256 3079 399 3151 plebecula
410 3079 551 3131 vilissimus
564 3081 676 3150 quisque
689 3079 794 3144 artifex,
804 3079 872 3131 lucri
884 3099 963 3134 causa
975 3083 1066 3138 locans
1078 3105 1145 3158 ope·
1222 3087 1226 3098 ¹

101 3179 162 3212 ram.
178 3163 284 3213 Notum
299 3173 388 3212 autem
401 3173 441 3213 est
456 3161 590 3212 Neronem
607 3159 726 3230 (necnon
738 3159 932 3232 Alcibiadem),
946 3176 1090 3234 pertatem
1104 3169 1144 3217 vi·

101 3252 167 3307 tam,
181 3260 212 3292 ac
226 3239 270 3292 vel
284 3240 448 3310 principatus
463 3240 554 3306 initio,
570 3239 643 3311 apud
656 3240 774 3292 cardones
787 3253 865 3310 atque
883 3241 1049 3312 plebeculam
1062 3245 1144 3297 fuisse

99 3321 284 3388 gradasimum.
299 3319 412 3371 Istorum
425 3320 495 3369 enim
506 3317 719 3371 benevolentiam
732 3318 932 3390 largitionibus,
949 3323 1106 3393 spectaculis
1118 3338 1144 3376 et

1 3465 2 3468 Ἴ
100 3396 164 3452 ludis
175 3397 337 3451 omnimodis
347 3397 480 3470 captabat.
493 3398 533 3451 Illi
545 3401 572 3450 in
583 3400 667 3450 vicem
681 3417 787 3450 munere
797 3419 843 3452 nm
854 3402 969 3472 Principi
980 3400 1142 3469 offerebant,

99 3476 202 3532 laudem
219 3477 334 3546 scilicet,
351 3497 382 3530 ac
397 3477 522 3548 plausus,
538 3492 564 3530 et
581 3478 760 3541 adulationes;
780 3497 838 3550 quta
851 3491 952 3551 respuat
963 3483 1051 3550 Nero,
1062 3495 1143 3554 poeta

100 3555 235 3612 bortatur:
247 3558 359 3624 abeant,
373 3560 474 3630 inquit,
487 3576 548 3610 cum
560 3560 614 3610 suis
626 3559 777 3612 muneribus
787 3558 902 3612 calones.

126 3700 186 3748 Van.
204 3701 244 3748 52.
264 3703 349 3746 Tecum
360 3697 449 3755 habite,
468 3708 491 3745 et
501 3703 574 3757 noris,
586 3716 655 3760 mrum
667 3702 697 3747 sit
710 3699 751 3746 tibi
763 3710 829 3747 curte
843 3698 956 3763 supellex.
972 3727 1004 3739 -
1019 3703 1054 3750 Sic
1071 3702 1142 3751 edunt

1 3815 2 3820 ,
101 3771 169 3819 itata.
180 3773 227 3819 mei
237 3771 314 3818 codd.
325 3773 413 3818 Ferunt
423 3770 461 3816 alii
472 3787 478 3818 ι
495 3773 577 3818 Tecum
586 3769 675 3830 latta,
687 3782 714 3820 ut
724 3777 796 3831 nens,
809 3789 860 3835 quae
870 3777 1013 3821 constmetio
1022 3776 1098 3822 minus
1108 3786 1142 3821 eat

103 3840 196 3903 elegans.
208 3842 282 3889 nutri
290 3840 370 3905 legunt
380 3841 496 3888 editurus
510 3844 592 3888 Tecum
601 3841 693 3889 habita:
707 3846 845 3907 unusquam
857 3845 886 3890 sit
898 3843 939 3890 tibi
947 3853 1014 3892 curte
1022 3842 1140 3908 supellex,

1 3923 2 3944 ³
102 3913 168 3960 atrei
177 3917 304 3962 eromuino
314 3913 417 3962 sublatis.

133 4013 198 4066 lion.
214 4012 257 4066 52.
276 4014 371 4067 Tecum
383 4015 470 4068 liabitas
475 4053 484 4081 ,
497 4024 523 4066 et
534 4016 615 4075 uaris,
629 4031 707 4085 quam
719 4013 751 4067 sit
762 4013 810 4066 titt
820 4026 894 4068 curta
904 4013 1029 4088 supellex.
1041 4043 1077 4052 —
1090 4013 1140 4066 Te-

102 4109 158 4144 cum
170 4092 276 4156 habitu,-
289 4094 329 4148 sie
342 4093 408 4148 dixit
422 4097 556 4167 superius,
571 4095 651 4147 satira
665 4095 763 4165 prima,
776 4111 842 4146 vera.
856 4110 870 4163 7
883 4115 889 4144 :
905 4112 951 4146 nec
964 4104 988 4144 te
999 4093 1140 4164 quasiveris
