2970 4936
319 457 361 521 86
493 457 648 520 VARIAE
672 455 941 520 LECTIONES
965 457 1026 521 ΕΤ
1050 456 1185 522 NOTAE

318 599 397 645 voce,
409 579 532 633 derebus
544 582 621 651 ipsis;
633 597 704 633 nuuo
715 578 748 632 ad
760 597 902 652 personam
916 580 1080 632 transfertur.
1092 581 1198 633 Poetics
1210 595 1250 634 est
1261 581 1367 635 locutio

318 678 367 730 pro
383 676 440 732 quoe
456 680 472 712 a
487 660 553 711 Jove
566 661 667 730 precari
678 659 763 711 audes.
773 661 846 728 Virg.
858 657 949 729 Eulog.
960 661 1003 725 tv,
1017 658 1076 729 349.
1090 682 1103 706 ι
1113 661 1245 712 Maternus
1258 658 1367 732 impulit
1421 651 1424 656 ¹

318 757 391 792 cures
399 741 498 792 Luctus
507 740 619 792 Aristaei.
629 764 640 787 r
652 740 690 794 Id.
702 739 803 794 AEneid.
814 742 875 808 ΧΗ,
886 740 952 793 618:
966 741 1161 812 udrrectasque
1174 741 1281 812 impulit
1290 761 1368 794 aures

318 819 441 873 Coulusae
456 839 537 874 sonus
551 822 669 874 urbis...
681 861 686 872 .
699 845 710 868 ι

354 931 422 981 Nor.
433 945 475 981 aa.
487 929 537 980 Dic
550 927 660 1000 apetium
675 928 761 979 Staio:
772 927 844 978 Proh
855 927 998 998 Jupiterto
1012 926 1192 995 beneolacem,
1203 929 1321 999 Jupiter!
1330 959 1370 969 —

317 1007 610 1080 indignabiturStuius,
623 1011 644 1060 si
656 1007 719 1060 talia
731 1005 803 1078 apud
814 1025 874 1058 eum
886 1005 1014 1078 loquaris,
1028 1009 1155 1062 etloum
1165 1008 1370 1061 inclamabit.-

318 1086 406 1155 Proh,
418 1106 469 1139 vox
480 1086 650 1140 exclamantia
662 1099 687 1138 et
700 1085 870 1156 indignantis.
881 1086 957 1140 Orid.
971 1087 1078 1140 Metam.
1090 1088 1163 1154 Xlll,
1179 1106 1200 1155 t,
1214 1088 1259 1154 5,:
1273 1111 1285 1135 ι
1294 1089 1368 1140 Proh

318 1168 429 1241 Jupiter,
442 1170 557 1239 inquit.»
572 1171 677 1220 Persius
689 1169 827 1220 Horatium
838 1169 965 1234 imitatur,
977 1167 1030 1220 Sat.
1042 1172 1066 1232 l,
1080 1185 1110 1237 a,
1126 1185 1156 1238 t7
1169 1185 1226 1240 sqq.
1237 1191 1243 1220 :

663 1298 682 1308 ..
692 1299 696 1308 .
706 1299 710 1308 .
719 1266 811 1308 Maxime
818 1265 866 1322 quis
873 1279 918 1308 neu

591 1335 678 1389 Jupiter
687 1331 805 1376 exclamet!

349 1496 410 1542 Vas.
430 1495 466 1542 23.
480 1495 512 1542 At
520 1510 568 1542 sess
577 1511 622 1540 mn
630 1493 880 1559 clouetlups'terrpsa!
888 1521 920 1532 -·
928 1496 1005 1541 Edunt
1015 1495 1094 1544 uiuet
1104 1495 1179 1540 Codri.
1190 1497 1222 1540 od
1231 1509 1289 1551 sese,
1301 1497 1371 1557 quod

318 1579 367 1610 non
380 1564 500 1627 displiceat
512 1564 665 1620 Castuhouo,
679 1565 744 1626 quod
755 1563 787 1610 illi
800 1576 880 1610 tamen
895 1581 942 1611 nou
956 1576 991 1611 est
1004 1563 1241 1626 receptumllabeut
1254 1573 1279 1610 ut
1289 1566 1372 1610 caeteri

318 1637 393 1686 itus.
404 1651 498 1694 omnes,
508 1635 635 1700 quodcum
644 1638 734 1690 cacteris
743 1636 872 1684 editoribus
880 1637 984 1698 pratulis
996 1638 1138 1690 constructio
1149 1639 1210 1682 enim
1219 1637 1318 1685 clumm
1326 1637 1373 1682 oli·-

318 1725 384 1772 qusm
395 1709 522 1770 elegantior
531 1722 555 1756 et
564 1712 655 1772 poetica
665 1711 750 1790 magis,
762 1725 831 1772 quam
841 1711 872 1754 ud
880 1709 989 1774 ult'qtttm,
997 1711 1061 1770 Vitg.
1072 1708 1119 1754 rtet.
1128 1711 1172 1765 Vl,
1184 1707 1226 1766 43:

520 1798 556 1842 llis
565 1799 665 1855 adjungit
672 1798 739 1857 nytsn
746 1831 752 1850 ,
759 1806 832 1842 nauta
838 1811 883 1854 quo
891 1797 952 1840 lente
960 1797 1057 1841 relicuos

522 1868 663 1909 clamarent.

319 1951 431 1995 l'raeterea
442 1948 471 1994 ad
481 1950 668 2011 distinguendam
678 1951 845 1998 sententiarum
855 1951 939 1996 seriem
948 1957 972 1993 ut
982 1951 1048 2012 quasi
1057 1965 1151 1996 neccsse
1162 1961 1203 1997 est.

354 2047 423 2100 Nor.
438 2049 478 2102 23.
490 2049 527 2102 At
540 2067 590 2102 sese
601 2068 655 2103 nou
667 2049 763 2104 clamet
770 2050 874 2126 ,Iupiter
885 2050 950 2119 ipsei
964 2078 999 2087 -
1013 2050 1085 2100 Deus
1098 2050 1214 2119 optimus
1226 2052 1373 2116 maximus,

321 2145 402 2198 supra
415 2146 493 2198 quum
505 2127 572 2179 nibil
582 2141 636 2192 eet,
646 2126 743 2180 nullius
756 2127 836 2180 fidem
845 2127 984 2199 implorat,
997 2127 1044 2179 sed
1056 2147 1130 2181 suant
1143 2131 1234 2198 ipsius.
1244 2127 1374 2184 Sublimis

320 2221 360 2261 ost
371 2209 515 2273 sententia,
529 2225 638 2279 quaque
650 2209 676 2259 in
690 2210 789 2262 sanctis
800 2207 873 2260 libris
886 2221 1011 2259 recurrat.
1025 2208 1122 2260 Genes.
1136 2207 1224 2274 xxti,
1238 2209 1284 2260 16:
1297 2231 1309 2254 s
1319 2210 1376 2260 Per

321 2296 416 2337 memet
427 2286 509 2356 ipsum
517 2287 617 2358 juravi,
631 2285 697 2337 dicit
708 2287 879 2338 Dominus...
891 2309 901 2332 n

356 2393 424 2446 Nor.
439 2395 485 2460 ah,
499 2393 541 2446 25.
555 2392 686 2467 Ipnoot'tte
696 2404 785 2464 putas,
801 2394 864 2464 quia
872 2429 880 2456 ,
896 2409 978 2464 quum
992 2403 1078 2457 tonat,
1094 2393 1164 2444 ocius
1177 2387 1228 2443 ilex
1241 2392 1375 2465 Sulphuie

321 2471 459 2524 discutitur
466 2489 547 2537 sacro,
554 2491 634 2546 quum
646 2483 725 2543 usque
733 2470 1065 2544 domusque-sabaudus
1073 2469 1178 2522 ridetur
1188 2469 1277 2542 alique
1286 2474 1375 2525 luter-

321 2551 449 2603 locutoris
460 2551 578 2623 objectio
587 2555 614 2604 in
623 2552 696 2604 hunc
703 2553 824 2604 medurns
834 2554 868 2604 At
876 2554 897 2605 si
906 2565 995 2605 nostra
1003 2563 1064 2603 vota
1072 2552 1178 2622 Jupiter
1184 2553 1218 2604 ita
1228 2566 1375 2618 eversatur,

322 2651 371 2684 cur
385 2651 461 2685 stram
480 2636 546 2684 iram
561 2651 616 2686 non
630 2634 768 2686 declarat?
784 2637 881 2685 meite
897 2637 966 2686 enirn
983 2632 1046 2684 huic
1066 2633 1210 2704 objectioni
1228 2634 1376 2706 respondet

322 2711 427 2763 Persius
440 2712 546 2764 :Putas
558 2713 684 2783 ipuouisse
695 2724 744 2763 etc.
763 2711 937 2763 &aaubouus
955 2711 1011 2762 vult
1030 2729 1060 2762 ea
1079 2710 1157 2763 verba
1177 2713 1304 2785 ipnouissc
1319 2733 1375 2786 pu-

323 2801 362 2843 tas
370 2802 420 2841 etc.
429 2829 434 2840 .
442 2827 463 2842 ..
475 2789 528 2861 legi
538 2791 693 2861 simpliciter
704 2801 729 2842 et
742 2791 886 2854 narrative,
902 2807 955 2841 non
969 2791 1161 2862 interrogative.
1175 2791 1224 2842 llic
1233 2809 1295 2842 vcro
1307 2791 1374 2843 sub-

324 2867 411 2920 audiri
426 2887 458 2919 tte
469 2883 560 2922 monet
572 2889 621 2936 an,
633 2870 786 2941 quod⁴infra
798 2872 922 2922 recurrit:
937 2869 976 2920 An
988 2871 1049 2941 quia
1062 2889 1113 2924 nott
1121 2868 1216 2944 fibris..
1274 2885 1325 2923 etc.
1338 2901 1376 2911 -—

328 2948 412 3016 Quum
423 2957 510 3013 tonet,
521 2948 626 3016 Jupiter
636 2948 749 3009 suilioct;
762 2965 816 2999 nou
827 2950 897 3000 enim
909 2958 983 3000 tonat
996 2949 1117 3001 absolute
1129 2948 1235 3018 dicitur,
1247 2951 1316 3002 utin
1333 2949 1375 3003 ltis

324 3025 519 3092 locutionibus,
528 3026 613 3098 pluit,
624 3027 724 3099 ninpit,
736 3041 786 3078 etc.
796 3057 831 3066 -
840 3029 932 3095 Ocius,
942 3027 968 3079 li.
981 3028 999 3079 l.
1010 3045 1059 3099 pro
1068 3031 1155 3100 prius,
1165 3021 1376 3100 sepius—Iler,

327 3124 454 3177 quereus,
469 3125 517 3177 pru
530 3104 650 3177 qualibet
662 3105 758 3160 arbore
770 3107 1088 3181 altissima-Sulphurc
1099 3109 1235 3164 discutitur
1243 3129 1331 3176 sacro,
1347 3109 1376 3163 id

328 3198 368 3237 est
378 3185 514 3256 fulmine,
527 3185 682 3238 translatum
696 3205 727 3237 ex
742 3187 937 3240 observatione.
957 3187 1375 3256 Senec.Quaest.Natur.1l‚53:

330 3267 526 3336 ..Quacumque
542 3265 639 3318 decidit
656 3267 772 3336 fulmen,
789 3267 826 3320 ibi
843 3267 953 3323 odorem
971 3267 1102 3339 sulphuris
1117 3287 1174 3325 esse
1186 3283 1288 3324 certum
1301 3285 1349 3330 est.
1362 3297 1374 3318 .

328 3343 394 3396 Plio.
408 3345 473 3396 Hist.
486 3346 547 3396 Nat.
562 3345 669 3410 XXXV,
685 3346 730 3408 153
743 3343 814 3418 Virg.
826 3345 929 3404 AEneid.
942 3350 965 3404 ll
972 3385 980 3414 ‚
994 3347 1055 3414 698.
1073 3347 1216 3416 Epitheton
1231 3368 1334 3403 merum
1351 3367 1377 3403 et

328 3423 434 3477 fulmini
450 3437 477 3476 et
492 3424 612 3496 sulphuri
630 3441 721 3498 aptum
734 3441 787 3488 ests
802 3427 902 3480 fulmen
916 3430 984 3480 enim
999 3439 1038 3479 est
1048 3425 1213 3480 telumlosis
1223 3431 1376 3501 proprium,

329 3517 355 3555 et
368 3503 499 3574 sulphuris
514 3505 638 3578 frequens
655 3525 718 3558 usus
730 3521 785 3560 erat
799 3508 825 3558 iu
838 3507 1032 3578 expiationibus
1043 3519 1069 3558 et
1078 3505 1279 3559 lustrationibus
1294 3527 1377 3578 quum

329 3579 401 3654 apud
410 3581 523 3650 Grecos,
535 3595 590 3634 tum
604 3585 674 3658 apud
686 3586 828 3638 Romanos.
840 3585 973 3638 luterdum
986 3585 1086 3637 fulmen
1099 3585 1244 3640 vocabatur
1257 3589 1324 3660 ipsuis
1335 3607 1378 3643 tu·

330 3677 380 3725 cer,
393 3672 423 3711 ut
433 3672 546 3712 testatur
555 3663 710 3718 Ammianus
725 3661 843 3718 Marcell.
859 3661 904 3715 lib.
920 3662 1012 3715 xxtll.
1026 3665 1118 3716 Jovern
1132 3678 1220 3716 autem
1232 3665 1379 3720 fulminan-

332 3752 397 3804 tem,
410 3757 460 3809 pro
470 3741 547 3792 variis
557 3738 676 3794 fulminis
686 3745 802 3810 effectis,
815 3743 891 3794 latini
901 3741 1025 3794 dicebant
1034 3739 1075 3793 vel
1089 3753 1205 3794 excutere
1210 3782 1219 3809 ,
1232 3743 1272 3794 vel
1283 3763 1380 3816 percu-

332 3831 396 3885 tere,
415 3819 455 3872 vel
471 3819 602 3874 discutere.
616 3854 652 3865 -
668 3825 753 3893 Quam
772 3835 850 3895 tuque
866 3824 1023 3896 domusque,
1043 3825 1118 3896 quasi
1136 3824 1260 3878 solemnis
1274 3821 1379 3878 locutio

332 3899 403 3970 apud
412 3913 507 3972 poetas
517 3917 543 3953 et
552 3903 579 3954 in
589 3906 681 3955 sacris.
692 3935 727 3944 -
736 3905 814 3958 Conf.
825 3905 897 3976 Virg.
908 3901 1010 3956 AEneid.
1019 3903 1069 3970 lv,
1080 3905 1129 3956 208
1135 3923 1193 3976 sqq.
1200 3925 1207 3967 ;
1218 3905 1318 3956 Lucan.
1328 3907 1381 3972 lll,

332 3979 383 4048 448
395 3999 469 4054 sqq.;
485 3983 579 4034 Juveu.
592 3983 669 4052 Xlll,
683 4001 732 4039 too
742 4002 800 4056 sqq.
811 4002 819 4049 ς
831 3981 968 4036 claudian.
981 3987 1062 4055 Epist.
1074 3985 1108 4036 ad
1118 3984 1242 4037 Hadrian.
1256 3983 1291 4036 38
1301 4001 1380 4057 sqq.;

331 4060 421 4113 Senot.
434 4062 540 4132 Hippol.
558 4064 637 4126 12283
649 4065 681 4116 D.
695 4065 912 4136 Chrysostomus,
925 4064 1017 4116 homil.
1029 4063 1063 4116 de
1073 4058 1172 4118 temere
1180 4064 1342 4136 jurantibus.

367 4170 431 4220 Nor.
445 4172 487 4236 26,
499 4189 540 4240 27.
552 4171 604 4238 Art,
615 4173 678 4245 quia
690 4192 743 4225 non
743 4170 820 4246 fibris
829 4172 917 4224 ouium
926 4173 1101 4245 Erqenonquc
1104 4173 1214 4244 jubente
1222 4167 1304 4225 Triste
1305 4175 1380 4244 jacet
