3038 4932
359 530 423 600 262
670 535 709 596 A.
734 532 892 598 rnnsn
917 485 1085 598 rn-nccl

358 656 458 728 Nulla
470 667 603 739 manet,
617 659 729 750 patrui
739 656 859 725 sterilis
871 674 1051 726 matertera
1061 659 1157 738 vixit,

358 773 476 862 Deque
487 770 560 835 avia
571 765 715 836 nihilum
727 765 1041 860 superesttadcedo
1053 765 1212 850 bavides,
1366 786 1393 838 55

358 879 556 975 Clivumqne
567 878 612 946 ad
626 877 735 964 Virbl;
747 895 870 972 praesto
882 895 934 947 est
945 879 1029 947 mihi
1040 883 1173 948 Manius
1186 881 1297 950 beree.

362 995 564 1084 «Progenies
575 998 690 1060 terrae!
703 1022 717 1052 n
732 995 853 1078 Quaere
865 1015 906 1060 ex
917 1016 987 1076 me,
1000 995 1076 1088 quis
1086 992 1169 1060 mibi
1183 1009 1325 1086 quartus

357 1105 406 1173 Sit
413 1117 508 1194 pater
517 1127 524 1168 :
534 1099 627 1168 haud
638 1118 804 1194 prompte,
817 1099 927 1170 dicam
936 1119 1060 1170 tamen.
1069 1101 1163 1170 Adde
1170 1105 1273 1170 etiam
1284 1127 1396 1185 unum,
1501 1153 1503 1210 ἐ

1501 1213 1503 1254 l

1501 1393 1503 1414 l

1502 1415 1503 1434 l

1501 1439 1503 1458 l

1502 1471 1503 1482 l

358 1217 473 1282 Unum
484 1214 584 1280 etiam
597 1237 607 1282 ι
621 1213 720 1280 t'errae
727 1207 859 1305 estjam
870 1212 978 1296 filius3
993 1212 1120 1281 etmihi
1131 1216 1196 1280 ritu

357 1326 491 1392 Manius
504 1321 559 1392 hic
573 1325 703 1416 generis
717 1347 823 1417 prope
834 1321 942 1416 major
952 1324 1142 1392 avunculus
1156 1325 1234 1393 exit.
1368 1337 1399 1391 oo

358 1435 425 1521 Qui
436 1435 529 1526 prior
541 1457 594 1517 es,
605 1457 666 1502 cur
676 1458 731 1502 me
745 1437 781 1502 in
792 1432 939 1503 decursu
949 1433 1106 1527 lampada
1117 1437 1247 1528 poscis?

358 1546 439 1613 Sum
447 1543 507 1612 nbi
521 1547 708 1614 Mercurius
720 1571 728 1611 z
742 1547 840 1612 venio
852 1544 936 1614 deus
948 1545 1016 1613 huc
1026 1569 1104 1639 ego,
1116 1561 1155 1612 ut
1163 1544 1221 1613 ille

360 1657 521 1747 Pingitur.
538 1662 590 1723 An
600 1655 820 1725 renuisPVin’
832 1673 869 1724 tu
881 1656 1026 1753 gaudere
1037 1655 1184 1725 relictis?

1501 1627 1503 1688 l

410 1771 533 1834 «Deest
541 1766 670 1863 aliquid
678 1765 1147 1836 summae.sMinuimihi:sed
1156 1767 1215 1835 tibi
1225 1782 1336 1835 totum
1346 1781 1402 1848 est,

358 1876 529 1972 Quidquid
536 1876 571 1946 id
578 1896 639 1948 est.
649 1878 714 1948 Ubi
722 1879 865 1972 sininge
873 1902 1035 1973 querere,
1044 1875 1136 1973 quod
1145 1877 1228 1946 mihi
1235 1877 1404 1974 quondam
1502 1907 1503 1926 2

359 1991 503 2078 Legerat
513 1987 656 2058 Stadius.
669 1993 739 2058 Neo
749 1988 837 2057 dicta
848 2013 975 2082 repone
988 2004 1145 2082 paterna:
1374 2001 1405 2054 66
1502 2079 1503 2086 ἵ

362 2100 510 2164 Foenoris
521 2097 663 2166 adcednt
674 2123 802 2168 meroes
816 2127 824 2165 ε
839 2098 919 2167 hinc
930 2102 1038 2168 exime
1050 2115 1215 2193 sumptus.

361 2281 449 2344 nullo
465 2284 620 2367 proneptis
638 2298 787 2367 superest,
805 2284 830 2344 si
848 2284 954 2366 patrui
969 2285 1029 2344 mei
1047 2303 1133 2345 soror
1150 2295 1293 2344 materna
1308 2283 1407 2345 nullos

360 2393 432 2442 ante
441 2395 574 2442 mortem
584 2382 715 2464 suscepit
722 2381 844 2458 liberos,
852 2380 993 2464 nihilque
1003 2383 1132 2443 omnino
1141 2403 1176 2442 ex
1187 2382 1257 2442 avie
1267 2381 1405 2442 relietum

362 2491 408 2538 est
419 2491 641 2561 cognatorum,
654 2479 693 2540 ad
705 2481 808 2540 vicum
820 2479 953 2540 bovillas
963 2479 1139 2561 clivumque
1148 2477 1264 2554 virbii,
1277 2499 1331 2540 me
1339 2500 1406 2539 eon-

362 2575 438 2652 fero,
451 2576 556 2657 ibique
569 2575 648 2638 mihi
660 2597 716 2660 pro
725 2574 845 2638 haerede
858 2576 917 2636 cito
926 2576 1058 2636 occurrit
1066 2576 1190 2636 Manius
1201 2597 1236 2635 ex
1250 2574 1407 2658 plebecula
1502 2635 1503 2644 ,

363 2671 483 2753 aliquis.
499 2705 537 2717 -
546 2674 593 2732 Tu
606 2673 664 2732 tibi
679 2673 818 2732 instituas
832 2669 986 2732 haeredem
1004 2671 1165 2738 hominem
1180 2669 1290 2746 nihili,
1312 2671 1407 2732 filium
1502 2741 1503 2750 χ

363 2766 514 2828 ierrael-
522 2767 651 2850 Quidni?
661 2770 686 2828 si
698 2768 852 2852 rogaveris
864 2770 947 2828 enim
961 2768 1029 2850 quis
1044 2765 1121 2828 mibi
1133 2781 1244 2850 quarto
1258 2767 1362 2848 gradu
1373 2768 1408 2828 sit

364 2877 471 2944 pater,
497 2883 564 2924 non
583 2864 810 2946 equidem-cito
830 2863 1042 2946 respondebo,
1067 2863 1257 2946 respondebo
1285 2877 1407 2937 tamem

364 2959 442 3022 adde
455 2974 558 3022 autem
571 2983 665 3022 avum
679 2984 793 3039 unum,
807 2975 900 3045 atque
911 2984 1011 3024 unum
1024 2963 1132 3036 etiam,
1141 2961 1207 3043 jam
1220 2961 1349 3024 ultimus
1361 2961 1408 3023 ille

365 3055 447 3118 lilius
460 3069 546 3118 terrie
563 3071 593 3118 et
606 3059 669 3140 ipse
681 3071 740 3134 est,
753 3061 796 3119 its
810 3073 846 3120 nt
858 3057 910 3120 bic
921 3061 1044 3120 Manius
1057 3060 1112 3120 fiat
1125 3057 1216 3134 mihi,
1230 3059 1321 3138 quasi
1331 3057 1408 3140 justo

365 3155 483 3235 generis
495 3154 619 3228 ordine,
631 3157 745 3238 aliquis
758 3158 834 3218 oviae
846 3156 950 3218 frater.
962 3160 1010 3217 Tu
1021 3158 1119 3238 priori
1130 3177 1161 3217 es
1174 3177 1210 3216 oc
1221 3157 1347 3217 Manius
1359 3157 1409 3216 isse

366 3253 464 3334 gradu
482 3276 489 3312 :
510 3255 660 3332 conced03
681 3256 732 3316 sed
753 3277 820 3316 non
836 3255 906 3317 ideo
923 3256 1009 3316 decet
1028 3269 1089 3316 tea
1103 3277 1152 3317 me
1166 3276 1325 3336 reposoene
1343 3257 1407 3316 ritae

365 3348 531 3431 lampada,
554 3352 629 3414 dum
652 3355 720 3414 vitae
741 3354 875 3436 spadium
900 3353 1038 3415 decurro.
1060 3354 1134 3414 Sum
1161 3353 1219 3412 tibi
1241 3351 1410 3412 Mercurius

366 3441 444 3504 lueri
456 3444 561 3520 dator3
571 3448 629 3508 tibi
643 3470 679 3510 ex
692 3451 847 3531 insperato
856 3451 1051 3532 supervenio,
1063 3447 1329 3530 quemadmodum
1339 3447 1410 3508 deus

367 3539 420 3602 ille
433 3543 581 3624 pingitur.
602 3545 790 3607 Oblatumne
810 3567 948 3621 recusas,
963 3567 1004 3606 au
1027 3547 1123 3606 mavis
1144 3547 1180 3606 iis
1199 3565 1262 3606 esse
1285 3559 1411 3606 conten-

368 3651 433 3714 tus,
448 3659 517 3720 qnae
530 3642 699 3723 reliquero?

406 3733 456 3809 dd.
475 3737 582 3797 Deesse
598 3738 722 3819 objicies
732 3741 892 3801 bonorum
910 3761 1052 3801 meorum
1070 3761 1199 3802 summae
1216 3739 1354 3820 aliquid3
1370 3737 1410 3798 fa·

368 3845 455 3892 teor:
471 3833 522 3897 sed
537 3856 593 3917 ego
607 3839 706 3898 minui
721 3838 812 3914 mihi,
831 3853 862 3899 et
875 3839 931 3899 tibi
943 3853 1044 3898 totum
1058 3852 1119 3916 est,
1138 3837 1359 3920 quodcumque
1371 3848 1412 3896 est
1499 3849 1503 3864 ¹

368 3928 453 4011 quod
475 3930 638 4013 reliquero.
660 3936 752 3996 Parce
771 3956 905 4018 querere
925 3956 1064 4017 quonam
1091 3936 1225 3996 abierint
1245 3954 1315 4018 qnae
1335 3931 1412 3994 mibi

369 4025 444 4086 olim
455 4027 607 4110 legaverat
617 4045 797 4094 testamento
808 4033 946 4108 Stadios,
959 4045 1050 4115 alque
1062 4054 1097 4094 ea
1111 4031 1187 4093 mibi
1202 4030 1336 4112 objicere
1346 4049 1412 4112 quae

370 4125 462 4184 severi
473 4127 567 4206 patris
581 4148 708 4190 monere
721 4144 784 4190 est:
799 4128 1098 4190 reddaturvidelicet
1110 4149 1239 4190 summes
1249 4149 1284 4190 ex
1295 4127 1413 4188 foenore

371 4218 499 4296 reditus,
512 4224 566 4303 qui
580 4227 649 4286 vitae
662 4226 888 4287 necessitatibus
902 4226 1106 4308 impendatur.
1117 4251 1131 4282 a
