3176 4954
380 397 447 480 446
682 390 917 456 subulcus
940 391 1121 457 sumus.

376 520 492 606 Plebs,
506 533 681 612 materque
694 539 764 584 una
775 538 894 584 somno
907 517 1101 586 muniuntur
1111 515 1227 585 obeso.

377 627 632 699 Romulidarum
644 629 745 719 igitur
755 621 856 718 longa
867 641 901 694 et
911 629 1021 718 gravis
1033 627 1173 694 exiu'um
1183 651 1261 719 pax.
1385 688 1389 700 .

377 747 458 810 Haec
468 737 592 808 fabella
600 734 705 805 modo
716 757 858 828 pausum
868 735 958 804 facit.
971 739 1120 828 Optuma
1130 735 1272 831 posthac

376 855 496 935 Musa,
506 849 609 918 velim
619 871 775 929 moneas,
787 849 861 914 sine
872 871 940 942 qua
950 847 1034 916 mihi
1044 847 1140 916 nullu
1153 848 1309 944 voluptas

376 964 572 1046 Vivere,uti
582 957 757 1055 quondam
768 959 901 1052 Lydus,
915 956 999 1028 dum
1010 961 1153 1053 Smyrna
1163 962 1309 1052 peribat,
1392 977 1432 1030 fio

375 1079 474 1144 Nunc
485 1070 600 1140 itidem
610 1072 756 1162 migrare
766 1067 873 1138 velint
879 1068 956 1152 ‚·vel
967 1069 1114 1164 denique
1126 1068 1258 1166 quidvis

376 1187 423 1253 Ut
432 1189 517 1264 Dea,
528 1203 643 1276 quaere
657 1177 749 1248 aliud
761 1205 769 1246 :
782 1195 915 1248 tantum
926 1184 1078 1248 Romam
1091 1180 1216 1250 Caleno

375 1296 516 1377 Moeuiu,
526 1288 695 1385 jucundos
708 1292 900 1383 pauiterque
912 1287 1050 1360 adverte
1062 1288 1210 1358 Sabinus.

421 1407 502 1470 Haec
514 1425 576 1494 ego
589 1428 596 1467 :
610 1415 681 1466 tum
692 1399 810 1494 paucis
822 1404 892 1466 Dea
902 1423 958 1468 me
973 1399 1147 1492 dignatur,
1160 1416 1194 1469 et
1204 1400 1294 1470 infit:

374 1519 466 1582 Pone
477 1529 587 1580 metus
599 1533 715 1605 aequos
727 1507 850 1578 culuix
861 1535 953 1596 meu;
967 1535 1099 1579 summa
1110 1527 1255 1604 tymuuo
1391 1527 1431 1582 65

374 1629 456 1693 Haec
468 1626 594 1691 instant
604 1621 697 1706 odia,
711 1638 745 1689 et
755 1637 872 1690 nostro
883 1623 1054 1716 periturus
1066 1623 1195 1692 honore
1207 1639 1267 1691 est⁴

373 1735 745 1817 summasunmna,
758 1733 936 1829 fontesque
948 1733 1140 1804 habitamus
1152 1734 1305 1821 eosdem,

372 1851 416 1915 Et
427 1848 547 1914 comite
558 1845 676 1937 Egeria
686 1843 1092 1938 ridemusiuauiacoeptu.

372 1958 472 2033 Vive,
485 1954 575 2038 vale,
587 1969 701 2022 munet
713 1953 805 2022 huuc
816 1953 999 2048 pulchrum
1011 1973 1070 2024 tua
1080 1955 1171 2026 famu
1181 1952 1352 2042 dolorem

372 2070 549 2134 Musarum
560 2065 706 2159 spondet
715 2063 906 2149 chorus,et
916 2072 1089 2136 Romanus
1100 2066 1232 2159 Apollo.
1389 2095 1431 2148 7⁰

407 2285 452 2339 56.
472 2285 564 2354 Plebs,
583 2296 715 2362 usumque
731 2307 800 2357 tusa,
821 2303 872 2342 etc.
918 2289 1025 2362 opifices
1035 2304 1062 2344 et
1076 2303 1173 2342 matres
1184 2311 1190 2341 ι
1206 2287 1280 2362 quod
1290 2307 1324 2342 au
1334 2292 1428 2360 vespis

371 2362 476 2436 Vulgo,
487 2365 632 2440 fraterque.
644 2364 745 2421 Plinius
761 2367 873 2421 crabro·
918 2387 1026 2441 quoque
1037 2371 1195 2436 conveniat,
1210 2366 1356 2422 videndum
1373 2379 1426 2421 est.

371 2463 436 2498 uum
454 2443 508 2499 duo
525 2463 624 2518 geum
644 2448 724 2517 fauit,
747 2447 872 2522 plebem,
918 2448 951 2504 V.
963 2447 1044 2502 schol.

670 2999 753 3046 uuis
773 3000 968 3066 summissu
987 2999 1115 3049 suun.
