3038 4932
352 449 417 515 308
587 447 621 508 c
649 442 836 508 uucmu
861 440 1157 506 FRAGMENTA
1223 413 1227 424 '

835 571 903 635 XL.

350 684 451 752 Sicuti
464 679 667 761 mechanici,
681 703 788 773 quum
802 676 869 744 alto
882 676 1045 744 exsiluere
1055 693 1207 768 petauro.

827 787 911 852 XLI.

353 908 398 970 Ut
408 902 557 994 petimen
569 919 666 978 naso,
679 911 738 963 aut
750 893 884 962 lumbos
896 892 1073 962 cervicibu'
1084 891 1209 986 tangat.

822 1009 925 1076 XLII.

352 1131 442 1192 Tum
456 1147 570 1216 spara,
583 1138 657 1190 tum
670 1123 815 1189 rumices
830 1135 1021 1212 portantur,
1035 1117 1167 1210 tragula
1177 1141 1290 1210 porro.

814 1234 933 1298 XLIII.

353 1351 559 1428 Vasconum,
572 1366 613 1411 ac
624 1345 780 1436 rupicum
792 1364 988 1436 squamosa,
1000 1339 1169 1409 incondita
1181 1358 1299 1410 rostra.

817 1455 932 1519 XLIV.

356 1571 402 1635 Ut
412 1564 503 1634 veles
514 1562 626 1647 bonu',
639 1562 702 1630 sub
715 1565 816 1632 vitem
829 1565 887 1656 qui
899 1562 1032 1630 sumicit
1042 1561 1166 1630 hastas.

825 1675 923 1738 XLV.

357 1791 389 1856 Si
399 1811 480 1856 vero
491 1785 566 1868 dus,
582 1782 674 1878 quod
684 1799 795 1877 rogat,
808 1799 842 1852 et
853 1786 881 1851 si
893 1781 1034 1876 suggeri
1045 1807 1184 1878 suppus.

819 1899 936 1962 XLVI.

356 2003 538 2099 Tapullem
550 2004 660 2074 rident
671 2004 782 2096 legem
794 2029 943 2074 concerae
955 2003 1075 2098 Opimi.

812 2121 943 2185 XLVII.

359 2233 464 2296 Nemo
477 2227 531 2294 hic
544 2227 717 2311 vindicius,
731 2252 873 2311 numen,
886 2254 996 2325 neque
1008 2255 1102 2298 sacra
1113 2247 1249 2298 veretur
1300 2321 1314 2332 ..

807 2342 955 2407 XLVIII.

360 2446 486 2516 Pascali
499 2470 621 2540 pecore
632 2469 672 2514 uc
683 2463 860 2530 montano,
873 2447 961 2516 hirto
972 2466 1074 2545 atque
1086 2449 1207 2518 soloce.

395 2633 449 2683 XL.
462 2632 569 2684 Festus:
580 2631 738 2684 Petauristas
746 2631 861 2684 Lucilius
905 2636 960 2686 Jos.
976 2633 1090 2704 Scaliger
1108 2633 1283 2706 significatum
1297 2652 1394 2705 prover·
1506 2639 1508 2656 ¹

361 2733 377 2765 s
390 2723 499 2784 petauro
513 2709 662 2782 appellatos
672 2713 818 2764 existimare
827 2713 864 2763 vi·
906 2710 1002 2762 biulem
1020 2711 1112 2779 hebet,
1129 2713 1229 2782 inquit,
1244 2711 1296 2764 hoc
1313 2725 1362 2778 est,
1378 2713 1396 2763 si
1506 2717 1508 2778 i

361 2786 861 2855 detur.Vid.Juven.Sat.XlV‚v.265.
906 2789 1117 2843 illiexsenteutia
1128 2790 1396 2866 1·esp0ndes;si‚qu0t

396 2871 462 2921 XLI.
480 2870 572 2920 Festus
589 2889 595 2918 ι
613 2867 747 2919 Petimina
767 2871 795 2920 iu
811 2866 862 2920 hu·
908 2881 997 2939 optut,
1018 2870 1092 2921 iacis.
1113 2870 1219 2942 Suppus
1233 2884 1272 2922 est
1288 2889 1348 2942 pars
1358 2870 1396 2922 tali
1506 2869 1508 2886 ³

363 2949 441 3000 meris
447 2951 628 3018 jumentorum
635 2943 725 2996 ulcere
737 2957 762 2996 st
771 2944 864 3017 vulgus
908 2944 1016 3013 lusorii,
1032 2966 1090 3018 que
1108 2965 1191 3019 glesco
1206 2951 1282 3008 ὕπτιος
1302 2949 1395 3002 dicitur.

273 3093 276 3102 ²
367 3025 490 3100 appellat.
908 3025 996 3093 Quum
1010 3025 1079 3078 tulus
1090 3028 1127 3079 its
1142 3025 1262 3094 caderet,
1274 3041 1305 3078 ut
1316 3029 1397 3095 supina

400 3106 475 3156 XLII.
489 3105 594 3155 Festus:
604 3103 810 3175 Spara,minimi
819 3123 866 3176 ge-
908 3123 970 3176 puts
979 3105 1399 3179 quevocebatur‚supetioretset,

365 3186 435 3236 neris
444 3180 544 3253 jacula,
556 3201 570 3232 s
583 3181 731 3254 spargendo
743 3181 822 3234 dicta.
830 3213 866 3226 -·
911 3199 965 3238 emt
978 3187 1041 3238 felix
1047 3190 1143 3257 jactus.

365 3269 476 3331 Ramex,
485 3281 569 3336 genus
579 3263 638 3329 teli,
647 3260 730 3316 simile
741 3283 832 3336 spurae.
946 3267 1035 3317 XLVI.
1050 3268 1142 3319 Festus
1152 3289 1158 3318 :
1174 3266 1318 3339 Tapullam
1328 3267 1400 3341 leym

401 3345 490 3396 XLIII.
504 3343 610 3394 Festus:
625 3342 772 3414 Squssrou'²
783 3342 816 3394 ab
826 3361 867 3395 ea·
911 3345 1082 3398 convivialem
1090 3347 1151 3400 licto
1160 3350 1267 3400 nomine
1276 3349 1401 3418 couscrip-

368 3422 428 3476 tlem
438 3438 609 3492 squamarum
620 3421 735 3492 piscium
749 3421 867 3474 similitu·
912 3426 946 3477 sit
954 3427 1049 3494 jocoso
1061 3426 1303 3480 esrmiueVelerius
1312 3425 1402 3478 Valen-

367 3500 516 3566 dinedicti‚
532 3518 645 3571 quorum
658 3501 725 3552 cutis
737 3503 867 3571 exsurgit,
913 3503 1402 3577 tinus.Felicitercoujicitproccuceroe
1507 3499 1508 3508 ¹

368 3584 404 3636 ob
419 3579 550 3634 assiduam
562 3579 685 3632 illuviem.
698 3609 734 3620 -—
744 3581 866 3653 Rspices,
912 3583 1017 3647 neusa,
1031 3600 1172 3651 concaua,
1186 3585 1315 3636 mummi.

289 3658 294 3666 ’
368 3662 427 3714 duri
436 3675 462 3713 et
470 3659 667 3731 agrestes-V
664 3677 784 3723 terrenas,
794 3661 880 3716 item..
947 3663 1048 3714 XLVII.
1058 3664 1168 3715 Festus:
1182 3663 1312 3717 Vindictae
1321 3660 1403 3735 appel-

403 3737 870 3792 XLlV.PsulusexFesto:Subvitem
912 3739 1001 3792 lentur
1017 3759 1058 3792 res
1075 3759 1125 3810 ese,
1144 3741 1285 3814 dequibus
1304 3753 1404 3794 eunuc

369 3821 453 3872 hastas
462 3820 552 3890 jacere
570 3815 666 3869 dicitur
682 3813 767 3880 veles,
786 3833 868 3886 quum
912 3819 995 3872 versis
1007 3835 1056 3872 est.

370 3919 413 3952 ees
424 3899 472 3952 sub
483 3916 563 3949 manu
573 3915 675 3949 sursum
685 3897 771 3946 mittit.
948 3901 1060 3952 XLVIII.
1088 3901 1179 3953 Festus
1200 3924 1205 3952 :
1231 3901 1329 3966 Solos,
1350 3899 1405 3952 ltus

403 3979 481 4031 XLV.
493 3979 585 4030 Festus
601 3998 606 4026 :
628 3975 748 4046 Suppum
761 3976 869 4047 Antiqui
913 3997 1016 4044 cressa,
1030 3977 1072 4031 vel
1085 3997 1167 4050 pecus
1181 3978 1241 4030 laus
1252 3992 1403 4032 contectum.

370 4057 510 4122 dicebant,
526 4071 602 4128 quem
613 4073 684 4107 nunc
696 4055 821 4126 supinum
832 4055 870 4106 ‹li-
914 4055 1005 4128 scalig.
1014 4056 1313 4130 interpretaturpsscsle
1321 4073 1405 4130 pecus,

369 4139 453 4189 cimus
468 4157 499 4188 ex
512 4155 607 4205 greco.
627 4134 666 4186 Id
681 4133 751 4201 huuc
765 4153 868 4190 versum
914 4137 941 4186 τὸ
954 4140 1040 4188 εἰκαῖον
1052 4140 1092 4186 καὶ
1105 4137 1233 4202 νομαδικὸν.
