3026 4944
90 456 1113 489 mwwvmmmfflwmmmffl

185 663 482 762 aaumro
509 663 595 759 ar
625 661 987 762 aauuvouo

421 943 760 1050 LECTORI.

75 1389 169 1496 Novo
185 1432 245 1496 lioe
265 1432 428 1495 volumine
448 1443 478 1494 et
499 1429 548 1493 his
565 1433 600 1492 A.
623 1431 721 1492 Persii
739 1431 861 1510 Satiris,
882 1433 980 1510 amice
993 1437 1113 1510 lector,

75 1541 176 1622 integra
186 1539 357 1602 absolvitur
370 1559 478 1624 opera,
491 1557 587 1622 qrram
597 1557 658 1599 nos
669 1540 884 1615 Romanorum
895 1539 1029 1601 Satiricis
1042 1541 1113 1602 scri-

71 1649 196 1729 ptoribus
215 1645 412 1708 adhibituros
431 1643 657 1728 pollicebamur
676 1646 712 1706 in
738 1657 844 1707 nostra
863 1645 904 1706 ad
927 1646 1113 1710 iuvenalem

69 1751 239 1834 prefatione
252 1751 381 1832 (volt,
394 1770 465 1834 pag.
478 1751 535 1831 ix.)
553 1751 651 1812 Anxie
671 1752 861 1830 curavimus,
883 1772 924 1812 ue
939 1772 1005 1812 uon
1023 1751 1113 1814 labor

69 1857 191 1938 jamtum
199 1857 261 1918 tibi
272 1857 396 1918 debitus
408 1855 645 1940 adimpleretur,
655 1857 753 1918 immo
765 1867 796 1917 et
807 1855 979 1918 contineret
988 1853 1059 1916 hec
1069 1855 1115 1918 ul·

69 1965 132 2026 tima
140 1985 208 2048 pars
216 1962 374 2047 quidquid
384 1965 537 2047 pertinere
548 1973 649 2046 potest
660 1962 700 2024 ad
709 1963 901 2024 Satiricontm
908 1963 1112 2024 Romanorum

69 2096 182 2166 turpat,
198 2097 305 2138 unum
319 2077 346 2136 si
363 2077 516 2161 exceperis
533 2077 714 2152 Horatium,
728 2074 815 2158 cujus
828 2075 935 2136 satiras
951 2096 971 2136 a
986 2075 1112 2160 reliquia

69 2181 189 2264 ejusdem
201 2183 355 2267 operibus
367 2182 526 2266 sejungere
536 2181 625 2244 nullo
633 2181 727 2242 modo
739 2181 836 2244 licuit
848 2223 873 2274 (Γ

96 2292 194 2373 Ergo,
209 2292 293 2352 sicut
304 2303 408 2352 actum
419 2291 481 2351 fuit
492 2309 563 2350 cum
575 2289 739 2368 iuvenale,
756 2285 886 2374 reperies
899 2289 935 2351 in
949 2291 1054 2352 Persio
1066 2290 1111 2352 la·

69 2397 154 2456 inam
176 2397 316 2457 numeris
338 2395 448 2458 solutis
473 2395 779 2477 interpretationem
803 2395 933 2477 singulis
956 2397 1112 2480 proemissa

69 2502 158 2561 stiria
176 2513 375 2582 argumenta3
396 2503 431 2562 iu
450 2498 513 2562 fine
534 2501 634 2561 satira
650 2497 798 2583 cujusque
817 2501 926 2562 Varias
946 2501 1111 2580 lectiones,

69 2608 264 2686 mitationes,
288 2624 441 2690 notasque
466 2625 562 2669 omne
586 2627 683 2690 genus
707 2627 784 2690 ques
807 2627 928 2686 summa
952 2627 1026 2668 cura
1049 2609 1110 2670 ela·

69 2727 173 2774 oratos
204 2714 350 2777 amicitiae
384 2727 496 2776 noma
527 2713 677 2797 impertiit
705 2713 753 2774 vir
780 2713 940 2794 ingeniose
972 2713 1110 2778 eruditus
1235 2776 1242 2788 ,

69 2849 84 2878 i.
100 2821 272 2899 Paaaaau,
299 2823 335 2882 in
351 2822 447 2904 Regio
470 2822 574 2882 Sancti
597 2820 751 2882 Ludovici
775 2819 914 2903 Collegit>
932 2819 1109 2884 Rhetoricae

69 2925 220 2989 insessor.
250 2929 313 3006 Qui
335 2949 435 3012 quum
459 2947 539 3012 sape
562 2927 760 3010 multumque
778 2927 904 2991 adversa
929 2927 1109 2992 valetudine

69 3035 276 3119 npediretur‚
297 3056 365 3098 uon
384 3035 502 3098 destitit
521 3047 627 3128 tamen
644 3057 663 3096 a
680 3048 821 3119 suscepto
848 3055 923 3118 erga
941 3057 992 3098 ma
1012 3035 1108 3098 bona

69 3137 222 3202 oluntatis
235 3139 359 3217 officio,
379 3140 457 3223 quin
469 3137 614 3201 ultimam
631 3159 762 3201 manum
776 3138 896 3200 alume
907 3140 1006 3202 satira
1025 3141 1108 3201 notis
1184 3193 1187 3198 .
1209 3113 1216 3138 ⁸

69 3261 225 3328 oponeret
244 3268 251 3305 :
266 3264 331 3328 quo
343 3244 413 3328 jure
427 3256 527 3306 totam
541 3242 635 3327 hujus
647 3243 816 3306 voluminis
834 3246 965 3328 gratiam
979 3243 1019 3306 ad
1035 3263 1108 3308 eum

69 3348 153 3410 der-ri
174 3369 310 3433 aequum
328 3369 444 3410 censeo.

78 3458 186 3519 Persii
203 3458 315 3519 satiras
330 3467 501 3539 sequuntur
516 3455 621 3518 Lucilii
633 3455 808 3540 fragmenta
821 3467 851 3517 et
863 3467 1021 3532 centonet3
1040 3477 1110 3518 mu·

69 3586 91 3625 ,a
107 3563 253 3648 quidem
266 3575 299 3625 et
310 3563 487 3626 claudicans
504 3564 707 3649 compositio,
719 3565 764 3624 ita
783 3576 888 3624 umen
908 3577 944 3626 ut
962 3585 1031 3626 non
1047 3565 1109 3628 vile

69 3673 303 3734 eruendumve
319 3671 428 3734 debeat
446 3691 548 3758 operas
569 3673 705 3757 pretium
722 3692 801 3750 esse,
819 3674 844 3734 si
863 3673 932 3754 quia
947 3672 1055 3735 fulcire
1073 3693 1108 3734 ac

69 3784 194 3842 sarcire
215 3779 286 3842 illas
304 3780 410 3842 ruinas
427 3777 521 3842 luerit
540 3801 707 3864 aggressus.
726 3779 847 3859 Quibus
864 3779 987 3840 auxiliis
1003 3793 1033 3842 et
1048 3802 1110 3865 qua

69 3899 147 3948 cute
158 3886 200 3947 id
210 3888 450 3970 susceperimus,
466 3885 577 3950 videsis
590 3889 624 3950 iu
637 3886 788 3970 prooemio
804 3886 844 3948 ad
856 3885 941 3948 hunc
949 3901 1109 3948 auctorem

69 3993 157 4069 raa,
170 4013 251 4075 raa·
267 3993 346 4074 290·

72 4101 295 4163 satiricorum
317 4101 427 4164 seriem
451 4101 566 4165 claudit
587 4099 725 4185 Sulpicia
746 4103 856 4176 satira,
882 4100 1059 4162 animosum
1079 4114 1109 4160 et
