3116 4934
384 496 670 564 EDITIONUM
693 495 973 564 JUVENALIS.
1137 497 1203 566 633
1273 597 1277 604 ι

152 621 247 682 Penii
255 621 428 703 Satyrantm
443 617 515 682 iiber
524 641 608 682 unus.
622 621 695 683 can
706 619 822 702 anuiysi
837 633 864 682 et
876 620 1046 682 doctissimis
1058 639 1206 684 commen·

153 721 251 796 tariis,
263 721 371 801 purtim
389 740 469 780 nunc
487 722 633 801 primum,
646 721 754 801 partim
771 716 807 780 de
824 722 933 801 inteqru
951 718 1033 782 editis
1039 766 1050 795 ,
1066 719 1207 783 Eiiitanit

151 814 392 898 Lubini.1nfine
402 818 520 876 accessit
530 837 625 875 rerum
639 801 830 876 atvernorum
848 814 936 878 index
947 813 1124 878 utilissimus.
1142 820 1206 880 Ha·

152 914 273 988 noviae,
291 916 365 996 typis
380 911 592 989 Weclreiianis,
608 911 695 989 inte

193 1010 332 1071 Lubinus
346 1009 529 1070 iuvenalem
542 1024 572 1070 et
583 1009 623 1070 ad
633 1009 727 1070 fidem
738 1009 884 1071 codicum
897 1011 980 1070 MSS.
995 1027 1206 1090 recensere,et
1272 1013 1276 1023 “
1333 1010 1337 1018 ’

151 1109 347 1192 interpretari
367 1123 497 1170 conatus
517 1122 583 1184 est,
606 1108 658 1170 sed
680 1107 783 1191 impar
802 1108 862 1171 fuit
881 1109 996 1172 talibus
1014 1101 1104 1172 ausis.¹
1124 1114 1205 1174 Raro

151 1210 272 1268 notavit
287 1209 465 1268 varietatem
487 1205 640 1284 lectionis,
662 1220 693 1268 et
710 1207 804 1268 modo
820 1206 921 1284 hanc,
943 1208 1038 1270 modo
1052 1209 1137 1271 illam
1158 1233 1207 1271 re·

152 1308 330 1368 censionem
344 1308 547 1389 superiorem,
562 1304 745 1389 plerumque
760 1304 923 1388 Stephani,
939 1304 1073 1390 Gryphii
1086 1322 1117 1368 et
1131 1307 1206 1368 Pul·

151 1405 277 1480 manni,
291 1418 437 1486 sequutus
450 1402 582 1464 videtur.
596 1404 847 1480 Commentarius
860 1419 964 1465 autem
974 1404 1126 1486 speciosus
1138 1426 1205 1465 ver·

150 1500 215 1578 bis,
227 1521 260 1561 re
272 1502 374 1561 inanis
385 1515 429 1562 est
443 1515 473 1562 et
483 1501 646 1563 verbosum
660 1500 767 1582 prodit
778 1514 981 1582 nugatorem,
994 1502 1049 1583 qui
1061 1501 1207 1586 pleraque

150 1620 216 1660 non
231 1598 341 1675 semel,
357 1598 407 1660 aed
422 1599 470 1659 bis
486 1611 584 1676 terve,
599 1601 724 1659 mutatis
742 1598 844 1658 verbis
858 1603 1026 1681 uopaqpbru,
1040 1611 1071 1660 et
1092 1619 1205 1659 vanam

151 1716 232 1778 saepe
243 1696 438 1778 alienamque
450 1707 583 1756 ostentat
598 1696 791 1772 doctrinam,
804 1715 874 1776 quae
886 1695 1064 1756 multatum
1078 1696 1206 1758 obscura

150 1812 219 1853 non
234 1791 384 1869 illustrat,
400 1804 468 1853 tum
482 1793 553 1852 satis
570 1790 653 1852 clara
673 1805 705 1852 et
726 1793 885 1873 perspicua
906 1791 1013 1854 alienis
1036 1791 1206 1854 luminibus

150 1889 260 1952 affusis
277 1889 435 1952 obfuscat:
450 1911 546 1972 quare
564 1891 614 1950 vix
634 1891 705 1950 satis
726 1890 834 1949 mirari
853 1910 993 1971 possum,
1014 1891 1088 1972 quid
1107 1912 1207 1954 causte

150 1987 266 2065 fuerit,
283 1988 369 2070 quod
393 1989 580 2048 recentiores
607 1989 808 2068 interpretes,
830 1987 976 2063 Prateus,
997 1986 1206 2064 Schrevelius,

150 2083 301 2148 Marshall
315 2086 428 2168 aliique
440 2085 523 2146 hunc
537 2086 795 2148 commentarium
809 2086 926 2146 ceteris
939 2086 1030 2168 longe
1042 2081 1206 2169 praeieren-

150 2184 228 2245 dum
243 2185 323 2246 etad
336 2185 465 2246 verbum
477 2183 542 2245 fere
552 2182 754 2267 repetendum
766 2195 821 2242 aut
832 2185 923 2244 unice
931 2186 1121 2266 sequendum
1132 2205 1205 2246 cen·

151 2282 278 2343 suerint.
295 2283 402 2363 Neque
419 2303 526 2342 meum
540 2282 636 2342 modo
655 2279 714 2342 hoc
730 2278 883 2363 judicium
903 2294 963 2360 est,
981 2281 1032 2343 sed
1052 2283 1206 2344 Henninii

151 2400 277 2462 quoqne
291 2393 320 2440 et
336 2380 480 2441 aliorum.

196 2479 283 2540 1603.
303 2478 470 2553 iuvenalis,
481 2479 521 2538 'in
537 2479 618 2538 Voll.
634 2478 673 2537 ll.
695 2479 790 2560 Corp.
811 2489 893 2559 poet.
911 2479 978 2538 lut.
994 2475 1066 2537 edit.
1088 2499 1105 2538 a
1124 2475 1204 2537 Sam.

152 2580 309 2662 Crispino,
322 2581 453 2641 Genevae
467 2579 615 2659 (Aureliae
627 2577 759 2657 Allobr.)
774 2577 867 2654 inte

192 2677 297 2740 Editio
312 2699 416 2740 recusa
430 2698 505 2740 ann.
526 2677 597 2738 1611
616 2691 645 2737 et
663 2679 749 2759 1627.

195 2776 280 2836 1605.
295 2776 354 2808 Μ
367 2774 517 2837 Juvenatts
532 2787 560 2836 et
572 2777 666 2836 Persii
681 2777 803 2850 Satine,
822 2795 859 2835 ex
875 2773 996 2856 officina
1011 2763 1207 2836 Pleminium

150 2871 272 2955 eaput.
288 2873 464 2956 Antverpiae
478 2873 529 2952 (in
543 2871 623 2933 Bibl.
638 2873 711 2954 lieg.
723 2872 836 2951 Gall),
849 2870 944 2932 iar-16.

195 2970 280 3052 1607.
305 2969 455 3032 iuvenalis
477 2983 505 3031 et
522 2972 616 3032 Persii
640 2972 755 3051 Satyne
775 2989 844 3030 cum
867 2964 1156 3028 commentationibus
1180 2976 1209 3026 et

151 3063 386 3146 Paruiipomenis
397 3068 430 3127 B.
444 3068 607 3128 Autumni.
618 3067 720 3144 Paris,
738 3066 823 3148 1607.
835 3069 909 3127 Item
918 3062 1061 3146 Stephani
1072 3063 1206 3123 Claverii

152 3165 377 3222 commentarius
397 3166 429 3223 in
446 3164 485 3222 A.
504 3166 597 3224 Persii
615 3165 753 3244 Satyrus,
773 3162 868 3222 Paris.
887 3163 972 3243 1607.
986 3162 1058 3221 Item
1073 3158 1206 3220 Claveni

151 3253 328 3337 periphrases
339 3259 533 3338 oenipmaticae
545 3260 576 3318 in
589 3256 781 3318 iuvenalem:
804 3256 950 3342 atiJ'ursctoe
963 3258 1024 3317 Jos.
1045 3255 1207 3336 scaligeri,

152 3356 247 3438 Lipsii
259 3368 286 3416 et
300 3354 424 3417 aliorum
435 3357 650 3439 explicationes.
667 3357 808 3431 Parisiis,
819 3355 902 3438 apud
917 3355 989 3416 nob.
1000 3358 1107 3431 Fouet,
1119 3355 1205 3416 in-sr.

193 3452 316 3516 Claveni
333 3452 526 3536 Periphrases
541 3453 749 3534 quorumdam
761 3452 903 3514 locorum
917 3455 935 3513 J
938 3453 1076 3514 uvenalis
1092 3452 1206 3514 diffici-

152 3551 280 3627 limum,
302 3551 342 3611 ab
363 3551 524 3612 Henninio
544 3551 667 3612 insertae
689 3551 775 3612 Notis
798 3549 936 3626 Selectis,
955 3571 1060 3634 pancae
1087 3563 1209 3613 suntet

153 3651 262 3731 exiguo
286 3647 333 3708 vel
357 3648 436 3710 nulli
458 3648 535 3710 adeo
558 3650 630 3710 usui
653 3649 691 3710 ad
717 3648 1003 3731 interpretationem
1027 3661 1134 3731 poetes.
1157 3647 1205 3708 Cf.

153 3745 256 3808 Barth.
271 3746 311 3808 ad
325 3745 385 3808 Set.
405 3760 428 3807 t.
448 3748 475 3822 1,
490 3767 520 3830 p.
537 3744 606 3822 432.
623 3748 671 3808 De
685 3747 837 3808 Autumno
856 3759 935 3808 recte
947 3743 1013 3827 jam
1029 3744 1207 3805 Henninius

153 3844 196 3904 ita
206 3841 375 3926 judicarit:
390 3843 583 3906 «Remmius
593 3845 763 3906 Autumnus
773 3843 944 3920 Nitiobrix‚
957 3845 991 3904 in
1004 3843 1117 3903 Senatu
1130 3843 1206 3902 Bur·

153 3939 305 4022 ‹ligalensi
318 3954 486 4024 patronus,
500 3962 622 4003 summa
634 3963 706 4004 cum
717 3962 835 4026 pompa
851 3941 1006 4024 promittit
1021 3939 1207 4000 Commenta-

156 4041 260 4117 tiones,
276 4039 511 4117 Observationes,
526 4039 756 4124 Pamiipomena
770 4042 805 4102 in
817 4038 873 4100 has
884 4038 996 4099 Satiras
1007 4057 1025 4097 a
1037 4057 1068 4098 se
1077 4057 1111 4098 ex
1121 4033 1204 4096 MSS.

15 4209 16 4242 ,
102 4205 104 4210 ,
154 4139 194 4215 (si
206 4139 272 4200 Diis
284 4139 401 4223 placet)
418 4143 767 4223 restitutas,omnesque
781 4151 852 4201 ante
863 4157 936 4202 eum
951 4139 1133 4220 interpretes
1146 4153 1203 4197 no·
