2970 4936
352 497 393 580 74
665 497 703 561 r.
730 479 888 562 rnnsu
913 497 1082 566 sulec}

348 617 507 688 Annuere
517 618 571 688 his
582 622 727 714 Superos
738 638 891 707 vetuere,
905 629 924 692 J
925 649 1092 720 ovemque
1105 642 1291 694 morantur.

392 735 475 798 Rern
486 747 618 801 struere
630 749 768 826 exoptes
780 757 867 802 creso
879 734 980 819 bove,
993 740 1268 832 Mercuriumque

224 843 227 852 ⁴
343 845 492 912 Arcessis
505 843 591 914 libra
604 871 612 912 :
627 844 863 914 Dulortunnre
873 856 1031 940 penates!
1362 867 1398 932 45

341 959 393 1023 Du
404 949 524 1051 poclis,
537 975 572 1028 et
580 958 739 1052 gregibus
751 959 884 1028 foetum!
899 984 983 1055 quo,
997 963 1158 1054 pessime,
1170 977 1286 1055 pacto,

342 1069 410 1135 Tot
420 1068 480 1136 tibi
490 1093 597 1164 quum
607 1074 644 1141 in
653 1068 802 1140 flammis
810 1067 966 1163 junicum
978 1087 1116 1139 omenta
1127 1071 1338 1166 liquescant?

340 1183 384 1245 Et
394 1195 508 1250 tamen
519 1181 575 1250 hic
586 1183 842 1274 extisetopimo
853 1185 988 1252 vincere
1000 1183 1086 1251 ferto

341 1291 508 1359 Intendit:
517 1289 590 1383 jam
602 1297 723 1361 crescit
731 1317 826 1386 eger,
837 1290 908 1386 jam
920 1297 1041 1364 crescit
1051 1292 1155 1377 ovile,

339 1403 415 1467 Jum
427 1399 578 1484 debitur,
587 1391 755 1495 jamjam.
765 1453 772 1470 .
781 1453 807 1470 ..
820 1400 931 1471 donec
942 1401 1104 1496 deceptus
1116 1418 1151 1470 et
1162 1425 1281 1496 exspes
1361 1417 1395 1472 50

339 1513 576 1609 Nequidquam
586 1511 696 1582 fundo
708 1516 856 1606 suspiret
865 1516 1168 1584 nummusinimo.

385 1625 417 1691 Si
428 1624 489 1692 tibi
501 1641 647 1694 crateres
660 1627 790 1717 urgenti
801 1627 988 1719 incusaque
999 1627 1118 1718 pingui

337 1739 429 1802 Auro
440 1733 530 1804 donn
540 1735 662 1818 feram,
675 1734 792 1820 sudes,
803 1752 837 1805 et
847 1751 985 1829 pectore
996 1735 1082 1804 laevo

323 1849 494 1924 ¹Excutiat
504 1863 615 1940 guttas
627 1847 735 1917 lectari
746 1847 989 1942 prsetrepidum
1001 1870 1070 1915 cor.
1186 1933 1191 1940 ι

337 1959 426 2026 Hinc
437 1958 522 2027 rllud
534 1958 652 2043 subiit,
665 1984 748 2028 auro
761 1983 873 2029 sacras
885 1959 978 2055 quod
989 1974 1089 2027 oveto

337 2067 496 2137 Perducis
508 2070 610 2138 facies
623 2096 631 2136 ι
643 2095 725 2138 nam
736 2070 857 2139 fratres
870 2074 959 2138 inter
969 2067 1115 2149 ahenos,

335 2285 457 2347 tiuntur
474 2289 557 2349 Deos
573 2290 633 2350 tibi
648 2289 816 2350 concedere
833 2290 996 2349 sanitatem
1009 2307 1104 2370 quam
1122 2287 1214 2369 petis,
1231 2298 1262 2346 et
1280 2287 1394 2347 Jovem

334 2383 503 2467 prohibent
514 2409 554 2449 ne
564 2390 646 2450 votis
658 2388 796 2450 accedat.

371 2480 423 2558 44.
443 2485 646 2547 Accumulane
653 2506 727 2568 opes
734 2498 876 2568 exoptes,
886 2483 1020 2564 ideoque
1027 2480 1175 2542 immolas
1182 2480 1291 2557 hoves3
1302 2479 1394 2542 obla·

333 2583 433 2663 tisque
442 2583 642 2644 victimarum
652 2585 742 2659 extis,
755 2582 944 2643 Mercurium
955 2581 1014 2641 tihi
1022 2582 1069 2641 vis
1079 2579 1260 2654 conciliare,
1274 2583 1317 2641 sic
1325 2601 1394 2662 pre-

333 2691 433 2740 catus:
446 2679 510 2757 fac,
522 2683 673 2756 Mercuri,
693 2680 806 2741 domus
818 2681 858 2740 sit
870 2678 1043 2739 fortunata!
1059 2678 1202 2739 Concede
1215 2699 1347 2761 pecora,
1363 2692 1396 2740 et

333 2777 478 2858 gregibus
497 2777 750 2838 foecunditstem!
772 2778 811 2837 At
828 2795 921 2852 vero,
940 2777 1151 2859 ineptissime,
1173 2776 1335 2858 quomodo
1357 2777 1393 2836 id

333 2874 437 2955 ipsum
454 2873 523 2934 fieri
541 2885 658 2956 potest,
677 2870 755 2932 dum
775 2885 835 2933 tam
851 2869 960 2933 multas
975 2873 1063 2933 coedis
1076 2871 1238 2953 juvencos,
1255 2893 1394 2955 quinum

333 2971 478 3032 intestina
496 2973 568 3053 igne
585 2971 747 3032 solvantur
765 2981 795 3032 ct
811 2967 992 3052 liquefiant?
1005 2969 1065 3032 Sed
1069 2972 1186 3054 fimtra
1197 2969 1315 3054 loquor5
1333 2975 1392 3033 iste

331 3067 540 3132 nibilominus
547 3071 753 3132 coneturvoti
761 3071 861 3130 victor
868 3089 930 3130 esse
939 3090 995 3152 per
1002 3071 1118 3130 viscera
1125 3070 1280 3153 etpingue
1287 3069 1391 3130 libum

331 3169 545 3230 victimarum:
560 3171 632 3230 Jam
644 3168 762 3230 fundus
778 3169 899 3245 crescit,
915 3171 961 3230 ait
973 3189 1085 3244 secum,
1102 3165 1169 3248 jem
1187 3169 1295 3230 ovium
1313 3189 1390 3249 grex

332 3277 476 3346 augemr3
486 3287 560 3327 mox
568 3267 667 3328 aderit
675 3267 760 3350 quod
767 3279 858 3350 opto;
870 3287 953 3342 ecce,
961 3286 1029 3327 ecce
1039 3265 1166 3327 adest...
1177 3267 1275 3348 Atque
1285 3269 1325 3326 itu
1333 3265 1391 3327 sibi

324 3361 408 3447 falso
417 3362 595 3447 qmtulutur,
607 3366 708 3427 donec
718 3386 868 3427 nummus
876 3385 894 3426 e
903 3363 1048 3448 plurimis
1057 3363 1211 3445 reliquus,
1225 3376 1256 3425 et
1265 3361 1391 3426 defran-

237 3493 239 3499 ·
331 3461 437 3540 dattts,
454 3476 485 3525 et
495 3486 549 3547 spe
559 3465 722 3528 destimtus
738 3463 853 3526 frustra
869 3463 1051 3547 ingemiscat
1067 3463 1102 3524 in
1117 3460 1229 3524 infimo
1246 3483 1326 3524 arces
1337 3483 1386 3524 ex·

333 3559 451 3625 haustae
467 3563 580 3626 fundo.

342 3703 346 3712 .
373 3659 421 3720 52.
443 3661 473 3721 Si
484 3662 543 3722 tibi
554 3674 675 3746 pateras
687 3673 846 3744 argenteas
857 3675 887 3722 et
898 3679 1029 3721 munera
1040 3679 1077 3719 ex
1091 3678 1169 3720 auro
1176 3656 1280 3720 solido
1290 3657 1389 3719 fabri·

331 3771 398 3821 ente
407 3761 591 3839 obtulerim,
601 3775 637 3823 tu
646 3765 750 3824 statim
761 3781 825 3846 proe
835 3760 951 3844 gaudio
961 3757 1102 3837 sudabis,
1113 3771 1144 3821 et
1151 3780 1206 3820 cor
1216 3779 1390 3844 properans

333 3857 430 3920 laetari
439 3861 572 3920 excutiat
579 3860 638 3919 tibi
650 3871 753 3942 guttas
764 3859 886 3920 sudoris
898 3859 932 3918 in
942 3858 1066 3918 sinistra
1077 3867 1163 3940 parte
1174 3857 1307 3939 pectoris
1320 3879 1328 3915 ι
1343 3857 1390 3916 Ex

332 3977 381 4033 eo,
392 3955 552 4040 quodcum
564 3962 606 4020 ita
614 3962 815 4034 commoveris,
827 3959 955 4020 venitin
964 3968 1102 4028 mentem
1111 3957 1305 4018 sanctissima
1314 3955 1389 4016 deo·

332 4079 403 4118 rum
417 4058 583 4121 simulacra
598 4060 753 4122 obducere
768 4080 845 4121 auro
860 4081 896 4121 ex
911 4059 990 4120 hoste
1009 4069 1116 4140 capto,
1135 4068 1166 4118 et
1182 4054 1387 4139 triumphato.

334 4155 451 4218 Scilicet
461 4159 672 4223 intercaeteros
680 4158 876 4222 somniorum
887 4157 961 4220 deos
969 4175 1030 4216 sere
1040 4155 1138 4230 fusos,
1152 4151 1267 4215 bisunt
1280 4151 1390 4236 praeci-
