3148 4950
375 453 439 522 502
591 451 652 517 DE
676 449 841 516 sfflut
868 447 1191 516 ROMANORUM.

372 583 517 645 mittunt.
538 579 612 641 Non
630 573 730 638 etiam
751 569 1028 662 repugnabimus,
1048 572 1076 636 si
1089 571 1166 663 quis
1181 569 1420 652 contenderit,

277 697 281 706 '
371 689 516 754 Ennium
530 700 563 752 et
574 683 744 774 praecipue
755 679 920 752 Lucilium
932 676 1071 773 ejusque
1083 679 1420 750 imitatoresduxisse

371 794 500 872 colores
521 789 686 888 quosdam
702 809 738 858 et
756 789 841 858 sales
859 787 1009 858 hausisse
1031 811 1072 854 ex
1085 793 1281 856 Graecorum
1300 805 1418 858 vetere

372 902 534 974 comcedia
543 899 620 988 (vid.
634 905 751 972 Horat.
764 902 829 968 Sat.
843 902 875 982 l,
892 903 927 984 4,
945 921 955 962 1
971 920 1040 991 seq.
1060 922 1116 980 ro,
1134 903 1172 982 14
1186 923 1257 992 seq.
1271 915 1307 968 et
1321 904 1416 966 Pers.

374 1016 481 1098 1,123
507 1016 608 1108 seq.);
632 1008 771 1092 lambis,
796 1007 881 1076 Sillis
904 1021 938 1074 et
960 1004 1080 1075 fabulis
1100 1010 1263 1100 satyricis.
1285 1013 1417 1074 Verum

370 1141 548 1220 propterea
559 1144 670 1216 neque
681 1121 788 1188 Graeoi
800 1121 921 1188 Satiras
941 1119 1128 1208 scripsisse,
1146 1142 1257 1212 neque
1269 1121 1417 1186 Romani

372 1235 432 1304 has
451 1233 516 1306 illis
534 1248 686 1324 acceptas
706 1229 860 1298 retulisse
880 1225 1038 1297 censendi
1058 1243 1147 1294 sunt
1168 1231 1335 1296 Praeterea
1348 1233 1416 1296 Ro-

372 1370 522 1426 manam,
534 1367 603 1411 non
614 1347 780 1422 Graecam,
793 1343 906 1408 Satirae
917 1341 1078 1429 originem
1091 1338 1210 1420 fuisse,
1224 1362 1265 1405 ex
1275 1337 1417 1406 historia

373 1475 407 1528 et
422 1457 648 1553 ipsa2quoque
659 1454 803 1520 nominis
820 1452 926 1518 forma
943 1449 1114 1544 probabile
1126 1449 1173 1516 fit.
1186 1450 1416 1542 Temporibus

373 1570 506 1662 priscis,
518 1564 641 1661 quibus
662 1585 724 1629 nec
741 1562 850 1654 Satyri
868 1575 902 1625 et
919 1562 1066 1653 Satyrion
1075 1557 1243 1640 dramata,
1262 1584 1327 1628 nec
1345 1559 1418 1628 ulla

373 1700 491 1769 graectc
504 1696 644 1766 poeseos
657 1695 795 1762 genera,
808 1667 879 1763 jam
892 1671 1109 1736 innotuerant
1124 1670 1299 1751 Romanis,
1312 1672 1418 1738 versi-

291 1797 293 1802 “
371 1789 438 1856 bus
458 1786 618 1854 Saturniis
637 1782 917 1874 Fescenninisque
935 1781 970 1845 in
989 1801 1090 1846 scena
1108 1781 1269 1846 successit
1281 1778 1416 1862 Satan-a,

373 1895 525 1989 utsupra
536 1893 697 1974 vidimus,
710 1908 744 1958 et
759 1887 832 1956 haec
844 1886 965 1956 deinde
981 1887 1160 1980 appellatio
1176 1905 1316 1980 propter
1328 1891 1419 1956 simi.

372 2006 546 2075 litudinem
559 2004 720 2098 aliquam,
737 2024 813 2096 quae
827 2001 1014 2091 argumenti
1030 2001 1244 2091 potissimum
1256 2001 1418 2067 varietate

372 2117 615 2198 continebatur,
630 2131 698 2180 tam
711 2112 754 2180 ad
772 2111 828 2179 illa
844 2113 1032 2178 carminum
1048 2135 1186 2201 genera,
1205 2135 1283 2205 quae
1295 2109 1336 2177 ab
1349 2117 1419 2180 En-

372 2233 446 2312 nio,
461 2225 619 2322 quemad
631 2249 687 2307 ea,
701 2247 777 2318 quae
788 2247 809 2290 a
824 2220 952 2292 Lucilio
969 2224 1104 2290 inventa
1116 2219 1286 2301 dicuntur,
1300 2221 1343 2288 ab
1356 2246 1420 2288 au-

373 2340 520 2408 ctoribus
537 2361 654 2405 comm
672 2337 965 2428 grammaticisque
979 2331 1139 2400 translata
1158 2350 1219 2399 est.
1236 2334 1420 2401 Enimvero

371 2475 482 2544 neque
496 2451 621 2517 Graccis
636 2444 854 2541 scriptoribus
866 2442 939 2509 haec
950 2445 1097 2549 carmina
1111 2459 1159 2524 et,
1173 2465 1248 2536 quae
1262 2442 1365 2533 vulgo
1378 2446 1420 2510 iis

370 2563 578 2642 tribuuntur,
597 2559 751 2639 nomina,
765 2556 899 2634 Satura,
913 2554 1018 2620 &tiro
1029 2569 1063 2619 et
1074 2552 1207 2643 Satyra,
1226 2577 1421 2620 memoran-

372 2690 440 2755 tur,
455 2694 565 2765 neque
583 2669 741 2735 Romanis
754 2681 813 2732 aut
827 2664 932 2731 Satira
945 2687 1006 2732 soa
1023 2687 1174 2756 unquam
1188 2661 1345 2756 Sutyn'oe,
1357 2681 1422 2730 aut

375 2781 516 2871 satyrica
530 2782 723 2846 Graecorom
736 2777 845 2866 poesis
859 2797 886 2840 s.
900 2771 1012 2841 fabula
1030 2795 1056 2839 s.
1070 2772 1222 2840 dramata
1239 2773 1350 2840 Satrio
1363 2773 1421 2840 vel

373 2885 495 2976 Satyra
515 2883 682 2951 dicuntur.
699 2884 839 2949 Romani
859 2905 995 2975 qnoque
1016 2885 1070 2949 vix
1086 2879 1192 2950 ullam
1209 2887 1423 2976 satyriam-mn

374 3105 521 3158 veniuntur.
535 3104 592 3157 lam
610 3119 671 3158 raro
685 3100 751 3156 illud
766 3104 871 3172 perspi·
915 3099 1422 3171 nurmficiumusqmntarumtemum

375 3199 454 3235 cuum
466 3193 519 3246 est,
531 3181 642 3251 satyrica
653 3179 803 3234 Graecorum
814 3180 871 3231 dra·
909 3181 954 3232 'ert
968 3179 1003 3233 ab
1013 3181 1045 3232 iis
1057 3183 1160 3251 poetis,
1170 3182 1218 3251 qui
1229 3179 1366 3251 poliundis
1375 3183 1424 3234 Sa·

375 3271 445 3315 mata
465 3277 520 3312 non
538 3259 686 3333 comparari
704 3277 764 3310 eum
778 3256 872 3313 Lucilii
915 3258 969 3312 uris
983 3256 1072 3311 limam
1091 3257 1272 3312 adhibuissent
1287 3277 1377 3324 suam,
1394 3273 1422 3312 et

374 3337 536 3410 aliorumque
554 3337 684 3390 didacticis
701 3337 789 3394 Satiris
810 3339 872 3390 satis
915 3338 942 3394 in
959 3336 1045 3388 medio
1060 3351 1100 3392 eat
1111 3341 1198 3410 posita
1209 3337 1351 3390 Comoediae
1366 3340 1422 3390 llo-

373 3415 496 3484 iusignite
506 3427 585 3486 atque
595 3415 733 3468 commoda
743 3433 829 3485 posse.
839 3416 873 3466 Ar
916 3433 998 3468 mana
1010 3418 1124 3487 species,
1142 3418 1254 3474 arctiore
1268 3417 1423 3472 dramaticae

374 3495 479 3546 tametsi
488 3495 598 3548 Romani
611 3495 638 3546 in
651 3493 792 3550 scribendis
804 3494 873 3548 sui·
916 3496 1027 3547 actionis
1054 3493 1159 3551 viuculo
1185 3499 1240 3550 istis
1265 3497 1422 3552 Gracorum

375 3573 410 3624 ris
425 3571 555 3625 interdum
571 3576 690 3644 proxime
707 3575 873 3644 reperiuntur
916 3573 1014 3628 fabulis
1027 3572 1159 3626 adstricta.
1169 3574 1296 3628 Atellanae
1308 3578 1352 3626 cui
1363 3595 1423 3630 uon

376 3649 491 3702 obfuisse
501 3669 516 3708 a
525 3649 670 3708 dramatico
679 3671 789 3722 gruere,
802 3651 872 3721 quod
916 3667 1072 3709 succurrunt
1085 3653 1204 3720 fabella,
1215 3672 1282 3725 quas
1292 3655 1423 3710 finitimas

376 3732 534 3802 spreturus
551 3735 695 3801 angustiis,
710 3731 806 3802 quibus
821 3733 874 3788 do-
917 3731 1130 3784 asseGraecorum
1143 3733 1240 3805 Satyris
1252 3745 1353 3786 veteres
1362 3735 1422 3804 J'am

375 3811 453 3866 cendi
477 3812 543 3868 ratio
562 3811 726 3876 includitur,
751 3809 872 3874 liberiora
917 3811 1037 3864 universe
1059 3813 1283 3882 pronuntiarunt,
1302 3831 1422 3884 quonam

374 3906 454 3941 cursu
472 3889 556 3942 fertur
570 3907 707 3959 rerumque
722 3892 872 3944 tractationi
913 3889 1020 3959 judiciis
1033 3909 1091 3944 eam
1105 3889 1195 3944 licebit
1207 3889 1423 3946 moderationem

374 3968 528 4025 varietatem
543 3966 640 4038 dialogi
653 3969 769 4040 impertit
785 3987 814 4020 ac
829 3987 872 4022 ru·
916 3965 1055 4035 adbibere,
1067 3981 1096 4018 ut
1107 3969 1237 4022 comicum
1248 3970 1365 4022 maxime
1377 3969 1424 4023 Sa-

374 4045 508 4119 bitanearn
532 4045 670 4117 quamdam
688 4050 740 4100 vim
757 4069 763 4098 :
783 4060 871 4102 tamen
915 4049 1015 4119 tyriceo
1041 4045 1074 4100 ad
1099 4049 1326 4119 comparationem
1342 4067 1422 4102 roce-

374 4139 452 4175 omne
468 4124 519 4176 boc
538 4123 685 4178 dramatica
702 4127 871 4197 compositio·
916 4128 1014 4180 mus?-
