3026 4944
351 471 394 536 30
523 466 679 532 VARllE
703 463 974 535 LECTIONES
998 469 1059 536 ΕΤ
1083 471 1219 540 NOTAE

348 583 474 633 Dicturus
481 577 531 630 fuit
539 581 641 632 Persius
649 598 655 629 :
664 579 720 650 quis
728 595 781 630 non
791 579 924 632 Romaest
934 580 1209 654 ineptus?lnchontsm
1217 599 1281 637 cero
1291 602 1398 642 senten-

349 665 411 714 tiam
424 675 470 713 aut
481 663 538 732 ipse
553 679 609 712 non
622 660 702 712 surlet
713 658 864 726 absolvere,
879 673 924 713 aut
938 661 1058 716 absolvat
1071 681 1125 716 non
1138 667 1199 718 sinit
1218 667 1396 740 adversarius,

349 744 396 814 qui
416 740 561 794 succlamat
576 762 582 790 ι
604 760 636 792 ac
650 741 671 794 si
683 739 730 812 fos
745 741 888 793 dicere...?
907 742 1011 811 Quibus
1027 745 1113 798 verbis
1126 751 1277 819 promptior
1290 749 1398 822 subjicit

270 863 275 872 ,
347 821 451 873 Persius
469 843 476 873 ε
494 819 537 872 secl
547 819 608 891 fas,
625 831 675 871 etc.
693 832 809 872 recurret
824 817 893 872 inim
909 819 979 873 idem
991 821 1057 874 illud
1068 825 1126 896 quis
1136 843 1209 878 nors:
1226 826 1276 879 sid.
1290 843 1347 882 not.
1362 829 1397 885 ad

346 917 452 1022 vellii'ii
464 916 663 1041 fiilhncqnum
674 967 709 1020 ael
718 967 840 1020 canitiem
847 980 995 1023 etnostrnm
1003 973 1072 1025 istud
1080 973 1163 1028 nivere
1171 978 1241 1030 triste
1247 978 1350 1053 Aspexi.
1362 1011 1398 1020 -

349 1052 461 1106 Canities
467 1070 518 1122 pro
526 1061 762 1120 senectute,quam
769 1049 877 1102 canities
884 1049 1202 1110 denuntiat-Nostrum
1211 1060 1396 1131 vioeru,grnca

346 1129 448 1183 locutio
458 1149 521 1203 pro:
532 1143 622 1182 nostra
632 1131 699 1195 rita,
709 1131 747 1181 nti
758 1131 828 1181 infra
839 1149 864 1182 v.
878 1147 942 1196 ιη,
954 1131 1004 1184 hoc
1014 1133 1096 1186 ridere
1105 1155 1208 1199 rnenm3
1219 1141 1313 1212 sepius
1324 1145 1396 1194 enim

346 1230 390 1264 res
399 1211 471 1284 apud
483 1211 600 1262 Persium
613 1211 732 1262 recurrit.
743 1209 857 1262 Multum
867 1211 894 1262 in
904 1209 956 1263 hoc
967 1214 1169 1285 interpretando
1182 1237 1258 1272 versu
1268 1223 1398 1274 variamus

348 1302 401 1354 est,
415 1304 443 1342 ut
458 1293 484 1341 in
498 1289 558 1341 loco
571 1287 681 1340 difficili.
696 1290 825 1340 Canitiem
836 1292 1005 1344 vetustissimi
1016 1294 1044 1344 in
1056 1292 1164 1348 scholiis
1175 1301 1338 1368 grammatici
1351 1318 1398 1352 ex·

346 1371 447 1444 plicant
456 1391 504 1443 per
512 1384 629 1423 veterum
639 1373 821 1424 Romanorum
832 1374 1004 1424 venerandam
1014 1375 1109 1444 vitam,
1120 1380 1163 1430 cui
1173 1382 1318 1451 opponitur
1328 1383 1400 1434 istud

347 1463 460 1504 nostnam
477 1452 561 1503 vivere
577 1450 660 1516 triste,
675 1447 703 1500 id
721 1463 774 1516 est,
786 1450 910 1522 pudenda
922 1453 1085 1522 praesentium
1102 1468 1245 1528 temporum
1259 1460 1320 1511 vita.
1342 1461 1397 1528 Qui

347 1551 439 1584 sensus
453 1533 559 1584 minime
574 1529 725 1602 displiceat,
742 1529 856 1583 simodo
868 1530 977 1589 canities
990 1549 1107 1587 veterum
1119 1536 1299 1592 Romanorum
1315 1542 1397 1593 vitam

279 1663 282 1673 ⁴
345 1613 431 1684 possit
442 1631 496 1664 una
512 1609 660 1682 designare.
682 1607 780 1662 Censet
794 1609 891 1682 Koenig
910 1613 1038 1666 Canitiem
1052 1628 1077 1668 et
1095 1628 1211 1670 nostntm
1228 1621 1296 1672 istud
1311 1620 1398 1674 vivere

346 1694 499 1760 triste‚item
510 1711 556 1746 ac:
567 1702 594 1744 et
603 1691 708 1744 nucibus
714 1689 1011 1768 facimusquoecumque
1021 1697 1130 1766 relictis,
1139 1713 1179 1751 et:
1190 1719 1272 1774 quum
1280 1701 1399 1774 sapimus

343 1785 464 1848 patruos,
476 1793 532 1826 non
546 1771 580 1825 srl
594 1775 728 1825 Romanos
741 1792 887 1846 eorumque
897 1795 981 1828 mores
994 1781 1141 1850 pertinere,
1152 1801 1242 1834 verum
1258 1783 1293 1834 acl
1306 1784 1397 1855 ipsum

345 1857 463 1907 Persium
482 1856 591 1926 ejusque
609 1851 713 1905 vivendi
730 1871 813 1924 genus
832 1873 953 1908 severum
970 1875 1001 1910 ac
1019 1857 1147 1912 idoneum
1166 1861 1284 1916 moribus
1303 1882 1396 1936 repre·

345 1933 511 1998 hendeudis3
528 1935 604 2006 quasi
622 1947 704 2004 poeta
724 1935 794 1986 senis
812 1931 904 1987 induat
922 1956 1077 2009 personam,
1098 1944 1141 1994 cui
1161 1947 1278 1996 censoris
1296 1963 1396 1996 munus

346 2016 496 2066 conveniat.
513 2015 547 2064 Ar
558 2031 621 2065 vero
634 2013 662 2064 in
674 2031 705 2066 ea
719 2014 937 2086 interpretatione
948 2020 1040 2091 aspexi
1056 2032 1082 2071 et
1099 2032 1213 2075 nostrum
1228 2024 1314 2078 vicens
1325 2026 1397 2078 triste

345 2090 380 2144 ad
392 2092 514 2145 eumdem
526 2093 676 2146 referantur
687 2111 795 2146 necesse
807 2107 864 2162 est,
878 2114 935 2168 que
949 2101 1113 2150 constructio
1126 2101 1207 2172 paulo
1220 2101 1312 2156 donor
1323 2103 1397 2158 ricle-

344 2186 395 2225 tur.
410 2175 479 2225 Tum
487 2176 613 2243 junctura
626 2173 830 2245 praecedentium
840 2180 1029 2230 sententiarum
1041 2179 1101 2231 cum
1113 2180 1154 2235 his
1165 2184 1253 2236 verbis
1264 2195 1343 2236 tunc.
1353 2225 1360 2239 .
1370 2225 1376 2238 .
1387 2224 1394 2236 .

345 2261 422 2302 tunc.
433 2291 439 2301 .
449 2290 472 2301 ..
488 2251 613 2324 ipnosct'te
626 2254 712 2306 minus
729 2251 838 2306 habebit
852 2257 946 2308 virium
961 2271 988 2309 et
1004 2257 1138 2312 claritatis.
1159 2257 1279 2335 Denique
1296 2267 1318 2316 si
1332 2285 1395 2318 sen-

345 2333 425 2384 tentia
436 2334 537 2384 ironice
550 2333 694 2405 accipitur,
708 2333 792 2386 levior
807 2349 832 2386 et
844 2337 960 2389 auctoris
974 2340 1080 2409 ingenio
1092 2359 1186 2412 perum
1198 2342 1279 2414 digna
1290 2345 1395 2398 videbi-

345 2426 402 2478 tnr;
420 2415 460 2466 sin
470 2433 533 2467 vero
546 2417 627 2480 serio,
639 2418 742 2486 gravior
754 2429 780 2468 et
792 2419 897 2469 satirico
909 2421 1001 2489 generi
1011 2439 1107 2490 parum
1122 2424 1337 2490 accommodum
1350 2447 1394 2480 rc·

344 2494 424 2546 lerret
438 2494 548 2546 enimin
559 2497 629 2564 jocis
639 2507 722 2566 poeta
732 2498 911 2566 gravissimam
929 2498 1001 2552 illam
1017 2501 1121 2555 Solonis
1134 2522 1242 2572 vocem,
1259 2507 1394 2560 Pisistrato

344 2593 450 2627 cansam
458 2573 574 2626 audaciae
584 2577 611 2626 in
620 2593 647 2626 se
655 2573 875 2646 reprehendendo
881 2580 1056 2652 interroganti
1063 2583 1249 2654 respondentis
1257 2608 1264 2638 :
1273 2589 1396 2644 Senectus

343 2663 369 2703 et
379 2649 523 2725 inqenium.
540 2654 669 2705 Pestivior
680 2653 785 2706 videtur
799 2667 825 2707 et
838 2655 1011 2710 cachinnosis
1023 2678 1142 2730 personae
1159 2661 1274 2718 habilior
1285 2680 1394 2721 senten·

343 2737 394 2797 tis,
408 2736 429 2785 si
439 2733 495 2784 haec
508 2735 597 2784 omnis
606 2733 756 2784 referantur
768 2731 802 2784 ad
814 2735 965 2803 Romanos,
982 2740 1005 2789 si
1016 2743 1122 2792 satiram
1135 2745 1267 2800 scribendi
1278 2753 1394 2803 necessi·

343 2817 435 2865 itatem
449 2825 556 2866 excuset
567 2813 670 2864 Persius
680 2831 729 2883 per
743 2815 865 2876 satiram
878 2818 915 2867 sic
926 2818 990 2870 feeit
1001 2819 1148 2886 luvenalis,
1165 2825 1192 2877 in
1204 2829 1283 2880 satira
1296 2831 1391 2901 prima.

344 2891 487 2944 Videamus
500 2905 588 2944 tamen
600 2911 651 2959 ne,
663 2891 823 2946 Cascnbono
837 2899 1024 2966 assentientes,
1039 2901 1196 2957 arbitremur
1211 2905 1254 2960 hic
1265 2914 1338 2982 tongi
1350 2915 1393 2966 vel

341 2977 451 3046 juvenes
462 2973 525 3025 luxu
535 2971 702 3040 diffluentes,
715 2971 757 3025 vel
769 2993 859 3041 senes,
874 2978 922 3049 qui
940 2979 1028 3033 Curios
1041 2983 1168 3037 sirnulant
1180 2999 1206 3038 et
1216 2989 1392 3046 Bacchanalia

345 3055 443 3106 vivunt.
459 3051 657 3104 Meminerimus
670 3065 779 3123 poetam
791 3052 834 3105 hic
848 3053 921 3128 loqui
936 3055 969 3110 de
980 3059 1076 3129 literis,
1087 3083 1141 3116 non
1156 3064 1188 3118 tle
1202 3068 1329 3122 moribus.

379 3172 445 3222 tter.
469 3186 508 3222 to.
521 3170 919 3247 Etnuct'bussacimusquoecum
939 3198 971 3230 ue
981 3179 1082 3234 relictis.
1094 3183 1392 3242 -Lutlebentnucihus

343 3263 462 3302 veterum
478 3251 560 3319 pueri.
574 3249 673 3304 Phardr.
690 3252 740 3318 111,
761 3255 805 3321 ¹4³
822 3258 889 3310 Catu
912 3261 1001 3327 .XlV,
1021 3263 1069 3314 183
1085 3283 1138 3335 sq.;
1155 3267 1234 3319 Mart.
1251 3289 1274 3321 v.
1293 3271 1341 3336 86,
1362 3290 1391 3334 ι;

343 3331 448 3380 Petron.
458 3330 500 3381 81.
509 3329 547 3380 Ex
556 3347 609 3400 quo
617 3329 677 3382 lusu
685 3333 841 3405 metaphora
851 3339 973 3390 usitatior
984 3359 1060 3394 nuces
1071 3343 1214 3418 relinquere
1223 3365 1288 3418 pro,
1299 3349 1389 3422 egredi

342 3407 463 3480 pueritia.
475 3409 545 3460 Usus
558 3425 665 3481 quoque
674 3411 833 3480 invaluerat,
844 3428 873 3467 ut
887 3420 996 3471 maritus
1009 3437 1087 3472 nuces
1096 3427 1318 3496 spargeret,tium
1325 3449 1389 3482 uxo-

343 3507 399 3541 rem
413 3487 537 3541 ducebat.
552 3489 620 3541 Hinc
630 3489 767 3562 Virgilius,
777 3493 869 3565 Eclog.
881 3497 947 3548 Vlll.
963 3515 996 3568 ²9
1006 3513 1031 3550 et
1041 3502 1084 3553 30.

544 3575 629 3634 Mopse,
639 3591 706 3622 noras
715 3579 786 3624 incide
797 3581 866 3638 facem
876 3583 916 3628 tibi
925 3585 1013 3629 ducitur
1022 3601 1086 3632 uxor:

543 3645 633 3701 Sparge,
641 3645 731 3699 marite,
739 3661 851 3694 nura...

378 3731 444 3785 Nos.
459 3747 498 3782 tt.
509 3731 595 3803 Quum
605 3735 846 3810 sopimuspatruos:
854 3751 941 3794 tunc..
968 3755 1040 3797 tunc.
1048 3786 1067 3798 ..
1079 3749 1341 3823 ignoscite-Nolo.
1352 3789 1388 3798 —

342 3810 456 3864 Patrutu
463 3815 569 3884 proprie
578 3815 658 3868 irater
665 3818 755 3887 patris.
763 3817 939 3892 Patrnivulgo
946 3825 1066 3894 patribus
1075 3834 1216 3886 severiores
1224 3836 1251 3887 in
1258 3840 1389 3909 corripere·

342 3891 383 3943 (lis
395 3893 495 3963 pneris;
511 3896 548 3948 sic
565 3897 592 3948 in
606 3897 736 3950 comoedia
751 3915 979 3972 repraesentantur.
1001 3909 1069 3960 Hinc
1087 3913 1266 3985 metaphorice
1280 3933 1389 3992 patruus

341 3990 393 4042 pro
401 3991 520 4026 censore.
535 3977 575 4028 Ne
586 3979 735 4049 sispatmru
746 3979 822 4032 mihi.
841 3983 933 4035 Horat.
947 3989 1016 4048 satir.
1030 3989 1067 4052 ll,
1080 3991 1111 4056 3,
1124 3991 1166 4043 88.
1179 3996 1275 4052 Sensus
1288 4019 1388 4072 :quum

341 4062 465 4122 patratos,
478 4056 494 4104 i.
508 4074 530 4107 c.
543 4057 613 4109 viros
627 4078 720 4129 graves
734 4080 765 4113 ac
780 4081 900 4129 severos,
911 4065 986 4118 vultu
999 4082 1026 4120 et
1041 4084 1116 4122 aetate
1129 4074 1184 4142 J'am
1194 4079 1339 4132 referimus.
1352 4111 1387 4121 -

344 4131 447 4188 Tunc...
456 4137 796 4214 tunc...Sententiam,qun
802 4144 906 4217 periodi
915 4146 1023 4202 alteram
1030 4165 1132 4222 partem
1140 4157 1341 4226 conficeret,bis
1349 4165 1388 4216 in·
