3054 4932
87 575 1131 605 mfflfflmmmwmmw

228 827 570 928 RECENSUS
602 743 985 928 EDITIONUM

454 1089 761 1246 Pnnsss,

87 1387 241 1448 LONGE
263 1387 463 1449 AUCTlOR
480 1385 1005 1464 FABRlClO·ERNESTlANO,
1018 1389 1073 1448 ET
1088 1390 1134 1450 IN

284 1485 498 1562 QUATUOR
518 1485 686 1546 AETATES
704 1485 935 1548 moestus

512 1715 700 1743 ——QO—
709 1750 711 1762 Ι

86 1844 211 1950 Pmn
227 1909 308 1952 nris
319 1892 350 1966 1,
363 1890 473 1952 natalis
490 1889 704 1973 1469—14993
718 1911 788 1974 quoe
802 1890 843 1952 od
855 1892 994 1954 Persium
1008 1907 1076 1954 tum
1092 1913 1137 1954 se·

84 1986 219 2068 paratim
239 1987 305 2048 sine
324 1986 395 2050 loco
410 2001 440 2049 et
461 2010 565 2066 anno,
587 2002 657 2048 tum
679 1989 784 2050 Rornae
805 2010 855 2072 op.
877 1989 983 2050 Udolr.
1008 1989 1135 2051 Gallum

83 2084 153 2161 (on,
177 2083 271 2165 1470)
285 2105 357 2145 cum
372 2085 521 2147 Juvenale
537 2084 656 2146 editum
668 2085 804 2168 origines
815 2084 918 2146 refert.
933 2087 996 2147 Hos
1013 2109 1135 2170 excepe-

84 2193 160 2240 runt
180 2182 350 2242 Brixienses
368 2181 410 2244 ab
429 2204 482 2244 an.
500 2181 596 2266 14733
615 2196 645 2243 et
660 2181 904 2244 Mediolanenses
925 2183 1075 2244 Zarotinae
1096 2184 1135 2243 ob

84 2299 135 2339 an.
155 2276 246 2360 14743
261 2280 384 2341 Venetos
397 2280 487 2358 dein,
501 2301 635 2364 quorum
650 2279 682 2357 l,
696 2301 768 2341 cunr
781 2279 902 2342 Comm.
914 2280 1019 2342 Barth.
1030 2282 1135 2342 Fontii

83 2375 203 2458 prodiit
223 2374 308 2451 1480.
324 2377 371 2437 Ab
391 2377 515 2438 alterins
531 2377 783 2438 commentatoris
803 2379 852 2438 Jo.
872 2377 1043 2437 Britannici
1061 2399 1135 2438 cura

81 2473 318 2536 commendatur
330 2476 492 2536 Brixiensis
510 2474 556 2551 ΙΙ,
580 2474 664 2551 1481.
685 2475 822 2557 Uterque
835 2473 937 2556 juncti
954 2489 1135 2556 comparent

83 2571 117 2630 in
131 2572 249 2632 Veneta
265 2573 325 2649 Vi,
343 2569 428 2654 1491.
445 2574 566 2634 Persius
574 2592 648 2634 vero
663 2573 712 2634 vel
726 2569 824 2649 solus,
838 2572 886 2634 vel
900 2592 973 2632 cum
987 2574 1005 2631 J
1007 2571 1135 2634 uvenole

82 2669 132 2731 edi
147 2671 319 2731 consuevit.
777 2715 780 2739 ;

123 2766 195 2827 Sine
207 2788 293 2829 anno
306 2783 336 2829 et
349 2767 417 2829 loco
429 2791 436 2828 ι
449 2769 540 2830 Persii
551 2770 665 2850 Satyroe
671 2793 683 2844 ,-
696 2789 791 2850 quom
804 2767 936 2850 scriptor
947 2765 1044 2828 Cotti.
1056 2767 1136 2826 Bibl.
1217 2779 1221 2788 '

81 2865 243 2927 Hulsianae
269 2867 412 2928 omnium
434 2867 606 2950 principem
630 2879 789 2926 censetor
810 2884 918 2943 versu,
939 2864 993 2946 qni
1015 2866 1050 2924 in
1073 2863 1136 2924 fine

81 2961 209 3044 legitur:

223 3094 336 3168 Explicit
348 3097 452 3170 iqrtotrts
465 3115 513 3170 per
526 3109 613 3150 totoni
624 3097 726 3151 Persio
740 3095 833 3149 orbem
845 3101 864 3146 ¹.

123 3252 163 3266 —
179 3221 273 3280 Persii
283 3217 383 3282 Flacci
398 3219 586 3282 nobilissimi
599 3221 729 3303 satyrici
745 3221 872 3294 unicus,
885 3217 937 3280 sed
948 3215 1135 3297 elegantissi-

122 3412 145 3448 ι.
167 3393 269 3466 Anglus
293 3392 378 3446 editor
402 3394 492 3466 Vclpy
511 3406 590 3466 putot
632 3395 707 3447 Hanc
723 3390 785 3446 edit.
800 3390 913 3446 vidimus
929 3391 957 3442 in
973 3387 1137 3444 Bibliotheca

82 3494 137 3528 non
148 3475 211 3528 totis
222 3473 306 3541 clare,
320 3473 361 3526 vel
371 3475 450 3526 etiam
462 3487 533 3524 recto
543 3470 589 3524 dc-
632 3471 717 3526 nobili
737 3471 836 3546 Collcg.
858 3467 948 3543 Magd.
971 3467 1045 3542 {pud
1062 3470 1136 3524 Oxo·

83 3555 210 3624 signarit
225 3554 353 3623 Rupertio
370 3551 514 3606 editionem
529 3553 588 3604 Juv.
633 3552 738 3604 nienscs
747 3569 796 3622 per
807 3550 949 3603 amicitiam
963 3545 1060 3599 eruditi
1070 3547 1138 3598 Pne-

84 3647 110 3687 ot
121 3634 202 3687 Persii
214 3635 379 3704 principem3
390 3632 479 3705 quod,
490 3633 589 3704 inquit,
635 3630 698 3684 sidit
712 3633 752 3683 Μ.
762 3633 788 3684 J.
805 3628 907 3694 nonen,
926 3628 958 3679 D.
979 3627 1013 3680 D.
1032 3637 1059 3678 et
1074 3624 1137 3678 satis

83 3713 236 3766 consulenti
255 3712 379 3765 Biblioth.
397 3713 519 3783 Spenccr.
540 3729 589 3783 np-
634 3712 818 3781 percepimus,
829 3709 858 3759 in
867 3708 1004 3780 ipsistrtis
1016 3717 1139 3776 typogra-

83 3791 204 3864 pnrcbit3
224 3804 252 3844 at
264 3811 311 3863 pro
326 3805 399 3844 certo
416 3790 493 3843 aliern
509 3788 589 3860 hujus
634 3788 719 3863 phicoe
731 3785 899 3841 incunabulis
909 3802 1033 3840 excusam
1046 3783 1137 3834 fuisse.

84 3874 188 3945 generis
197 3891 254 3925 oon
263 3874 371 3924 omnino
379 3869 590 3942 descripsit‚ali·
633 3869 675 3921 Nc
698 3886 835 3920 moremur
858 3865 1018 3929 Lemurem,
1040 3859 1139 3913 indicio

83 3965 125 4005 ter
147 3951 366 4006 characteristica
388 3965 464 4004 notos
494 3948 591 4023 procul
633 3965 690 4000 non
701 3945 825 4014 deerant,
838 3944 933 4018 quibos
943 3946 971 3996 in
982 3941 1139 3994 sententiam

85 4029 169 4084 dubio
181 4028 312 4099 dedisset,
328 4049 416 4104 neque
431 4029 517 4102 aliqua
537 4029 591 4082 cdi·
634 4025 840 4090 docticrtmns,
857 4023 928 4076 hunc
943 4024 1031 4093 iprum
1044 4017 1140 4070 librum

85 4111 210 4175 tionum,
239 4109 273 4162 ab
303 4109 398 4163 eodem
424 4111 480 4162 viro
509 4107 590 4163 docto
634 4103 834 4177 Magdtlcnscm
843 4102 931 4173 accipi
942 4115 1021 4171 posse
1030 4115 1080 4168 pro
1089 4097 1140 4152 Ju-

85 4185 410 4259 descriptarum‚prolroc
420 4191 487 4242 sumi
496 4189 589 4260 possit.
636 4184 775 4240 venalisct
791 4181 889 4248 Persii,
911 4172 1143 4249 conjurantium
1168 4247 1171 4262 ἱ
