3176 4954
335 497 399 583 392
571 498 606 560 C.
632 497 819 562 LUCILII
845 500 1143 567 FRAGMENTA

830 629 887 692 XI.

331 736 433 799 Curet
445 747 623 825 aegrotum,
637 749 809 826 sumptum
823 735 951 822 hpmini
962 737 1129 830 praebeat,

331 845 476 910 Genium
490 867 589 911 suum
602 831 774 928 defrudet,
786 844 842 914 alii
856 863 981 939 parcat.

821 962 895 1024 XII.

331 1063 466 1148 Audivi,
478 1089 579 1159 quem
590 1066 693 1136 febris
707 1091 790 1151 una,
804 1085 906 1164 atque
917 1093 986 1137 una
997 1080 1117 1158 ἀπεψία,

331 1178 423 1257 Vini,
435 1178 589 1272 inquam,
602 1177 713 1245 hiatus
725 1181 834 1271 potuit
843 1203 932 1248 unus
944 1178 1071 1248 tollere.

810 1293 902 1357 XIII.

377 1398 410 1464 Si
423 1399 646 1465 misereantur
657 1423 693 1466 se
708 1401 786 1491 ipsi,
797 1399 874 1467 vide
884 1424 926 1467 ne
936 1399 1068 1468 illorum
1079 1425 1198 1470 caussa
1207 1407 1379 1495 superiore

331 1504 404 1573 loco
417 1504 636 1576 collocaverit.

812 1607 900 1671 XIV.

376 1714 474 1778 Nunc
492 1710 608 1780 itidem
623 1711 786 1805 populum
804 1716 906 1782 istum
923 1714 1139 1806 scriptoribus
1155 1713 1310 1784 volumus
1325 1740 1379 1784 ca-

330 1845 411 1915 pere
426 1826 576 1892 animum
588 1821 731 1892 illorum.
802 1897 881 1984 ,XV

376 2032 451 2094 Non
470 2045 503 2095 te
519 2027 767 2096 multitudinem
783 2046 936 2114 tuorum,
957 2053 1060 2126 quam
1075 2033 1111 2097 in
1126 2027 1240 2098 album
1254 2029 1378 2124 inclyta

330 2137 446 2206 dextra
460 2138 593 2236 oonfic'p
607 2139 681 2206 sibi.

810 2238 896 2302 XVI.

375 2345 486 2426 Quare
498 2342 563 2409 hoc
579 2340 688 2410 colere
702 2360 753 2410 est
765 2347 885 2426 satius,
899 2367 1001 2438 quam
1014 2343 1104 2411 illam
1117 2343 1267 2412 studium
1279 2369 1379 2412 omne

232 2531 240 2544 ⁶
329 2451 384 2519 hic
397 2476 606 2522 consumere.

802 2553 906 2617 XVII.

375 2661 541 2751 Principio
556 2659 687 2752 physici
703 2681 820 2726 omnes
836 2657 990 2725 homines
1002 2681 1040 2726 ex
1059 2659 1171 2726 anima
1187 2675 1221 2726 et
1236 2683 1378 2752 corpore

328 2783 484 2834 constare
497 2767 623 2836 dicunt.

795 2864 917 2928 XVIII.

330 3023 912 3040 .................
939 2972 1076 3041 Redisse

326 3087 374 3150 Ac
386 3084 581 3179 repedasse,
594 3101 633 3152 ut
644 3089 750 3151 Roma
762 3086 844 3152 vitet
853 3080 1102 3176 gladiatoribus.

327 3259 368 3311 vel
381 3261 414 3312 ab
430 3265 524 3334 spiritu
539 3263 641 3328 effusm
658 3259 727 3313 vela
741 3259 828 3330 spira·
872 3263 966 3322 πίπτω,
981 3274 1104 3328 coquere.
1116 3222 1239 3308 Nonius:
1259 3256 1378 3324 Tollere,

326 3339 452 3392 minibus.
473 3343 608 3394 Hivereus
626 3351 688 3394 sunt
705 3337 828 3402 iambici,
874 3335 1003 3388 occidere.

196 3463 231 3491 ,χ
328 3419 634 3489 quesitareecribendos
649 3417 695 3471 dat
708 3419 814 3469 Deusaz
908 3415 977 3467 XIII.
996 3415 1113 3468 Nonius:
1127 3417 1315 3488 Dativus,pro
1334 3433 1377 3468 ac·

326 3514 355 3555 Ut
364 3514 381 3556 si
390 3514 478 3558 eluviem
488 3515 553 3559 teme
562 3531 599 3574 p„
608 3525 701 3558 mmm
712 3513 763 3557 κῃ.
873 3497 1122 3550 curative—Nobis
1132 3511 1221 3550 eutem
1231 3515 1285 3549 uon
1296 3496 1376 3568 plane

262 3584 265 3594 '
326 3573 827 3633 Curareomnibuedistentoeurporeeupiretvile.
872 3574 970 3647 liquet,
986 3573 1051 3646 quid
1067 3574 1147 3627 velint
1160 3575 1216 3628 haec
1228 3575 1283 3628 duo
1294 3577 1377 3627 Nonii

326 3678 362 3690 —
371 3647 494 3703 Eluviem
500 3652 591 3720 facere
604 3651 640 3703 ibi
652 3650 748 3702 dicitnr
760 3665 810 3721 pro
820 3669 826 3698 ε
871 3653 965 3717 verbe,
976 3667 1001 3704 et
1011 3657 1155 3724 praesertim
1164 3655 1273 3708 datius.
1285 3655 1332 3705 Eu.

325 3729 413 3782 eluere
427 3743 454 3782 et
467 3748 572 3800 egerere
583 3729 637 3782 cibi
650 3729 781 3800 reliquias.
903 3731 971 3781 XIV.
979 3729 1016 3781 Id.
1026 3730 1376 3801 Caperedelectare.Forsan

360 3809 405 3860 xl.
422 3808 543 3860 Noniuse
558 3807 685 3872 Genium,
701 3809 827 3876 parsimo-
872 3807 1051 3870 scribendum:
1063 3807 1375 3881 «Nuucitidutpopulm

324 3888 404 3940 niam.
413 3887 452 3939 lta
462 3882 534 3957 apud
542 3885 711 3947 Terentium,
720 3882 825 3936 Pborm.
907 3885 964 3937 XV.
971 3886 1073 3937 Nonius
1080 3908 1085 3937 :
1093 3883 1232 3957 Conficm,
1239 3885 1379 3958 colligere.

324 3967 349 4030 I,
362 3984 385 4032 r,
395 3982 427 4037 9,
440 3966 552 4037 legitur:
569 3963 671 4031 «Quod
682 3961 726 4016 ille
737 3965 826 4016 uncia·
906 3969 973 4019 XVI.
991 3967 1094 4022 Nonius
1107 3989 1113 4018 =
1133 3967 1238 4034 Colere,
1256 3967 1378 4040 diligere.

325 4046 373 4096 tim
384 4047 426 4097 rix
435 4045 468 4098 de
478 4043 605 4096 demenso
616 4060 679 4106 tuo,
690 4041 772 4095 Suum
780 4042 826 4096 de·
906 4047 984 4098 XVII.
998 4046 1100 4098 Nonius
1112 4047 1232 4112 Constat,
1243 4048 1381 4117 composi·

323 4126 433 4182 Irudans
441 4129 557 4199 genium,
565 4127 706 4198 comparsit
717 4127 822 4179 misera
870 4139 927 4179 tum
939 4136 987 4176 est.

361 4203 415 4252 XII.
437 4205 542 4271 Ᾱπιψία,
562 4203 679 4258 cruditas
700 4222 717 4254 α
737 4223 778 4276 pr.
800 4219 825 4256 et
905 4203 995 4255 XVIII.
1008 4203 1128 4254 Nonius:
1143 4203 1287 4272 Repedare,
1305 4204 1377 4275 pede
