3148 4950
373 483 438 550 sos
729 433 792 542 ba
815 478 1048 544 sirrarcrs

370 609 473 704 quid,
492 607 525 674 h.
546 632 576 676 e.
590 609 658 674 sive
669 603 810 672 miscelli
824 607 893 672 sive
907 603 1044 685 dicacis,
1063 607 1231 698 spirarent
1242 617 1271 688 ¹,
1290 607 1338 674 vel
1351 634 1395 676 re

370 721 517 786 centiora
526 720 671 811 antiquis
683 713 876 783 auctoribus
894 713 1079 794 tribuere²‚
1097 713 1152 782 vel
1166 739 1206 782 ea
1222 715 1305 783 adeo
1320 743 1395 786 com·

370 830 475 894 menti
493 841 587 907 sunt,
610 849 687 920 quae
706 848 806 891 nemo
826 820 989 915 scripsit³.
1010 827 1125 915 Neque
1140 821 1395 908 dissimulamus,

370 941 544 1031 nosipsos
567 939 665 1004 etiam
691 933 813 1018 vereri,
835 959 893 1016 ne,
917 934 1040 1002 finibus
1064 922 1282 1030 terminisque
1304 937 1396 1021 ultra,

370 1072 472 1142 quam
484 1050 562 1114 satis
576 1049 633 1128 sit,
649 1044 786 1139 prolatis
799 1061 833 1111 et
848 1043 962 1112 multis
977 1043 1185 1137 diversisque
1201 1048 1397 1113 satiricorum

366 1160 558 1225 'carminum
577 1154 753 1250 generibus
773 1158 1028 1246 coagmentatis,
1044 1154 1246 1247 implicatior
1263 1155 1344 1224 lacta
1362 1160 1398 1224 sit

370 1270 553 1362 disputatio
574 1282 698 1335 nostra.
718 1264 888 1359 Quidquid
907 1287 987 1332 vero
1006 1267 1049 1332 ita
1069 1269 1296 1357 peccavimus,
1314 1266 1397 1359 juve·

370 1405 453 1448 num
470 1402 570 1448 cansa
588 1393 761 1471 peccatum
777 1389 827 1442 est
847 1398 954 1468 eoque
973 1375 1128 1457 consilio,
1149 1393 1189 1442 ut
1206 1375 1241 1442 hi
1260 1379 1397 1442 omnium

370 1504 544 1581 poetarum
558 1487 754 1568 latinorum,
765 1485 822 1579 qni
834 1487 923 1553 inter
934 1485 1082 1552 satiricos
1093 1485 1198 1576 vulgo
1209 1486 1396 1564 referuntur,

370 1621 483 1666 veram
498 1595 642 1666 indolem
655 1610 867 1689 perspectam
880 1591 1061 1676 haberent,
1080 1610 1131 1676 et,
1144 1597 1276 1688 quoties
1290 1593 1396 1660 borum

370 1711 506 1776 nomina
519 1707 572 1775 vel
587 1706 776 1799 legerentur
791 1704 834 1771 ab
850 1705 889 1770 iis
909 1702 962 1770 vel
981 1701 1193 1788 audirentur,
1212 1721 1301 1772 recte
1314 1703 1352 1771 de
1364 1705 1397 1770 iis

368 1816 568 1911 judicarent.

410 1947 498 2013 1.Qno
511 1946 606 2006 refero,
621 1945 644 1996 ι’
654 1943 766 2007 satiras,
776 1943 803 1993 in
813 1942 868 1993 sin·
912 1938 943 1992 lis
959 1939 1133 2013 aliorumque.
1155 1944 1183 1995 2⁰
1206 1943 1321 1996 Ccmrins
1338 1937 1397 1990 dete·

370 2023 472 2094 gulares
487 2021 646 2074 adversarios
660 2023 784 2091 scriptas,
799 2038 824 2070 v.
844 2037 867 2070 c.
912 2018 1006 2070 standa
1016 2020 1100 2071 Curtii
1113 2023 1236 2072 Montani
1245 2019 1312 2090 (vid.
1324 2015 1396 2068 Tacit.

370 2102 676 2166 alenoeoGrarnmatico,
682 2100 799 2168 Pompeii
810 2100 868 2150 Illa·
912 2100 980 2150 Ann.
992 2099 1064 2161 XVI,
1076 2100 1132 2170 28).
1145 2101 1176 2152 3⁰
1186 2102 1276 2165 Diras,
1286 2117 1308 2149 r.
1318 2116 1339 2149 c.
1349 2091 1395 2145 Val.

368 2181 414 2250 gni
427 2177 541 2244 liberto,
558 2181 585 2229 in
596 2178 749 2229 Sallustium
762 2174 867 2228 histori·
913 2181 1036 2245 Catonis,
1051 2183 1136 2252 quiin
1153 2181 1186 2234 iis
1206 2184 1315 2252 primurn
1330 2193 1395 2248 sprot

370 2277 429 2310 oum
442 2257 504 2329 (vid.
520 2258 626 2310 Sueton.
642 2257 757 2308 Graiam.
770 2274 793 2306 c.
809 2255 868 2327 15);
912 2257 1017 2309 licentia
1035 2258 1133 2311 Sullani
1149 2263 1277 2331 temporis
1289 2258 1397 2317 amissos,

371 2338 404 2390 ab
430 2339 521 2392 Ouidio
541 2341 567 2389 in
589 2338 768 2390 adversarium
791 2337 869 2388 nobis
912 2335 1007 2407 deinde
1025 2337 1133 2410 Lydiam
1152 2340 1278 2390 amasiam
1296 2335 1342 2386 sibi
1353 2349 1397 2384 ere
1468 2347 1471 2362 ·

369 2419 503 2486 ignotum,
517 2417 587 2488 qnod
598 2437 701 2470 carmen
711 2419 869 2470 invectivum
913 2431 986 2487 ptam
1005 2435 1062 2469 esse
1081 2420 1203 2489 queritur
1220 2417 1286 2488 (vid.
1302 2417 1397 2468 Wemt·

369 2493 522 2547 Callimachi
530 2495 713 2566 exemploIbin
720 2497 869 2568 inscripsit3
913 2495 982 2547 dorf.
989 2495 1006 2548 l.
1015 2495 1085 2548 laud.
1094 2517 1121 2568 p.
1131 2497 1165 2566 46
1174 2517 1212 2568 sq.
1223 2499 1298 2568 quiet
1306 2509 1396 2544 carmen

369 2573 403 2624 ab
423 2573 566 2640 Enclreria,
583 2573 692 2626 muliere
713 2576 869 2648 Aquitanica
913 2577 998 2647 ipsum
1012 2576 1078 2646 typis
1097 2573 1280 2628 recudendum
1295 2570 1396 2630 curarit,

369 2651 410 2703 vel
424 2652 541 2716 Gallica,
554 2672 611 2723 qun
623 2654 692 2705 forte
704 2672 762 2706 sec.
775 2656 868 2724 quinto
913 2673 939 2724 p.
957 2673 971 2725 7
985 2653 1040 2726 sq.)

368 2728 409 2782 vel
424 2743 497 2784 sexto
517 2733 594 2796 vixit,
609 2733 635 2782 in
654 2750 757 2783 servum
774 2750 868 2801 quem·
950 2751 974 2786 a.
994 2735 1035 2787 stc
1057 2732 1189 2800 Pithoeus,
1208 2735 1285 2785 Henr.
1303 2724 1397 2796 Stepha-

369 2807 444 2874 darn,
458 2811 628 2880 ejusnuptins
637 2811 795 2862 ambientem
803 2809 867 2880 (vid.
914 2829 964 2864 nus
982 2825 1008 2863 et
1022 2813 1101 2883 Gssp.
1117 2813 1239 2864 Burtbius
1256 2805 1332 2861 reteri
1350 2804 1397 2855 cni·

369 2887 530 2939 Wernsdori
546 2887 562 2938 Ι.
580 2889 598 2939 Ι.
617 2907 674 2959 pag.
689 2888 722 2940 65
742 2901 767 2942 et
782 2907 822 2958 tq.
842 2899 868 2940 et
913 2890 973 2942 dant
994 2905 1078 2961 poetro
1100 2891 1267 2945 tribuendam
1286 2894 1397 2962 putarunt

370 2967 453 3036 ipsam
464 2968 515 3019 Sat.
530 2967 593 3019 ibid.
610 2987 655 3039 pp.
666 2985 699 3038 97
711 2967 777 3039 sq).
793 2969 868 3020 sirni-
913 2967 1056 3039 Epistulam
1071 2989 1091 3022 ι.
1108 2972 1223 3022 Satirum
1240 2967 1348 3030 debite,
1360 2979 1397 3034 cu·

369 3042 403 3096 lia
418 3046 532 3095 carmina
551 3046 652 3097 famosa
671 3049 724 3097 sive
741 3045 870 3098 maledica
909 3047 954 3116 jus
966 3050 1157 3118 auctorpotius
1167 3050 1219 3099 fuit
1229 3044 1307 3097 Miclr.
1320 3037 1398 3110 Hospi-

370 3141 386 3174 a
398 3124 485 3174 multis
496 3125 523 3173 in
540 3122 635 3176 multos
648 3127 758 3197 scripta,
777 3145 799 3176 v.
814 3145 836 3177 c.
853 3145 868 3178 a
914 3124 1006 3191 tulius,
1019 3126 1207 3178 celeberrimus
1220 3124 1328 3175 Frarrciae
1338 3118 1397 3168 Cau·

369 3202 427 3255 Sex.
445 3203 553 3255 Vestilio
566 3205 594 3254 in
612 3205 640 3256 C.
658 3205 785 3257 Cesaram
797 3204 866 3275 (vid.
913 3203 1034 3257 cellarius
1049 3219 1075 3256 et
1088 3208 1126 3256 vir
1135 3207 1232 3258 summi
1244 3199 1350 3272 ingenii,
1359 3193 1397 3265 qul

369 3283 432 3333 Tac.
445 3282 514 3335 Ana.
530 3285 577 3349 Vl,
590 3283 640 3353 9);
657 3283 690 3334 ab
702 3286 813 3336 Antistio
824 3285 869 3336 So·
912 3303 974 3336 ann.
989 3284 1050 3337 Chr.
1068 3283 1147 3352 1573,
1158 3283 1203 3336 die
1214 3283 1300 3334 Martis
1309 3277 1396 3328 decima

369 3361 445 3411 siano
454 3361 620 3412 inNeronem
630 3362 708 3429 (Tac.
722 3365 790 3414 Ann.
800 3364 868 3428 XIV,
908 3366 1002 3430 tertia,
1012 3377 1131 3424 mortuus
1146 3377 1187 3416 est
1199 3376 1316 3415 octavum
1328 3367 1396 3424 agent

369 3437 419 3504 48,
433 3450 458 3487 et
475 3439 547 3503 XVI,
568 3439 630 3510 tq);
645 3438 678 3490 ab
698 3439 763 3492 lElio
780 3440 868 3492 Satur·
913 3457 939 3494 et
957 3445 1144 3513 sexageslmum
1161 3461 1268 3494 annum.
1283 3435 1338 3487 Vid.
1356 3433 1395 3483 ra·

369 3515 450 3580 nino,
464 3514 492 3566 C.
506 3517 629 3569 Cominio
645 3531 671 3568 et
687 3519 774 3569 Sextio
786 3521 868 3570 Paco—
914 3522 977 3574 bric.
999 3520 1122 3573 Biblioth.
1136 3525 1194 3574 Lat.
1204 3523 1252 3583 IV,
1275 3535 1302 3579 13
1321 3528 1337 3564 t.
1351 3511 1394 3572 111,

368 3595 449 3646 niano
462 3597 488 3647 in
503 3595 636 3648 Tiberium
653 3597 718 3666 (Dio
732 3598 804 3649 Cass.
822 3597 867 3649 lib.
913 3620 973 3672 paq.
996 3601 1064 3669 α44ς
1085 3615 1111 3654 et
1129 3599 1289 3654 Wernsdorf
1305 3595 1321 3646 l.
1333 3585 1394 3643 laud·

369 3674 437 3726 LVII
449 3687 513 3725 extr.
527 3675 591 3725 Tac.
606 3677 675 3726 Anu.
688 3677 729 3741 IV,
744 3677 773 3728 31
788 3691 813 3729 et
820 3679 868 3743 VI,
913 3699 974 3751 pag.
988 3680 1021 3745 54
1034 3718 1042 3746 ,
1057 3678 1099 3733 55.

370 3753 437 3825 39);
452 3753 584 3804 aLucano
599 3754 626 3803 in
639 3755 772 3805 Neronem
784 3769 809 3806 et
821 3774 868 3825 po·
955 3761 980 3812 3.
1005 3759 1043 3810 Ita
1068 3757 1244 3810 Stratonicam
1269 3753 1395 3806 Satirarum

370 3834 530 3886 tentissimos
540 3833 597 3901 ejus
607 3833 705 3884 amicos
713 3833 833 3904 (Sueten.
841 3835 868 3885 in
913 3837 1088 3907 scriptoribus
1098 3835 1277 3889 adnumeravit
1287 3827 1395 3882 schottus

370 3913 423 3964 vita
438 3913 571 3982 Lucani),
589 3930 605 3962 a
619 3913 725 3965 Nerone
745 3914 771 3964 in
789 3914 869 3963 Afra·
913 3919 940 3970 in
959 3917 1049 3971 Indico
1068 3919 1215 3970 ductorum
1231 3912 1302 3966 Plinii
1321 3905 1394 3972 trajo

369 3994 443 4044 nium
452 3995 641 4061 Quinctianum
650 3989 723 4062 (Tac.
735 3994 803 4044 Ana.
812 3993 868 4058 XV,
912 3984 1395 4067 ris,Antwerp.1616,in-8⁰.StdStffl·
1436 4012 1437 4016 ¹

372 4070 437 4143 49),
449 4085 504 4135 ⁰¹⁰3
519 4093 576 4144 que
586 4092 641 4124 non
653 4074 734 4144 magis
747 4071 800 4124 buo
812 4091 870 4146 spe·
913 4077 1018 4128 tonicus
1031 4075 1148 4146 sculptor
1161 4076 1224 4136 init,
1235 4075 1277 4142 qui
1288 4068 1393 4134 satyrum

370 4161 456 4218 ῦῑεῠῑ,
471 4169 549 4222 qnam
562 4153 750 4225 epigrammata
762 4147 869 4205 Martia·
914 4155 996 4207 linxit.
1009 4153 1069 4234 Vid.
1083 4153 1147 4206 Plin.
1160 4151 1280 4214 XXXIII,
1296 4160 1332 4195 ra.
