3148 4950
187 407 193 418 ‘
258 425 1150 506 nasrr.rodun,nonturnnsnrruvau.
1185 429 1250 498 525

201 576 314 636 ceam,
330 578 409 621 eum
425 551 626 647 plerumque
647 555 843 646 scriptorem
861 553 934 622 aliis
952 553 1104 648 ejusdem
1119 563 1251 650 generis

199 685 220 728 a
234 661 331 729 nobis
343 660 518 744 anteferri,
531 659 629 754 cujus
648 663 822 754 ingenium
840 685 1018 758 moresque
1033 688 1111 733 cum
1127 671 1251 735 nostris
1342 753 1344 760 γ

199 775 344 841 maxime
356 789 559 864 congruant,
575 774 700 866 quique
712 771 798 839 adeo
815 771 912 840 nobis
927 777 1138 866 potissimum
1147 780 1182 845 in
1195 775 1251 845 de·

198 885 282 954 liciis
304 887 346 952 sit
359 911 367 968 ;
381 886 443 952 viri
467 883 557 950 docti
577 908 647 951 non
669 886 749 951 satis
770 901 944 977 reputasse
960 885 1138 971 videntur,
1159 888 1251 957 illam

198 999 487 1091 comparationem
508 996 578 1063 iere
600 1013 703 1064 totam
719 996 867 1088 pendere
883 1021 904 1063 a
920 995 1112 1067 diversitate
1127 1017 1251 1094 tempo·

198 1133 290 1190 rum,
304 1109 535 1200 ingeniorum,
548 1131 684 1175 morum
696 1106 954 1204 studiorumque
966 1108 1115 1204 cujusvis
1134 1129 1250 1204 poetae.

198 1219 317 1286 Omnis
333 1241 414 1285 vero
427 1216 610 1309 disputatio
622 1215 764 1285 fluctuet
780 1241 918 1286 necesse
932 1236 998 1300 est,
1013 1223 1041 1288 si
1055 1245 1124 1288 non
1138 1223 1202 1290 nisi
1215 1224 1251 1288 in

199 1331 394 1397 universum
422 1353 476 1396 res
504 1327 617 1422 aliqua
645 1332 680 1396 in
708 1333 930 1424 quaestionem
953 1347 1111 1415 vocatur,
1139 1357 1251 1428 neque

198 1456 288 1508 certa
301 1441 517 1508 constituitur
527 1439 672 1507 formula
680 1440 933 1536 regulaque,ad
941 1466 1044 1535 quam
1053 1439 1178 1535 judicia
1189 1446 1251 1511 exi-

197 1571 331 1648 gantur.

245 1670 284 1732 ln
301 1665 441 1732 diversis
461 1666 575 1734 Satirae
594 1665 773 1757 generibus
786 1666 1050 1762 auctoribusque
1066 1665 1251 1762 dijudican-

197 1779 248 1846 dis
260 1781 345 1846 ratio
358 1782 527 1872 praecipue
539 1777 695 1846 habenda
707 1795 758 1846 est
770 1778 901 1863 saeculi,
917 1803 986 1873 quo
996 1797 1095 1872 poeta
1106 1783 1251 1876 quisque

195 1891 294 1972 vixit,
308 1906 341 1956 et
357 1914 493 1957 morum
512 1887 786 1983 studiorumque,
802 1911 880 1985 quae
892 1914 932 1957 eo
945 1893 1135 1982 viguerunt.
1148 1891 1248 1960 Nulla

196 2002 285 2066 enim
309 2003 399 2068 inter
412 2001 504 2068 varia
523 2025 647 2093 genera
669 2002 781 2093 poesis
802 2014 872 2082 est,
890 2024 965 2093 quae
986 2004 1092 2093 magis
1112 2003 1156 2068 sit
1180 2000 1249 2069 lilia

193 2113 356 2203 temporis
367 2164 375 2192 ,
388 2135 492 2206 quam
503 2114 626 2193 Satira,
639 2112 719 2204 quia
729 2109 808 2177 inde
819 2107 988 2202 depromit
999 2125 1199 2202 argumenta
1215 2127 1249 2178 et
1308 2103 1312 2114 ’

196 2245 333 2289 omnem
348 2221 416 2288 fere
428 2221 568 2289 succum
579 2236 683 2315 atque
695 2218 843 2287 colorem
855 2219 957 2286 ducit.
972 2223 1136 2286 Praeterea
1149 2216 1249 2312 dispi-

196 2329 352 2400 ciendum
372 2349 442 2414 est,
464 2331 556 2426 quod
574 2333 679 2398 cuivis
691 2319 811 2422 'poetae
835 2329 937 2397 luerit
958 2331 1152 2421 ingenium,
1171 2354 1248 2424 quae

176 2443 179 2450 '
195 2443 359 2509 institutio
372 2460 405 2510 et
419 2445 527 2510 victus
539 2439 761 2509 consuetudo.

242 2553 408 2635 Lucilius,
423 2570 461 2620 ut
475 2552 517 2622 de
535 2577 575 2620 eo
594 2554 743 2645 primum
760 2549 917 2646 quaedam
939 2566 973 2617 et
988 2571 1142 2617 seorsum
1160 2547 1249 2616 dica·

196 2687 272 2731 mus
282 2717 291 2748 ,
303 2665 346 2734 ab
358 2664 496 2733 obsessa
507 2662 706 2757 Carthagine
723 2661 766 2730 ad
783 2665 917 2729 initium
932 2663 1041 2756 quinti
1051 2658 1247 2728 consulatus

196 2776 310 2856 Marii,
328 2777 443 2870 inquo
457 2772 583 2842 Cimbri
597 2790 632 2841 et
646 2778 817 2842 Teutones
834 2775 911 2839 victi
927 2787 1022 2854 suut,
1035 2768 1188 2864 adeoque
1208 2794 1249 2837 ea

196 2886 279 2952 vixit
296 2903 410 2970 aetate,
432 2911 500 2980 qua
517 2889 552 2952 in
569 2884 639 2952 dies
652 2882 790 2979 quidem
810 2881 1007 2951 ardescebat
1029 2883 1125 2976 quasi
1146 2896 1249 2948 certa-

196 3020 294 3079 men,
317 3000 352 3063 in
371 2997 463 3092 quod
482 2999 612 3092 antiqui
631 3020 742 3065 mores
761 3019 841 3064 cum
863 2995 975 3077 novis,
997 2991 1145 3086 probitas
1168 3016 1248 3059 cum

195 3107 427 3199 improbitate,
441 3108 702 3190 descenderant,
716 3107 776 3175 sed
788 3110 893 3174 virtus
906 3104 1054 3198 pleniore
1066 3103 1177 3172 adbuc
1189 3127 1249 3171 orc

196 3220 377 3314 palamque
395 3219 596 3289 laudabatur
617 3237 651 3288 et
667 3222 860 3288 innocentia
883 3243 903 3286 a
918 3217 1033 3286 multis
1050 3215 1248 3311 protegeba-

196 3350 274 3418 tur;
296 3360 363 3430 qua
386 3358 549 3402 numerus
571 3333 784 3401 infirmorum
808 3347 1079 3426 aegrotommque
1099 3327 1248 3427 quotidie

196 3446 375 3538 gliscebat,
395 3444 543 3514 sednon
566 3445 707 3512 deerant
725 3441 864 3526 medici,
887 3467 1033 3538 quorum
1051 3440 1199 3510 remedia
1219 3446 1248 3511 si

196 3581 266 3627 non
280 3573 434 3624 arcerent
449 3557 684 3646 contagionem
696 3569 895 3646 pestemque
910 3576 951 3619 ex
963 3553 1055 3634 Asia,
1070 3555 1198 3620 Graecia
1214 3568 1248 3620 et

196 3666 396 3738 Macedonia
417 3670 648 3759 importatam,
672 3663 791 3731 saltem
817 3665 884 3728 vim
906 3660 979 3755 ejus
1004 3662 1245 3755 infringerent;

197 3804 264 3875 qua
278 3778 390 3847 adhuc
399 3777 496 3845 bonis
510 3779 620 3868 potius
634 3799 736 3870 quam
749 3772 846 3840 malis
861 3772 989 3842 artibus
1001 3825 1009 3854 ,
1021 3789 1056 3840 et
1067 3772 1245 3840 virtutibus

197 3894 302 3982 magis
320 3915 422 3985 quam
439 3887 612 3957 nobilitate
629 3904 662 3953 et
678 3884 801 3978 divitiis
817 3908 971 3952 summus
986 3883 1154 3973 diguitatis
1171 3905 1246 3972 gra-

198 4002 261 4070 dus
274 4003 503 4085 obtinebatur,
523 4019 557 4069 et
570 4000 713 4094 juvenes
735 3999 865 4092 virique
884 3995 1046 4063 natalium
1065 3990 1245 4086 splendore

197 4117 388 4206 conspicui,
402 4114 499 4183 bonis
509 4111 690 4205 exemplis,
702 4107 866 4202 adspectu
877 4107 1062 4198 imaginum
1074 4121 1108 4172 et
1121 4127 1246 4173 memo·
