2970 4936
309 363 351 426 ns
481 362 636 426 vinna
659 360 930 427 anemonas
953 362 1015 426 ar
1039 361 1174 428 uorn
1256 339 1259 346 ’

307 488 386 539 minis
404 486 606 558 impudentiam.
620 517 655 530 -
670 487 771 538 Emerie
789 485 920 538 auriculas
936 488 1059 549 deomm‚·
1080 489 1181 554 facete,
1203 489 1304 542 scilicet
1323 503 1362 541 ut

308 565 451 620 exaudiant
461 585 552 638 preces
560 581 620 619 tuas
632 567 783 634 sacrificiis,
794 579 922 638 tanquam
931 569 1058 632 mercede,
1072 569 1208 621 conducti.

341 673 409 725 Nor.
425 673 469 730 30.
485 671 616 724 Pulmone
626 685 652 724 et
665 673 772 726 lactibus
782 674 925 726 11111ῐὶεὲ-
934 675 1027 726 Monet
1037 674 1213 728 Gasaubonus
1225 674 1282 728 haec
1295 695 1361 730 esse

308 751 465 824 aptioribus
474 751 620 823 separanda
629 766 722 804 etcum
732 754 940 824 interrogatione
949 751 1073 825 legenda;
1083 756 1175 828 sicque
1184 770 1277 808 monet
1284 759 1359 828 jure.

306 831 415 885 Summa
429 834 519 884 ironiae
531 833 570 884 vis
584 846 636 898 est,
651 852 732 904 quum
744 835 886 904 interroget
899 835 1010 905 impios,
1025 854 1058 886 an
1072 847 1173 887 tantum
1190 835 1259 888 effici
1273 856 1361 908 posse

306 929 355 982 per
365 910 505 964 vilissimas
517 924 606 981 partes
618 913 783 964 victimarum
794 911 967 978 arbitrentur,
977 927 1007 965 ut
1016 913 1081 964 deos
1091 913 1244 965 conducant
1256 929 1283 968 et
1294 934 1359 966 cor-

306 988 635 1062 rumpant.-Pulmoue,
650 1009 681 1042 ex
696 989 817 1062 partibus
830 988 924 1042 hostiae
939 1009 996 1062 quae
1011 991 1359 1056 cranemerae-lucres,-

305 1068 409 1122 Nonius
422 1070 449 1120 in
463 1068 504 1121 loo
517 1091 522 1120 :
539 1069 617 1122 lactes
630 1071 751 1122 intestina
765 1071 899 1132 duantum·
914 1073 989 1142 quasi
1002 1084 1092 1143 partes
1105 1069 1171 1123 lacte
1182 1069 1358 1124 candidiores

305 1161 332 1200 ot
344 1149 486 1202 molliores.
500 1179 536 1190 -
553 1149 655 1218 Unctis,
667 1149 694 1201 id
704 1163 758 1216 est,
767 1148 845 1202 lautis
858 1163 884 1202 et
894 1150 1048 1222 pinguibus.
1059 1152 1148 1205 lactes
1159 1166 1186 1204 et
1193 1151 1286 1224 pulmo
1295 1171 1358 1204 me-

304 1232 426 1302 tonymia
438 1245 500 1284 suut
511 1249 560 1305 pro
574 1231 735 1306 quibuslibet
746 1229 869 1302 partibus
881 1233 1011 1285 intestinis
1024 1231 1188 1286 lautioribus.

335 1411 395 1458 Vtu.
406 1409 443 1458 31.
453 1413 577 1468 Eacaceia,
584 1420 732 1458 nutmetuens
739 1412 815 1458 dr'vum
823 1420 951 1458 nmmrtem.
959 1413 1047 1458 -Hac
1055 1411 1141 1458 habent
1150 1411 1257 1476 plerique
1262 1414 1355 1469 ldblS.,

304 1493 489 1544 receperuntque
500 1481 609 1527 editores.
620 1481 699 1528 Codex
708 1497 765 1527 vero
775 1483 835 1544 ⁸²7²
846 1480 893 1527 edit
904 1480 966 1526 linud
976 1498 1019 1544 pro
1029 1491 1083 1538 uut,·
1094 1482 1170 1544 quod,
1183 1485 1226 1530 etti
1236 1482 1293 1529 mihi
1303 1499 1356 1530 non

303 1553 423 1616 recipitur,
435 1565 514 1617 potest
524 1565 602 1600 tamen
613 1551 718 1615 intelligi.
738 1556 798 1599 Avia
810 1562 930 1599 matertera
942 1551 1004 1600 linud
1015 1564 1115 1600 metueris
1129 1555 1218 1612 divum,
1232 1554 1296 1617 quod
1307 1556 1356 1601 sci-

254 1657 259 1668 ·
302 1628 357 1675 licet
367 1627 516 1690 ineptissimis
528 1627 574 1672 suis
585 1625 673 1674 artibus
684 1625 794 1671 confidat.
810 1626 892 1688 Neque
903 1622 1008 1686 illepidus
1019 1624 1113 1687 quidem
1124 1641 1206 1672 sensus
1214 1637 1256 1672 eat.

337 1726 406 1778 Nor.
427 1725 469 1778 31.
483 1724 551 1775 Eece
566 1721 642 1786 avia,
659 1732 837 1775 artmannus
855 1721 944 1773 diuum
963 1732 1109 1776 matertera.
1121 1723 1235 1776 -Ecce
1249 1721 1356 1774 indicat

302 1817 437 1856 auctorem
452 1802 486 1854 ad
500 1802 577 1854 aliam
593 1804 695 1872 pa'rtem
711 1803 800 1872 operis
811 1802 942 1852 transire:
957 1819 1012 1851 non
1024 1797 1106 1852 semel
1119 1801 1146 1850 in
1159 1801 1296 1870 superiore
1307 1819 1355 1853 sa-

302 1885 353 1936 tira
368 1881 395 1933 id
409 1900 492 1952 genus
508 1881 671 1932 transitionis
686 1882 881 1932 annotavimus.
893 1883 976 1948 Vota,
995 1897 1052 1950 qnae
1069 1897 1140 1929 nunc
1154 1878 1221 1930 ridet
1233 1881 1354 1946 Persius,

304 1961 529 2033 nuncupabantur
544 1963 621 2013 certis
632 1960 740 2030 diebus,
756 1960 865 2012 lustrico
878 1961 1025 2032 presertim
1040 1972 1066 2012 et
1078 1959 1206 2012 nominali
1220 1959 1264 2012 die
1279 1960 1354 2031 apud
1449 1997 1450 2000 =

303 2045 451 2109 Romanos,
474 2055 568 2094 octavo
586 2061 682 2112 nempe
699 2041 732 2094 ab
749 2055 811 2092 ortu
827 2060 876 2112 pro
899 2039 1008 2112 puellis,
1031 2058 1104 2092 nono
1119 2060 1168 2112 pro
1182 2041 1353 2113 puerisvid.

302 2123 431 2176 Alexand.
441 2124 527 2194 Neap.
538 2123 648 2176 Dierum
660 2123 775 2174 Genitat.
789 2121 834 2173 lib.
846 2123 883 2188 11,
895 2139 955 2192 cap.
966 2137 1026 2172 xxv.
1035 2119 1158 2187 -Auin,
1171 2123 1354 2192 potiusquam

300 2221 399 2276 parens
409 2205 479 2276 ipsa,
493 2201 527 2256 ad
537 2201 689 2276 augendum
701 2201 857 2268 ridiculum,
871 2202 892 2253 si
903 2219 970 2253 anus
980 2199 1067 2252 vetula
1079 2200 1355 2271 pontum—Moter-

301 2295 368 2349 tera,
380 2300 456 2335 soror
468 2284 572 2347 matris,
583 2286 659 2353 quasi
671 2293 755 2334 mater
765 2281 898 2333 altern-
908 2281 1029 2334 Metuens
1040 2279 1145 2345 divum,
1158 2282 1352 2350 superstitiosa.

301 2362 477 2414 Casaubonus
491 2360 525 2414 ad
540 2361 612 2416 huno
627 2359 717 2416 locum
729 2381 734 2410 ι
753 2358 950 2411 «conveniebat
961 2357 995 2409 ad
1005 2357 1150 2411 nominalis
1159 2359 1244 2409 omnis
1256 2375 1355 2430 cogna-

301 2444 339 2493 tio
349 2465 355 2492 :
367 2441 496 2498 lustrandi
507 2453 594 2512 partes
604 2441 718 2512 propriae
729 2433 870 2510 piatrioum
881 2437 1096 2491 muliercularum
1107 2437 1194 2500 iuere3
1208 2455 1266 2508 quae
1276 2453 1355 2492 erant

303 2541 370 2578 anus
388 2536 515 2588 recoctse,
532 2520 737 2576 circumfereudi
754 2532 780 2572 et
792 2523 911 2572 omnium
925 2521 1023 2570 rituum
1035 2518 1142 2574 illorum
1156 2521 1354 2590 superstitioso·
1436 2591 1444 2597 ἱ

303 2621 360 2654 rum
373 2605 481 2673 peritae:
495 2601 651 2654 Plutarchus
668 2601 695 2651 in
711 2600 781 2651 libro
799 2599 832 2651 de
849 2599 1058 2670 superstitione,
1074 2599 1159 2666 γραίας
1169 2597 1354 2666 πιρψιιοτρίις,

305 2683 399 2753 sepius
411 2683 540 2734 nominat.
553 2704 564 2727 s
578 2681 668 2731 Horat.
682 2681 731 2748 Ep.
743 2681 768 2744 1,
779 2678 809 2743 l,
820 2678 852 2728 8:

504 2775 560 2835 Quid
569 2785 644 2818 voveat
651 2773 710 2817 dulci
718 2771 828 2818 nutricula
835 2773 908 2830 majus
917 2773 1020 2818 alumno!

336 2873 403 2923 Nor.
424 2870 471 2935 32,
487 2869 528 2920 33.
555 2869 634 2920 Cernis
645 2867 754 2920 Exeruit
763 2885 892 2938 puerum,
901 2867 1083 2940 frontemque,
1096 2879 1174 2942 atque
1190 2870 1241 2924 ude
1253 2867 1351 2924 labella

301 2950 404 3022 infami
420 2948 502 3020 dipito
514 2957 539 2998 et
548 2945 694 3000 liutraliluu
705 2940 769 2999 'ante
777 2945 866 2998 saliuis
874 2947 980 3018 Expiet.
990 2948 1216 3002 -Exemircunis
1224 2967 1350 3020 paenam,

231 3065 234 3072 ·
300 3031 402 3083 scilicet
412 3043 442 3080 ut
451 3045 566 3100 presens
577 3030 713 3081 sisteretur
721 3027 755 3080 ad
763 3047 849 3094 sacra,
858 3046 916 3098 quae
923 3047 974 3100 pro
981 3030 1065 3100 ipsius
1076 3028 1224 3082 salutatum
1233 3029 1290 3080 aliis
1299 3029 1350 3082 diis

301 3109 455 3183 deabusque
472 3109 584 3175 fiebant,
603 3123 659 3161 tum
676 3111 757 3161 etiam
773 3108 828 3162 dese
839 3111 960 3176 Cuuinae,
978 3123 1004 3160 et
1016 3109 1152 3176 Pilumno,
1169 3123 1195 3162 et
1208 3113 1351 3178 Picumno,

301 3211 358 3264 qua·
370 3192 480 3264 propria
492 3202 567 3240 erant
577 3189 719 3240 infantium
732 3191 849 3241 numina.
858 3191 1071 3262 ssuontemqne
1083 3201 1163 3262 atque
1174 3190 1225 3241 uda
1236 3189 1334 3241 labello
1340 3229 1350 3256 ,

300 3270 404 3323 felicius
421 3267 534 3337 indicat,
547 3287 598 3341 qua
615 3267 754 3320 sedulitate
771 3277 796 3318 et
811 3269 941 3335 montem,
958 3280 983 3320 et
999 3268 1087 3334 labra,
1100 3279 1126 3319 et
1137 3267 1351 3322 honestissimam

232 3399 233 3404 ,
300 3367 435 3422 quamque
450 3363 553 3420 partem
571 3351 624 3402 oris
636 3349 730 3402 vetule
744 3351 799 3401 istas
815 3349 1087 3422 expiarent—Uda,
1102 3348 1240 3422 epitheton
1256 3347 1366 3421 aptum'

299 3432 443 3483 infantium
455 3429 544 3483 labris.
559 3461 595 3472 -
609 3431 713 3503 infami
722 3431 802 3502 dipito
818 3443 844 3483 et
853 3429 999 3485 lustratibus
1010 3429 1110 3496 saliuis,
1121 3431 1205 3502 ligura
1217 3443 1257 3482 est
1269 3427 1350 3502 vulgo

299 3511 371 3562 dicta
391 3509 412 3564 li
430 3507 473 3564 lui
486 3510 554 3565 lusu.
570 3512 674 3584 infami
687 3511 783 3586 dipito,
801 3511 890 3564 medio
905 3511 1018 3574 scilicet;
1039 3513 1061 3563 is
1080 3525 1137 3562 erat
1152 3510 1272 3581 infamis,
1287 3513 1350 3581 quia

299 3589 427 3642 nonalia
445 3608 484 3642 res
502 3592 554 3644 nisi
569 3591 706 3661 probrosa·
723 3593 893 3664 porrectione
910 3589 990 3660 hujus
1007 3590 1084 3661 digiti
1102 3587 1300 3643 indicabantur.
1313 3620 1350 3629 —

297 3668 559 3731 Luttmlibursalivis,
570 3673 598 3722 in
607 3672 800 3742 expiationibus
811 3671 931 3724 adhibita
942 3684 999 3724 erat
1008 3669 1099 3722 saliva.
1110 3669 1231 3723 Observa
1239 3669 1349 3722 eosdem

298 3749 383 3801 ferme
400 3749 465 3801 ritus
480 3751 508 3800 in
522 3749 566 3801 die
578 3749 688 3803 lustrico
704 3765 730 3803 et
743 3751 872 3804 nominali
889 3750 1023 3803 veteribus
1036 3751 1118 3804 luisse
1131 3762 1289 3821 usurpatos,
1302 3751 1350 3820 qui

300 3828 459 3882 adhibentur
475 3831 502 3881 in
517 3829 649 3902 baptismo
666 3830 878 3884 christianorum.
892 3831 1009 3884 -Ante
1023 3833 1126 3904 sepiae·
1142 3829 1242 3883 scilicet
1258 3831 1351 3901 expia-

297 3910 378 3960 tionis
397 3910 461 3962 u'tus
479 3911 595 3980 primum
613 3909 794 3976 adhibebant,
813 3910 874 3962 dein
891 3923 952 3963 rota
967 3910 1017 3964 diis
1033 3911 1168 3963 faciebant
1184 3928 1234 3981 pro
1251 3925 1347 3980 puero.

298 3985 452 4057 Opponitur
461 3999 523 4040 onte
534 3987 569 4039 ad
581 3999 652 4057 tune,
667 3987 740 4060 qnod
750 3987 831 4059 paulo
844 3990 910 4040 infra
921 3989 1268 4061 insequitur.-'Petronius,
1281 3987 1327 4040 131
1340 4009 1347 4038 :

301 4067 383 4118 -ttox
395 4067 532 4120 turbatum
544 4079 618 4141 spreto
629 4067 764 4141 pulverem
774 4067 858 4121 medio
871 4069 976 4124 sustulit
989 4069 1068 4142 digito
1076 4068 1247 4142 frontemque
1256 4067 1347 4137 signa-
