2986 4924
341 480 405 558 eol
512 473 667 539 vttttffi
689 469 963 536 LECTIONES
986 469 1048 536 ET
1072 469 1209 536 NOTAE

339 599 529 654 declarandum
543 600 660 651 animum
671 615 759 649 meum
775 596 802 648 in
816 609 851 648 te.
860 625 897 636 -
910 595 1036 646 Centenas
1050 594 1134 648 ausim
1150 595 1286 669 deposcere
1301 618 1382 660 uoces,-

340 679 452 733 absolvit
464 682 606 750 incoeptam
617 678 692 729 initio
705 677 793 748 operis
804 677 978 741 sententiam,
988 686 1133 746 votumque
1149 678 1280 747 exprimit.

374 828 442 879 Non.
462 842 503 894 η.
528 824 563 876 Ut
574 833 699 895 quantum
714 821 783 873 milri
798 832 822 872 te
832 821 932 874 sinemo
944 820 972 872 in
982 817 1153 893 pectorcfiti.
1168 849 1204 864 -·
1218 821 1384 893 Superiorem

339 907 435 976 repetit
449 905 605 956 sententiam
620 924 627 952 r
643 911 792 974 quantaque
805 911 897 953 nostru
907 917 967 970 pars
979 909 1043 966 tua,
1057 913 1107 951 etc.
1123 929 1161 938 —
1174 899 1284 954 Sinuesa
1298 900 1328 952 itt
1343 920 1384 971 pe·

339 994 425 1045 ctoref
437 1000 519 1054 usque
540 982 567 1032 in
587 981 684 1032 intimis
702 979 818 1049 pectoris
838 977 992 1030 recessibus.
1009 1006 1045 1016 —
1061 977 1137 1040 rte&
1153 996 1207 1029 nnn
1222 981 1320 1050 posui,
1334 997 1384 1030 non

339 1064 459 1133 reposui,
471 1075 501 1114 ut
513 1059 585 1132 apud
596 1056 749 1128 Virgilium,
762 1058 822 1108 AEn.
836 1057 846 1106 l
862 1078 869 1107 s
885 1069 1034 1109 r....manet
1046 1054 1100 1108 elta
1110 1070 1199 1108 mente
1213 1072 1383 1129 repostum·

339 1139 441 1212 sedfiri
447 1178 456 1205 ,
465 1139 537 1213 quod
546 1141 640 1192 lortius
648 1139 745 1190 Nostro
759 1138 843 1188 risum
855 1149 902 1188 eet.
915 1135 1044 1190 Ceterum
1056 1150 1083 1190 et
1094 1135 1167 1212 apud
1177 1137 1269 1208 virgil.
1283 1137 1383 1194 AEneid.

339 1221 383 1274 lib.
398 1223 447 1288 IV,
465 1223 512 1275 rs:

626 1353 648 1396 Si
657 1351 712 1396 mihi
722 1365 768 1396 non
779 1349 936 1408 animofisran.

373 1482 441 1533 Nor.
458 1479 498 1532 rs.
515 1479 582 1532 Voce
598 1477 700 1532 tralram
711 1497 778 1551 pura
784 1515 793 1544 ,
809 1487 943 1550 totumque
956 1477 1005 1529 lroc
1024 1478 1098 1530 uerba
1113 1480 1248 1552 miqnestt.
1264 1507 1302 1518 -
1320 1478 1386 1532 Voce

338 1559 440 1613 tralram
450 1579 536 1633 pura,-
549 1563 609 1631 jure
621 1558 719 1612 dicitur
731 1558 847 1626 trahere,
864 1577 946 1632 quum
962 1557 1142 1630 expromenda
1158 1561 1210 1612 sint
1227 1557 1316 1611 verbis
1332 1578 1385 1631 qua

337 1640 364 1691 in
375 1654 484 1712 pectore
496 1642 605 1696 sinuoso
619 1639 698 1694 infixa
715 1641 774 1692 sint.
792 1639 881 1700 Pura,·
901 1638 929 1691 b.
943 1657 966 1691 e.
985 1638 1114 1706 candida,
1131 1641 1243 1694 sincera.
1261 1667 1298 1678 —
1316 1639 1385 1692 lieri-

335 1731 434 1794 quem,-
447 1721 555 1793 proprie
572 1720 696 1792 reripnari
712 1718 808 1772 dicitur
824 1718 858 1771 de
873 1716 980 1786 litteris,
999 1719 1095 1791 quibus
1115 1720 1217 1790 signum
1229 1717 1384 1772 detrahitur.

336 1801 427 1874 ltaque
440 1802 566 1876 resipuerit
577 1819 627 1872 pro
642 1801 777 1872 aperiant,
788 1798 939 1866 declarent,
952 1812 1032 1871 rupto
1045 1799 1131 1872 sigillo
1146 1798 1271 1854 revelent.

372 1954 440 2005 Nor.
456 1970 498 2023 ²9·
519 1952 598 2023 Quod
615 1951 678 2003 latet
697 1969 795 2002 arcana
814 1967 867 2001 non
885 1949 1028 2002 enarrabile
1045 1947 1120 2019 fibra.
1136 1951 1289 2002 -Arcarra
1298 1949 1386 2023 βψω

336 2031 407 2084 irlem
420 2031 493 2104 qnod
511 2051 592 2103 supra
609 2031 673 2084 dixit
690 2033 791 2084 nnuoso
809 2031 837 2081 in
853 2042 964 2103 pectore.
976 2029 1048 2099 Quid
1062 2029 1175 2105 sitfibra
1183 2034 1329 2103 jamentea
1341 2031 1387 2083 do·

337 2113 440 2164 errimus
449 2114 476 2164 in
485 2114 582 2183 prima,
595 2124 650 2168 not.
663 2111 705 2182 47.
715 2140 749 2150 -
758 2111 821 2163 Non
832 2107 994 2171 enarrabile,·
1005 2109 1095 2181 lingua
1108 2129 1204 2182 nempe
1213 2129 1282 2163 mea.
1293 2111 1386 2184 ltaque

337 2206 443 2245 centum
456 2205 574 2265 exposcit
586 2210 673 2244 voces.

371 2359 440 2411 Nor.
454 2359 495 2410 30.
518 2359 605 2430 Quum
617 2357 734 2430 primum
746 2357 844 2430 pavido
858 2367 941 2410 custos
956 2354 1024 2407 milri
1034 2372 1152 2428 purpura
1166 2356 1245 2408 cessit.
1257 2383 1296 2395 —
1308 2355 1386 2407 Tem·

336 2454 402 2508 pue,
418 2457 472 2510 quo
484 2449 545 2490 retas
556 2437 679 2510 juvenilis
691 2437 797 2509 incipit,
810 2455 858 2508 per
873 2455 903 2488 ea
919 2433 1081 2487 declaratum
1095 2447 1150 2500 est,
1168 2453 1226 2506 quae
1239 2448 1305 2487 tunc
1317 2437 1387 2487 acci·

336 2513 398 2568 dere
409 2515 504 2572 solent.
515 2547 551 2559 -—
560 2515 674 2579 Pavido,·
684 2515 711 2569 h.
723 2536 747 2568 e.
757 2515 931 2588 pudibundo,
946 2513 1091 2586 impedito,
1108 2515 1209 2568 timenti
1219 2515 1385 2566 imminentes

337 2597 519 2653 adolescentiae
531 2597 709 2652 difficultates.
723 2627 760 2640 -
778 2599 866 2652 Custos
878 2615 1011 2669 purpura;
1031 2598 1241 2669 antiquissimum
1259 2597 1386 2650 Romanis

336 2669 484 2732 inrtittitum
495 2679 559 2746 tuis,
571 2692 601 2732 ut
609 2680 685 2751 pueri
695 2677 729 2730 ad
738 2676 906 2751 pubertatem
914 2696 997 2748 nsque
1006 2691 1070 2748 toga
1079 2678 1249 2729 amicirentur
1265 2695 1386 2748 purpura

336 2768 468 2825 pretextu.
483 2757 564 2828 Cujus
582 2757 661 2809 moris
675 2756 803 2826 originem
820 2755 896 2811 simul
911 2769 936 2807 et
948 2773 1055 2820 causam
1066 2757 1139 2808 varie
1152 2754 1265 2826 explicet
1282 2755 1387 2806 Macro·

336 2833 412 2902 blus,
423 2835 468 2892 lib.
482 2839 511 2904 1,
521 2834 652 2891 saturnal.
666 2855 724 2906 cap.
738 2837 770 2902 6,
782 2834 829 2888 ubi
843 2835 957 2889 dicitur:
972 2858 983 2882 ι
994 2837 1029 2888 Ut
1041 2838 1139 2905 exejus
1152 2834 1250 2886 rubore
1263 2835 1386 2904 ingenui·

339 2917 398 2967 tetis
409 2914 512 2987 pudore
523 2920 597 2989 pueri
611 2927 771 2992 tegerentur.
783 2939 794 2969 r
811 2919 880 2974 Hinc
891 2917 978 2968 Persic
993 2929 1105 2967 vocatur
1116 2927 1207 2968 crustas.
1223 2913 1299 2966 Adde
1312 2901 1393 2985 quod*

336 3007 463 3064 praetexta
482 2995 562 3048 veluti
581 3011 670 3047 sacros
685 2995 781 3062 iaciat,
796 3013 863 3068 quos
878 3005 904 3045 et
922 2992 1021 3048 violare
1040 2995 1074 3050 ait
1090 2993 1174 3050 nefas.
1191 2991 1267 3044 Unde
1286 2991 1385 3044 Plinius

336 3071 381 3126 lib.
399 3075 450 3142 tx,
466 3077 546 3145 capit.
560 3073 608 3140 36,
620 3073 658 3125 ait
669 3092 817 3145 purpuram
831 3076 949 3145 pueritiae
961 3090 1019 3130 csse
1032 3091 1081 3143 pro
1094 3075 1244 3144 majestate,
1257 3073 1275 3122 i.
1289 3091 1313 3124 e.
1326 3089 1385 3123 san·

337 3152 541 3205 critaterabius
548 3151 701 3221 Quintilian.
715 3149 833 3203 Declam.
844 3153 963 3219 CCCLX,
972 3149 1006 3202 ad
1018 3149 1115 3202 finem:
1129 3172 1140 3196 ι
1152 3151 1207 3220 Epo
1215 3145 1290 3202 robis
1300 3147 1383 3222 allego

337 3231 414 3283 etiarn
428 3235 516 3304 ipsum
528 3229 593 3284 illud
607 3251 712 3285 sacrum
726 3245 926 3304 praetextarum,
943 3251 997 3303 quo
1011 3229 1161 3284 secerdotes
1176 3228 1311 3294 velentur,
1332 3247 1384 3300 quo

337 3311 519 3380 magistratus,
536 3330 589 3384 quo
608 3311 786 3364 infirmitatem
808 3315 926 3384 pueritie
946 3327 1048 3364 sacram
1072 3311 1183 3362 facimus
1204 3308 1384 3362 acrencrnbi·

337 3386 397 3440 lem.
409 3413 420 3438 u
436 3391 476 3443 td.
487 3391 632 3444 Declamat.
648 3392 809 3446 CCCXLIX:
825 3415 837 3439 ι
847 3393 1010 3464 Expugnaeti
1021 3389 1145 3457 domum,
1160 3402 1186 3443 et
1196 3389 1305 3460 virginis
1320 3409 1383 3461 pne·

337 3479 434 3520 textam
453 3469 568 3536 scidisti,
587 3484 614 3524 et
631 3471 748 3547 puellam
768 3474 893 3542 usquein
910 3489 968 3522 eam
984 3473 1106 3542 injuriam
1120 3470 1238 3536 traxisti,
1251 3487 1304 3542 qua
1319 3465 1384 3520 nibil

336 3548 440 3614 gravius
452 3546 660 3601 bellababent.r
675 3549 752 3608 Sacra
765 3564 805 3604 est
813 3551 907 3621 virgini
916 3563 1055 3624 pretextu,
1064 3561 1094 3600 ut
1106 3566 1152 3600 sua
1165 3549 1263 3618 cuique
1272 3546 1382 3606 demost

337 3623 373 3675 ita
387 3624 474 3680 dicere
485 3629 573 3700 potuit
584 3641 664 3700 poeta
675 3629 797 3682 custodiri
807 3646 926 3700 purpura
942 3645 1053 3708 pueros,
1065 3645 1210 3700 purpuram
1227 3645 1285 3679 esse
1302 3638 1382 3679 custo·

337 3704 410 3773 ilem,
426 3710 551 3782 quoniam
568 3707 621 3762 hoc
639 3708 764 3762 volebant
779 3710 820 3762 vel
837 3729 941 3776 mores,
954 3707 995 3762 rel
1012 3707 1090 3780 leges.
1109 3709 1197 3760 Custos
1207 3706 1262 3760 dici
1277 3723 1382 3786 quoque

337 3790 425 3856 potuit
433 3808 550 3862 purpura
562 3808 610 3860 per
623 3789 836 3857 translationem,
847 3793 907 3864 quia
920 3790 982 3842 dum
992 3785 1145 3862 praetextam
1157 3789 1233 3860 pueri
1245 3787 1381 3860 gerebant,

339 3864 388 3918 sub
400 3868 482 3922 tutela
494 3882 569 3922 erant
580 3867 736 3941 Padagogi,
752 3869 793 3922 rel
804 3868 920 3924 crutedis.
933 3871 1024 3922 Horat.
1038 3873 1067 3922 in
1075 3871 1152 3935 rit-te,
1169 3869 1215 3922 tiit
1227 3889 1232 3918 :

539 4013 646 4058 imberbis
651 4015 737 4073 juvenis
747 4016 834 4058 tandem
844 4017 930 4060 custo&
939 4027 1030 4061 remoto.
1143 4055 1145 4058 .

339 4139 425 4207 idem,
439 4141 475 4200 dn
485 4159 533 4194 suo
546 4143 634 4213 patre,
651 4142 703 4195 Sat.
716 4145 744 4208 l,
759 4143 790 4210 4,
808 4145 857 4197 116
869 4163 927 4217 sqq.
