2986 4924
353 405 419 473 208
526 399 682 472 VARIAE
705 396 980 462 LECTIONES
1004 397 1065 460 ET
1090 396 1226 461 NOTAE

351 552 388 572 —·-
402 531 429 584 V
426 526 528 601 incique
542 523 657 584 lahomt,⁸
671 519 735 576 dum
748 523 874 589 vincitur,
888 520 928 574 vel
944 535 975 573 ut
986 521 1231 575 uinccmrlaborat.
1241 521 1394 578 Elaitorabat

352 615 421 666 enim
433 612 489 683 ipse
505 606 673 672 adolescens,
685 618 715 656 ut
727 605 828 657 ratione
839 603 1038 675 gubernaretur.

382 735 444 780 Van.
458 731 497 789 4⁰·
512 727 677 792 Artficemque
691 735 730 771 tuo
745 728 808 772 ducit
820 725 862 771 sud
874 723 958 790 polis'ce
973 724 1071 770 vntum.
1081 725 1273 773 -Casaubonus
1284 726 1330 790 legi
1344 729 1395 775 velit
1485 719 1486 764 3

351 816 432 852 contra
443 803 513 850 fldem
521 802 611 848 him:
622 799 713 860 artificis
728 795 765 844 vel
779 798 871 859 arufiam
885 812 961 859 neque
977 798 1042 842 enlm
1059 796 1159 842 admittit
1174 796 1223 844 dici
1234 813 1305 861 posse
1314 799 1395 844 vetunt
1485 845 1486 852 ¹

351 875 461 937 artificem
470 889 514 937 pro
523 871 613 918 vultum
622 869 710 915 iactum
719 880 777 914 arte.
791 871 844 916 Non
855 869 961 914 meminit
973 869 1010 912 vir
1023 867 1167 914 doctissimus
1178 870 1287 930 nrtficem
1298 869 1395 932 pluribus
1484 873 1486 930 ζ

351 948 376 992 in
388 945 456 1001 locis,
466 956 493 990 ut
502 946 526 990 iu
535 944 581 990 hoc
590 943 712 997 Peraiano,
724 941 785 986 sumi
798 941 897 1004 passive.
909 930 978 986 Ovid.
989 941 1024 984 De
1033 941 1082 984 Art.
1093 933 1144 985 Am.
1155 941 1201 998 ΙΙΙ,
1212 941 1273 988 555:
1484 937 1486 964 ³

554 1063 595 1108 Sed
604 1076 675 1118 neque
684 1071 757 1106 vector
765 1075 859 1117 equum,
871 1062 909 1125 qui
920 1071 991 1118 nuper
998 1060 1065 1104 sensit
1073 1061 1181 1116 habenas,

610 1127 754 1188 Comparibus
762 1127 835 1173 franis
844 1127 995 1187 artificesque
1004 1129 1071 1186 regal.

352 1252 488 1321 Quintilian.
505 1259 562 1305 luat.
579 1253 624 1315 tx,
634 1249 658 1315 d.
678 1258 782 1320 sortifer
793 1269 877 1303 motus.
887 1278 897 1298 ι
914 1259 980 1320 qnasi
997 1255 1107 1303 dixitact:
1121 1267 1197 1302 motus
1211 1268 1262 1304 arte
1276 1255 1396 1320 perlectus.-

352 1330 405 1378 Vid.
419 1333 549 1387 Burmann,
562 1328 592 1376 ad
603 1330 673 1390 Prop.
684 1329 708 1384 Ι,
720 1344 732 1375 a
739 1363 746 1386 ‚
758 1329 788 1385 8;
799 1329 899 1376 Broucl.
909 1329 939 1374 ad
951 1328 1031 1374 eumd.
1041 1329 1076 1385 ΙΙ,
1087 1325 1129 1384 23,
1141 1326 1165 1374 8.

387 1443 456 1497 Nor.
479 1445 522 1511 do.
543 1440 731 1516 Artificemque
750 1455 795 1495 tuo
815 1443 891 1494 ducit
909 1444 954 1495 suh
970 1441 1070 1516 pollice
1094 1441 1204 1495 ursitum.
1224 1471 1260 1483 -
1279 1443 1398 1496 Producit

351 1525 550 1598 metaphoram
564 1525 614 1576 nisi
629 1537 730 1601 tamen,
749 1543 806 1596 qun
824 1523 983 1596 praecedenti
1000 1541 1078 1576 versu
1090 1526 1252 1592 continetur,
1273 1523 1355 1577 ducta
1365 1534 1399 1578 est

353 1605 387 1658 ab
398 1626 484 1680 equo,
496 1605 576 1658 altera
585 1604 640 1656 hnc
654 1605 687 1656 ab
702 1617 757 1658 arte
769 1604 889 1677 plastica.
900 1605 987 1678 Fingit
1000 1606 1101 1658 animos
1111 1607 1238 1676 juvenum
1254 1605 1398 1674 Cornutus,

351 1701 383 1741 ut
398 1688 495 1760 artifex
511 1699 619 1740 statuas.
639 1686 742 1739 Natura
758 1689 852 1740 nostris
865 1688 958 1740 animis
971 1688 1033 1738 vitia
1046 1688 1137 1738 insunt
1148 1686 1294 1759 permulta,
1308 1689 1399 1761 quibua

352 1785 527 1839 expurgamur
537 1785 586 1838 per
599 1778 690 1818 amem.
705 1767 764 1817 Hoc
781 1763 831 1817 sibi
843 1764 899 1817 vult
912 1766 939 1817 in
952 1764 1044 1836 lingua
1059 1763 1143 1816 latina
1158 1788 1163 1816 :
1177 1768 1345 1837 compositus
1362 1785 1400 1818 ra-

352 1843 425 1901 tione
445 1850 565 1913 animus,
586 1845 751 1917 compositus
769 1845 850 1897 homo
870 1845 904 1898 ad
924 1847 1095 1917 sapientiam
1112 1843 1166 1898 hoc
1185 1843 1255 1897 idern
1276 1846 1327 1898 sibi
1350 1847 1401 1899 vult

352 1928 448 1999 artifex
458 1926 502 1979 ille
513 1929 593 1980 Persii
608 1926 702 1979 vultus.
715 1926 793 1978 Gonf.
804 1924 881 1979 ovid.
895 1926 1002 1978 Metam:
1014 1928 1040 1990 Ι,
1051 1925 1101 1992 402
1112 1923 1247 1989 ;Juvenal.
1262 1929 1326 1993 VII,
1340 1927 1400 1999 ιδῃ

351 1997 428 2060 Mart.
439 2009 514 2073 VIII,
528 2007 562 2074 6,
575 2025 592 2076 9
609 2025 663 2078 sq.;
678 2006 741 2057 Stat.
755 2004 849 2056 achill.
868 2009 893 2072 Ι,
906 2005 973 2072 334ς
987 2002 1056 2078 Sylv.
1073 2008 1121 2072 tv,
1138 2007 1172 2073 6,
1192 2025 1241 2078 ²73
1260 2006 1329 2059 Plio.-
1342 2010 1398 2060 Jun.

351 2088 433 2158 Epist.
446 2086 493 2138 VII
501 2123 509 2152 ,
522 2103 554 2155 9,
570 2101 615 2146 ιι,
630 2084 721 2137 Senec.
734 2085 816 2156 Epist.
832 2083 876 2137 50.

387 2219 454 2271 Nos.
475 2217 518 2284 41.
537 2217 632 2269 Tecum
649 2218 744 2268 etenim
762 2215 852 2290 leopos
865 2216 974 2268 memini
987 2234 1133 2269 consumere
1150 2215 1224 2270 soles.
1240 2247 1277 2256 —
1291 2218 1400 2268 Locutio
1485 2237 1486 2242 ¹

352 2299 434 2350 ferme
444 2309 499 2349 tota
513 2315 546 2349 ex
556 2295 647 2368 virgil.
660 2297 752 2369 Eclog.
765 2299 817 2363 tx,
832 2295 866 2350 50
878 2315 917 2369 sq.
932 2319 938 2348 s

771 2431 832 2488 sape
841 2444 881 2488 ago
892 2432 967 2486 donym

552 2495 664 2544 Cantando
673 2511 768 2555 puerum
777 2500 867 2542 mensim
877 2512 913 2540 mc
922 2496 1015 2541 condere
1025 2499 1084 2540 seles.

353 2623 443 2697 lonpot
456 2635 507 2693 pro
521 2627 607 2682 totos3
621 2620 685 2674 soles
696 2631 746 2691 pto
759 2617 829 2680 dies',⁸
844 2618 942 2671 dicitur
958 2633 984 2671 ct
1000 2638 1082 2689 grace
1100 2617 1160 2672 iaus
1176 2620 1316 2674 diminui.
1335 2621 1402 2694 Sup-

350 2704 442 2774 primit
454 2701 532 2752 mein
545 2713 593 2751 stro
603 2714 680 2750 versu
691 2700 803 2762 Persius,
814 2716 872 2769 qua·
885 2700 1047 2751 constructio
1057 2702 1112 2768 jam
1122 2701 1253 2752 inferioris
1266 2715 1305 2753 est
1318 2701 1402 2753 latini⁴

350 2784 421 2835 tatis.
436 2782 495 2832 Hoc
508 2793 587 2833 versu
599 2797 629 2832 sc
644 2770 815 2850 sequentibus
830 2777 954 2832 describit
971 2797 1099 2831 summam
1111 2781 1329 2848 familiaritatem,
1348 2799 1400 2854 qua

352 2860 401 2913 tibi
422 2873 483 2912 cum
500 2867 664 2930 praeceptore
684 2855 802 2907 Cornuto
823 2858 978 2911 intercessit.
997 2861 1080 2911 Vetus
1098 2863 1210 2931 scriptur
1227 2864 1286 2913 vitae
1304 2864 1400 2914 Persii:

354 2961 366 2985 ι
376 2939 465 3006 Quum
479 2947 546 2990 esset
555 2955 686 2987 annorum
698 2935 844 3003 sexdecim,
855 2939 969 2990 amicitia
982 2941 1063 3009 coepit
1073 2942 1111 2992 uti
1124 2941 1214 2992 Annaei
1226 2942 1354 3009 Cor-nuti,
1368 2945 1402 2993 ita

351 3033 383 3072 nt
396 3019 429 3072 ab
443 3037 474 3072 ec
491 3035 622 3089 nusquam
638 3014 799 3078 discederem
816 3031 897 3088 aquo
910 3018 1077 3071 introductus
1095 3020 1262 3093 aliquatenus
1278 3024 1305 3073 in
1318 3021 1402 3094 philo·

352 3100 445 3171 sophia
463 3111 533 3151 est.»
548 3094 631 3148 Paulo
647 3107 725 3167 post:
742 3099 832 3150 «Usus
851 3111 890 3151 est
904 3098 975 3170 apud
991 3099 1136 3152 Cornutum
1151 3101 1264 3152 duorum
1278 3104 1402 3154 convictu

351 3177 565 3230 doctissimorum
582 3185 608 3226 et
622 3176 847 3228 sanctissimorum
860 3178 985 3229 virorum.
997 3200 1008 3224 ι

387 3314 455 3365 Nor.
470 3311 514 3380 4²·
531 3312 567 3365 ΕΙ
581 3323 665 3364 tecum
680 3314 779 3382 primns
795 3312 878 3384 epulis
893 3315 1024 3386 decerpere
1036 3327 1129 3368 noctes.
1144 3347 1180 3358 -
1189 3317 1319 3370 Convivia
1333 3313 1403 3388 apud

350 3387 485 3445 Ilcmanos
499 3390 581 3463 paulo
595 3405 656 3445 ante
670 3401 791 3460 noctem,
801 3394 828 3446 h.
843 3413 866 3445 e.
879 3410 941 3466 post
952 3394 1047 3448 horam
1060 3395 1202 3463 decimam,
1217 3415 1231 3447 a
1243 3395 1337 3448 sobriis
1350 3394 1403 3447 adi-

350 3469 463 3537 bantui,
475 3481 502 3523 et
515 3474 542 3524 in
552 3471 667 3544 primum
680 3484 781 3525 noctem
796 3472 1026 3544 protrahebantur.
1040 3474 1181 3528 Helloones
1190 3495 1252 3527 vero
1267 3487 1294 3526 et
1308 3491 1403 3526 mensa

351 3547 433 3601 dediti
445 3560 547 3623 partem
563 3551 716 3613 dernebunt,
729 3563 760 3604 ut
772 3555 809 3603 ait
826 3553 967 3620 Horatius,
981 3551 1063 3606 solido
1078 3554 1110 3606 dc
1122 3554 1173 3606 die.
1191 3556 1251 3606 llaec
1264 3553 1345 3606 verba
1360 3555 1404 3624 igi·

351 3644 395 3686 tur
409 3630 506 3683 selecta
519 3631 642 3684 videntur
654 3623 870 3685 adiudicandum
882 3634 1096 3705 philosophicam
1108 3633 1278 3688 sobrietatem
1290 3657 1296 3685 s
1306 3636 1404 3706 primns

352 3710 436 3786 epulis
452 3711 585 3784 decerpere
601 3723 703 3775 noctes,¹
722 3733 779 3785 quae
799 3713 903 3785 singula
923 3715 1031 3787 singulis
1046 3718 1170 3788 opposita
1181 3715 1305 3768 videntur
1321 3715 1404 3768 verbis

351 3789 522 3862 precedentis
532 3808 638 3856 versus,
653 3789 747 3862 quibus
758 3790 877 3844 laborem
890 3803 916 3845 et
932 3793 1020 3846 studia
1030 3792 1124 3845 diurna
1136 3794 1284 3865 designarit
1298 3815 1304 3845 :
1319 3805 1402 3846 tecum

352 3868 443 3946 longos
453 3881 601 3924 consumere
612 3869 684 3926 soles.

367 4059 372 4064 ,
387 4005 455 4058 Nor.
468 4004 511 4073 43.
530 4005 617 4058 Unum
632 4025 712 4078 opus,
727 4017 754 4058 et
767 4007 881 4078 requiem
893 4009 992 4080 puriter
1001 4009 1161 4082 disponimus
1172 4009 1255 4064 ambo.
1266 4009 1343 4062 -ld
1353 4019 1401 4070 set,

359 4087 397 4138 ait
413 4099 494 4139 vetus.
511 4085 682 4154 scholiastes,
705 4085 781 4140 simol
805 4087 896 4142 studiis
916 4106 1084 4157 crememur,
1105 4088 1182 4143 simul
1201 4091 1263 4145 otiis
1282 4091 1400 4144 intimas.
