3176 4954
372 463 437 544 426
603 462 639 523 C.
666 461 852 526 LUCILII
878 462 1169 530 FRAGMENTA

829 587 943 651 XLVI.

326 783 331 796 ι
369 693 453 788 Guja
464 718 566 789 opera
576 693 734 788 Troginu'
746 693 833 764 calix
844 719 905 787 per
917 711 1026 764 castra
1039 695 1181 766 cluebat.

820 812 950 876 XLVII.

369 919 483 984 Gratia
493 914 635 984 habetur
646 917 796 1010 utrisque
808 915 872 983 illis
886 940 961 1009 quae
973 916 1036 984 sibi
1048 941 1124 1012 quoe
1136 920 1259 985 simitu.

815 1029 964 1095 XLVIII.

371 1137 545 1208 Gulcitulae
556 1136 718 1207 accedunt
732 1139 837 1231 privae
849 1137 1036 1206 centonibu'
1049 1138 1147 1207 binis.

834 1253 949 1316 XLIX.

372 1357 462 1451 Quid
472 1375 510 1426 tu
522 1361 608 1426 istuc
620 1381 734 1440 curas,
747 1356 805 1425 ubi
818 1381 881 1449 ego
893 1357 1040 1442 oblinar,
1053 1375 1154 1456 atque
1165 1358 1317 1429 volutor?

875 1474 912 1535 L.

374 1579 463 1669 Quid
475 1603 601 1662 servae,
616 1603 684 1673 quc
696 1602 788 1661 eam,
801 1577 883 1672 quid
895 1585 1012 1670 agam?
1023 1579 1105 1674 quid
1117 1579 1151 1647 id
1159 1585 1281 1662 attinet
1294 1581 1338 1650 ad
1351 1587 1410 1649 te?

865 1692 919 1756 LI.

375 1802 464 1889 Quid
478 1802 574 1884 dare,
588 1801 669 1895 quid
681 1805 805 1893 sumpti
817 1801 942 1884 facere,
955 1825 996 1868 ac
1006 1800 1156 1896 praebere
1168 1804 1317 1894 petisset.

858 1917 930 1980 LII.

376 2023 408 2090 Si
421 2017 565 2114 laqueis,
582 2023 736 2103 manicis,
750 2019 876 2112 pcdicis
890 2045 986 2090 mens
1000 2025 1126 2089 irretita
1141 2039 1201 2089 est.

849 2137 892 2200 LI
913 2137 938 2198 I.

378 2239 528 2322 Gaudes,
541 2265 649 2336 quum
665 2242 706 2310 de
717 2267 771 2312 me
783 2245 847 2310 ista
858 2139 939 2314 fodis
951 2240 1150 2322 sermonibu'
1162 2232 1293 2309 differs]

413 2479 500 2532 XLVI.
509 2479 611 2534 Nonius
620 2503 627 2534 s
636 2484 708 2554 Cty'a,
716 2451 782 2554 pro·:
791 2486 876 2553 cujus.
955 2481 1056 2532 XLVII.
1064 2481 1133 2532 Non.
1144 2481 1248 2547 Simius,
1260 2499 1323 2552 pro:
1334 2481 1424 2534 simul.

378 2557 469 2610 Idem:
486 2559 571 2626 cluet,
587 2565 746 2615 nominatur.
765 2564 831 2631 Quis
845 2564 877 2614 sit
956 2560 1065 2611 XLVIII.
1087 2560 1215 2610 Nonius:
1245 2561 1353 2614 Prirttm
1385 2573 1425 2612 est

378 2638 508 2710 Troginus
530 2639 612 2706 calix,
632 2644 705 2711 cujus
727 2641 779 2695 hoc
801 2659 875 2696 versu
923 2640 1058 2710 proprium
1070 2641 1284 2711 uuiuscujusque.

379 2718 478 2768 mentio
509 2730 570 2782 est,
599 2717 715 2788 disputat
740 2717 879 2770 Turnebus
958 2718 1048 2770 XLIX.
1061 2719 1317 2771 Nonius:Volutari
1327 2717 1426 2771 dicitur

378 2795 518 2848 Adversur.
525 2795 569 2848 lib.
578 2795 672 2860 XXIX,
678 2815 706 2846 ca
710 2816 735 2865 p.
745 2797 880 2866 21,anqut
923 2796 1000 2848 volvi.

380 2892 412 2926 ex
435 2886 532 2950 troqete
551 2874 645 2926 arbore
666 2873 783 2942 sculptus
807 2875 881 2924 erat?
959 2876 988 2924 L.
1003 2877 1106 2926 Nonius
1118 2898 1123 2926 ε
1136 2876 1257 2942 Servare,
1272 2874 1384 2928 sollicito
1400 2888 1428 2928 et

380 2954 438 3006 Sive
450 2955 535 3006 verius
547 2951 579 3004 de
592 2951 670 3022 Troqi
685 2952 749 3004 certi
767 2949 879 3005 hominis
926 2955 1243 3024 suspiciose‘observaro.
1273 2956 1323 3008 Ilio
1350 2953 1428 3007 loeus

379 3035 488 3086 nomine
506 3035 542 3084 sic
558 3029 705 3102 appellatus
722 3031 816 3092 fuerit;
831 3032 881 3084 nisi
926 3052 987 3086 cum
1008 3035 1143 3104 superiore
1164 3053 1240 3087 versu
1261 3036 1362 3104 optime
1379 3051 1429 3084 eo-

382 3111 439 3181 quis
459 3128 474 3162 a
496 3110 613 3162 Trociais
634 3107 716 3162 Gallis
737 3123 811 3180 putet
834 3129 881 3161 vo-
925 3111 1021 3164 lrterero
1034 3111 1144 3170 videtur.
1157 3115 1234 3166 Putat
1244 3113 1336 3166 Dousa
1347 3109 1427 3164 rerba

381 3187 450 3255 cari,
463 3206 530 3258 quos
540 3192 585 3262 qui
598 3190 772 3242 accuratiores
786 3201 811 3240 et
822 3187 882 3239 dili·
927 3207 982 3239 esse
999 3191 1085 3241 mariti
1103 3189 1262 3259 indignantis
1280 3189 1315 3241 ad
1334 3191 1430 3258 conju-

381 3267 513 3336 genliores
535 3282 612 3334 sunt,
632 3267 657 3321 T
655 3270 755 3321 rotinus
773 3281 879 3320 vocant.
924 3286 1000 3337 gem,
1015 3280 1053 3318 est
1068 3281 1155 3330 sutem
1166 3268 1242 3320 loeus
1256 3285 1311 3320 non
1321 3268 1429 3321 absimi-

382 3341 449 3394 Had.
468 3345 563 3396 lunius
582 3343 700 3398 mutabat
720 3348 748 3398 iu
770 3347 882 3418 teryino-
926 3346 957 3398 lis
969 3347 1039 3416 apud
1049 3347 1168 3400 Plautum
1178 3347 1359 3409 Menaechmis,
1369 3349 1390 3412 1,
1402 3363 1430 3411 a,

381 3418 466 3488 calix,
488 3443 502 3476 a
522 3423 651 3495 tergendis
674 3438 701 3478 et
720 3425 882 3478 exsiccandis
927 3425 952 3478 6.
964 3425 1052 3474 sNam
1063 3426 1245 3495 quotiesloras
1255 3427 1292 3476 ire
1304 3425 1376 3490 volo,
1386 3442 1431 3477 tue

383 3499 519 3554 calicibus.
534 3509 628 3556 Facete
643 3517 668 3556 et
684 3503 823 3557 verisimile
844 3517 884 3558 est
928 3503 1039 3566 retines,
1052 3521 1173 3568 revocas,
1188 3505 1295 3574 Rogitas
1308 3522 1363 3574 quo
1379 3521 1432 3571 ego

383 3577 477 3636 milites
493 3581 622 3649 ejusmodi
635 3584 774 3654 nugatoria
786 3600 884 3652 cogno·
929 3600 1002 3648 eam,
1026 3580 1089 3652 quid
1108 3585 1207 3652 negotii
1224 3601 1326 3652 gerum,
1348 3599 1433 3652 quam

383 3671 471 3710 menta
489 3661 600 3712 invicem
622 3661 672 3714 sibi
691 3661 836 3724 indidisse,
856 3675 886 3712 ut
929 3679 984 3711 rem
998 3679 1090 3730 agam,
1102 3660 1175 3727 Quid
1191 3674 1294 3730 petam,
1309 3658 1375 3726 quid
1388 3661 1434 3712 fe-

383 3737 410 3787 in
423 3739 513 3788 castris
529 3740 609 3790 moris
622 3755 677 3792 est:
693 3741 778 3792 verius
794 3757 885 3791 emen·
929 3757 1001 3806 ram,
1014 3739 1078 3810 quid
1091 3741 1156 3795 foris
1170 3741 1305 3809 egerim?-

385 3811 430 3868 dat
441 3814 569 3887 Scaliger,
584 3816 703 3888 putando
716 3815 885 3871 scribendum
963 3819 1003 3869 LI.
1014 3820 1084 3871 Non.
1095 3821 1211 3893 Sumpti,
1222 3839 1284 3891 pro:
1298 3831 1433 3890 sumptus.

386 3909 453 3947 esset
474 3893 581 3970 terqinu'
599 3897 687 3964 calix,
705 3897 734 3950 id
752 3912 791 3950 est
810 3917 884 3952 scor·
964 3898 1018 3951 LII.
1035 3902 1136 3955 Nonius
1155 3903 1310 3966 :,Marricoe,
1332 3898 1432 3972 ‹pribus

386 3986 460 4042 teus,
474 3989 504 4030 ut
515 3975 604 4030 laudet
617 3976 795 4048 frugalitatem
805 3979 886 4050 impe-
930 3995 1022 4030 manus
1036 3979 1193 4037 vinciuntur.

388 4057 497 4124 tatoris,
515 4059 561 4129 qui
579 4059 606 4120 iu
626 4061 714 4112 castris
732 4059 831 4132 terqitto
844 4079 885 4111 cu·
964 4057 1028 4106 LIII.
1052 4057 1152 4108 Nonius
1170 4081 1176 4108 ι
1195 4055 1330 4126 Differre,
1350 4050 1434 4112 difla-

389 4129 437 4182 lt‘ce
450 4152 499 4204 pro
514 4149 637 4208 argenteo
650 4151 772 4194 uteretur.
932 4152 1017 4197 maro,
1029 4133 1169 4203 divulgare.
