3116 4934
398 368 603 434 PERSIANA
618 367 824 434 IMlTATlO
836 366 1029 432 HORATII.
1172 369 1237 438 563

189 494 317 577 quidem
329 513 365 555 a:
376 494 512 576 reliquiis
523 492 588 576 ejus
600 507 699 577 postte
715 493 788 554 licet
799 493 959 576 conjicere.
975 491 1140 558 llon‘irlior
1153 500 1239 560 enirn

190 605 220 652 et
233 591 384 654 incultior
394 591 530 654 Lucilius
540 592 618 668 fuit,
633 607 727 676 quatu
741 604 778 654 ut
788 589 906 675 aliquid
922 591 1015 656 facile
1028 610 1066 654 ex.
1078 595 1175 677 ipsiut
1192 593 1240 658 lu·

189 689 315 750 tulensis
327 689 516 750 carminibus
528 689 649 750 tolleret
663 690 797 766 Persius,
812 683 953 771 usquein
965 706 1031 750 rem
1043 711 1132 752 suam
1143 706 1241 756 vene·

190 799 243 848 ret.
252 789 447 848 venusinum
458 805 530 847 vcro
542 779 685 848 Flaccum
697 789 738 849 sic
753 789 787 847 in
799 785 916 848 deliciis
927 783 1036 848 habuit
1047 789 1241 875 miratusque

189 897 233 946 est
249 885 300 946 hic
316 884 459 960 Flaccus,
475 898 510 946 ut
523 895 625 945 totum
640 887 790 946 memoria
806 885 938 946 tenuisse
956 886 1141 964 mistimemt
1156 889 1241 971 qnod

189 984 316 1068 quidem
327 979 369 1042 itu
381 999 457 1058 esse,
469 983 625 1043 neminem
640 995 714 1065 puto
726 983 959 1058 dubitaturum,
975 984 1243 1064 quiubservaverit

188 1099 285 1166 quam
299 1095 393 1164 sepe,
406 1095 500 1162 quam
513 1078 657 1160 feliciter,
671 1092 701 1141 ct
711 1079 877 1141 sententias
886 1081 1074 1142 etdictioncs
1083 1081 1147 1164 ejus
1158 1105 1243 1146 usur·

189 1193 257 1264 pet3
271 1191 399 1262 apparet
411 1181 636 1240 commentanti
651 1179 756 1238 Persio
769 1177 865 1239 rerba
877 1197 1041 1261 versusque
1055 1182 1242 1243 Horatiana·

124 1351 126 1355 Α
190 1291 260 1340 rum
272 1277 443 1338 Satirarum
455 1293 523 1336 non
539 1278 648 1352 auxie,
665 1275 716 1336 sed
728 1275 811 1336 ultro
823 1275 884 1342 suh
896 1293 1027 1338 acumen
1038 1278 1102 1338 stili
1113 1279 1243 1341 venisses

189 1383 224 1438 ttt
236 1374 487 1456 videaturmagis
504 1387 568 1434 non
585 1372 777 1455 repudiasse,
797 1392 867 1454 quae
885 1368 943 1434 sibi
957 1375 1090 1435 comiter
1107 1394 1163 1436 sua
1179 1397 1242 1438 me·

188 1474 289 1534 moria
301 1471 481 1554 suggerebat
493 1514 503 1543 ,
514 1486 610 1552 quam
626 1470 664 1529 de
680 1469 832 1530 industria
845 1472 1026 1551 quaesivisse
1041 1473 1147 1555 Neque
1159 1475 1242 1533 euim

188 1568 335 1630 debemus
348 1568 412 1650 ejus
426 1565 614 1632 infelicitatis
625 1579 747 1627 tantum
761 1567 861 1626 virum
873 1567 1039 1645 damnare,
1055 1582 1089 1629 ut
1100 1583 1243 1653 putemus
1255 1653 1259 1663 Ι

187 1666 324 1748 aliquem
346 1667 449 1747 ipsum
473 1686 509 1726 ex
528 1664 673 1724 affectata
694 1665 816 1724 Horatii
836 1663 1028 1741 imitatione,
1054 1680 1243 1749 aucupatum

188 1783 249 1825 esse
264 1763 414 1844 gloriam3
434 1763 596 1844 iniquum,
613 1761 778 1822 ridiculum
796 1775 826 1822 et
843 1763 971 1822 stultum
992 1763 1030 1823 sit
1048 1775 1111 1822 tam
1129 1765 1243 1846 ineptae

187 1860 364 1922 ambitionis
385 1861 616 1921 nobilissimum
636 1857 784 1942 juvenem
810 1882 845 1921 ac
872 1858 1133 1943 sapientissimum
1165 1861 1242 1923 velle

186 1956 394 2018 insimulare:
416 1959 471 2040 qui
494 1970 602 2016 contra
626 1976 751 2016 summo
766 1953 886 2037 judicio
910 1957 1037 2017 uirtutes
1057 1958 1181 2019 Horatii
1199 1961 1241 2020 sle

187 2058 326 2118 imitatus
338 2069 399 2134 est,
415 2068 450 2116 ut
467 2077 568 2116 naevos
585 2069 615 2115 et
632 2041 778 2136 ἀποτόχίας
793 2055 929 2135 ejusdem
948 2069 1056 2118 mutus
1077 2057 1180 2117 vitarit
1200 2079 1242 2118 se·

186 2155 277 2230 dulo;
298 2154 382 2236 quod
404 2175 503 2236 quum
522 2148 598 2211 alibi
617 2149 760 2235 pluribus
776 2145 1025 2214 demonstratum
1043 2155 1083 2214 sit
1101 2175 1119 2214 a
1134 2153 1240 2229 nobis,

187 2254 281 2314 misse
292 2251 352 2313 hoe
364 2267 506 2312 melitone
513 2293 523 2326 ‚
536 2250 621 2333 quod
636 2251 825 2311 instituimus
832 2249 901 2331 jam
911 2250 1135 2333 aggrediemur.

451 2486 453 2492 v
531 2453 587 2529 lit
614 2443 888 2528 PROLOGO.

224 2647 363 2708 imitatio
379 2647 522 2732 pluribus
537 2644 639 2706 modis
657 2643 709 2722 fit3
725 2665 800 2706 nam
818 2661 852 2705 ut
866 2647 1013 2708 orationis
1025 2650 1154 2709 virtutes
1170 2648 1237 2710 uliae

184 2745 332 2808 dicuntur
345 2744 520 2807 rhetoribus
538 2745 729 2827 πραγματικαὶ,
745 2743 814 2804 alia
827 2743 958 2804 λεκτικσλε
974 2747 1018 2805 ita
1028 2747 1122 2806 etiam
1136 2747 1238 2808 imita-

183 2847 227 2906 tio
240 2858 283 2906 est
299 2845 360 2906 alia
376 2865 495 2922 rerum,
516 2841 577 2904 alia
595 2839 793 2919 elocutionis,
808 2861 907 2924 quum
928 2856 983 2904 aut
996 2844 1090 2904 verba
1108 2844 1238 2927 alicujus

182 2963 386 3027 usurpemus,
403 2955 458 3003 aut
477 2939 594 3022 figuras
612 2939 834 3022 exprimimus,
853 2951 909 2999 aut
930 2941 1095 3002 sententias
1112 2941 1239 3002 temula-

182 3061 270 3120 mum
280 3060 386 3102 rursus
397 3039 531 3100 imitatio
542 3036 686 3119 quaedam
696 3035 906 3113 manifestior,
921 3039 1065 3124 quaedam
1079 3039 1236 3114 occultior,

182 3125 325 3203 omnium
339 3139 527 3221 apertissima
537 3137 591 3196 illa
602 3149 665 3214 est,
679 3157 779 3219 quum
791 3151 823 3197 et
831 3139 982 3198 sententia
994 3152 1100 3200 manet
1114 3139 1238 3216 eadem,

181 3255 212 3302 et
230 3238 321 3299 verba
336 3257 463 3320 quoque
475 3235 629 3297 nonnulla
637 3259 648 3311 ,ε
664 3256 739 3295 nam
759 3236 783 3294 si
797 3236 876 3295 nihil
891 3237 925 3297 in
939 3239 1040 3299 verbis
1056 3237 1151 3299 fuerit
1167 3261 1237 3300 mu-

181 3350 298 3412 tatum,
318 3354 385 3394 non
397 3332 526 3416 simplex
539 3331 671 3392 imitatio
686 3347 720 3392 ea
734 3331 863 3392 dicende
873 3378 882 3410 ,
894 3333 945 3394 sed
956 3337 1038 3416 γυμνὴ
1051 3341 1171 3416 μίμησις,
1185 3352 1240 3396 aut

182 3437 284 3518 potius
297 3435 444 3513 pacilius,
462 3429 625 3510 quomodo
639 3427 778 3510 loquitur
791 3429 967 3491 Demetrius
980 3425 1163 3507 Phalereus3
1177 3433 1240 3493 sive

181 3529 345 3615 unrpatio
355 3549 364 3590 t
374 3544 411 3590 ut
422 3547 523 3613 quum
530 3527 625 3587 Ennii
638 3543 762 3586 versum
772 3528 912 3587 sermoni
924 3548 979 3588 suo
991 3528 1112 3590 Persius
1121 3545 1239 3592 acoom·
1334 3590 1336 3594 ,

181 3632 320 3693 modavit
332 3632 365 3690 in
376 3641 474 3705 sexta;
488 3627 591 3687 minus
601 3624 836 3703 manifestaret,
853 3625 950 3709 quum
960 3643 1078 3690 servata
1088 3631 1237 3691 sententia

181 3749 246 3792 non
266 3739 427 3791 servantur
444 3725 556 3800 verba,
579 3723 630 3784 secl
649 3735 813 3785 mutantur
829 3725 952 3800 omnia,
968 3725 1127 3786 interdum
1146 3727 1238 3787 verba

181 3832 369 3903 retinentur,
382 3825 434 3887 sed
446 3826 480 3886 in
495 3821 589 3884 aliam
603 3823 789 3884 sententiam
800 3823 940 3884 traducta
954 3846 961 3884 :
973 3823 1056 3908 quod
1069 3825 1173 3907 ipsum
1187 3846 1238 3885 va-

180 3928 233 3988 riis
254 3924 321 3986 fieri
338 3923 415 3986 solet
436 3922 546 3984 modis.
569 3923 721 3983 Omnium
743 3921 855 3984 horum
877 3917 1038 4005 exempla,
1066 3925 1100 3982 in
1119 3923 1239 3982 Horatii

181 4021 353 4083 imitatione
368 4022 488 4082 Persius
501 4018 591 4080 nobis
605 4016 745 4091 exhibet,
766 4032 802 4078 nt
818 4020 880 4078 suis
898 4017 973 4079 loeis
990 4019 1103 4079 dicturi
1121 4037 1237 4079 sumus.

1026 4119 1080 4183 36.
