3148 4950
377 417 443 498 448
692 415 801 479 V1Ta
823 416 1099 486 JUVENALIS.

376 544 509 612 stricte¹
522 538 678 610 excoluit.
691 543 735 607 Et
750 557 863 610 taauen
878 541 984 612 bene²
1003 543 1064 612 diu
1079 569 1123 615 ne
1139 547 1271 618 modico
1281 550 1426 645 quidem

373 653 539 723 auditorio
564 651 751 748 quidquam
768 657 976 724 committere
997 673 1048 726 eat
1065 681 1178 728 ausus.
1196 666 1279 730 Mox
1297 687 1427 758 magna

374 764 562 859 frequentia
576 786 768 860 magnoque
782 785 940 834 successu
954 765 1005 834 bis
1022 783 1129 838 aeter
1144 768 1280 839 auditus
1295 789 1362 854 est,
1385 789 1427 840 ut

373 899 413 942 ea
428 871 602 971 quoque³,
620 897 696 969 quae
711 873 843 967 pumat
860 873 1000 960 fecerat,
1019 877 1206 948 inferciret⁵
1224 883 1322 950 novis
1338 885 1426 951 scti-

371 984 485 1078 pfis⁶t

411 1127 505 1207 Quod
517 1149 584 1190 non
595 1127 672 1190 dant
685 1149 842 1211 proceres,
855 1127 943 1190 dabit
952 1127 1072 1190 histrio,
1083 1133 1132 1191 Tu
1143 1131 1322 1194 Camerinos

410 1229 452 1287 Et
463 1229 586 1302 Bareas,
599 1239 635 1287 tu
646 1226 803 1288 nobilium
815 1248 929 1308 magua
942 1229 1020 1288 atria
1033 1249 1131 1290 curas.

411 1323 574 1386 Prufectos
586 1325 720 1408 Pelopea
732 1324 823 1401 lacit,
838 1324 1012 1386 Philomela
1022 1325 1212 1388 Tribunos.⁷

370 1465 452 1530 Erut
469 1457 562 1530 tum⁸
579 1463 614 1528 in
640 1460 766 1528 deliciis
786 1455 872 1526 aulae
894 1457 1035 1544 histrio,
1058 1462 1223 1560 multique
1245 1462 1426 1535 lautomm

370 1571 468 1666 ejus9
481 1570 630 1668 quotidie
648 1568 921 1664 provehebantur
933 1579 967 1635 ¹⁰.
984 1575 1084 1640 Venit
1098 1597 1178 1667 ergo
1194 1573 1367 1643 luvenalis
1385 1580 1425 1643 in

370 1685 617 1776 suspicionem,
639 1684 734 1775 quasi
759 1696 912 1772 tempora
928 1689 950 1719 ¹¹
976 1680 1116 1774 figurate
1131 1700 1157 1732 ¹²
1180 1701 1357 1769 notassct;
1379 1709 1426 1753 ac

369 1797 483 1863 statim
494 1817 556 1888 per
571 1790 739 1860 honorem
755 1788 882 1857 militiae
892 1787 931 1874 ¹³,
949 1814 1144 1888 quanquam
1162 1798 1422 1888 octogenarius,

409 1977 865 2048 1.11ι4ω1ήε,31,43,49,11119.
949 1993 974 2048 7.
991 1979 1100 2036 Hiouut
1120 1999 1210 2035 venue
1223 1997 1274 2051 9ο,
1292 1999 1346 2051 91,
1364 1999 1423 2053 91,

368 2061 441 2115 Suet.
451 2059 528 2113 Galb.
540 2061 574 2129 3,
585 2071 611 2112 et
622 2061 650 2112 in
661 2061 714 2110 rita
726 2057 808 2109 Plinii.
819 2058 868 2108 Ile·
911 2057 965 2110 Sat.
976 2062 1031 2112 vn,
1047 2064 1077 2114 lu
1091 2061 1151 2114 coel.
1165 2062 1241 2114 Voce.
1256 2073 1341 2114 exstat
1357 2076 1425 2114 tnn-

366 2142 437 2214 cepit
445 2136 567 2194 Oudeud.
579 2140 624 2212 qui
633 2152 721 2190 tamen
729 2137 869 2190 industrio·
912 2152 1069 2192 tumuerant
1080 2141 1123 2209 88,
1132 2155 1157 2193 et
1165 2139 1364 2195 hemistichium
1372 2157 1424 2210 9ο,

367 2222 471 2274 sitsume
487 2238 519 2271 ex
537 2219 637 2271 Catone
656 2218 735 2270 etlam
754 2216 869 2288 proferri
913 2219 1015 2270 omissis
1029 2218 1095 2271 aliie.

367 2312 466 2354 monet.
948 2298 973 2350 8.
999 2297 1075 2349 Tunc
1094 2298 1138 2367 49.
1163 2297 1263 2350 Tamen
1281 2297 1336 2369 47,
1364 2299 1423 2368 48,

405 2397 429 2431 n.
444 2379 515 2431 Bene
527 2374 571 2448 (b.
589 2395 611 2428 e.
630 2378 709 2444 eatis,
727 2373 819 2443 valde)
836 2391 868 2424 ex
913 2373 962 2439 55,
982 2374 1066 2445 5911.
1085 2377 1220 2440 Notelll,
1239 2375 1341 2428 Wolliii
1357 2390 1421 2429 eet:

366 2457 397 2512 31
408 2496 416 2522 ,
427 2471 453 2510 et
467 2456 510 2523 44.
521 2457 601 2508 Nunc
614 2453 698 2526 adjeci
708 2493 717 2522 ,
729 2453 869 2526 preeunti-
915 2454 1019 2520 nTum,
1032 2455 1087 2508 scil.
1098 2455 1263 2527 temporibus
1269 2455 1421 2522 Hadriani,

364 2537 416 2591 bue
430 2533 555 2591 Oudend'.
578 2548 604 2588 et
617 2535 701 2588 Wolf.
717 2530 785 2588 Illud
805 2533 869 2585 arri-
914 2535 959 2606 qul
975 2548 1099 2605 poetam,
1115 2547 1145 2586 ut
1160 2534 1300 2607 probabile
1318 2549 1375 2603 eat,
1389 2539 1422 2588 in

367 2619 401 2670 sit
421 2619 571 2682 llenniniu,
592 2617 637 2687 qui
658 2617 738 2667 etiam
760 2625 867 2677 monet,
913 2611 995 2664 Oasin
1021 2631 1145 2687 maguam
1169 2611 1313 2684 relegavit,
1340 2616 1422 2688 quari

364 2693 656 2770 sapienterluvenalem
664 2713 696 2745 ne
705 2693 806 2744 modico
815 2691 870 2760 qul·
912 2691 1067 2761 prefectum
1085 2690 1203 2743 cohortis
1220 2691 1257 2743 ibi
1271 2691 1419 2746 tendentia.

294 2772 299 2778 ’
364 2779 424 2830 dem
436 2776 565 2830 auditorio
577 2774 772 2828 recommittere
781 2773 867 2842 primo
913 2769 1054 2822 Histrionis
1065 2771 1286 2824 nomeulortaete
1299 2771 1418 2824 excidit:

362 2875 414 2910 etse
428 2875 534 2918 ausum,
553 2865 648 2925 utpote
669 2854 715 2922 qui
733 2849 867 2921 scripserit
912 2861 984 2900 certe
996 2848 1140 2903 obscurum
1154 2863 1211 2904 eat:
1224 2863 1252 2903 at
1262 2864 1361 2904 neuter
1372 2853 1421 2904 Pa-

364 2935 393 2986 in
407 2951 469 3000 eoa,
482 2933 528 3004 qui
546 2931 587 2984 vel
601 2931 738 3002 potuerint
749 2931 866 3000 proscri—
911 2927 947 2978 ric
959 2927 1064 2999 (neque
1077 2930 1207 2996 Neronis,
1224 2947 1311 3002 neque
1322 2932 1420 2984 Domi-

361 3091 507 3163 peruiciem
541 3085 622 3138 abuti.
652 3087 715 3136 Mox
743 3097 866 3156 tantoque
909 3084 980 3136 clare
992 3083 1085 3138 docuit
1098 3087 1244 3140 Oudeud.·

362 3185 475 3222 neccestu
486 3167 606 3238 reposuit
621 3162 690 3217 Gall.
707 3162 865 3230 Acbaiutre,
944 3183 971 3234 9.
983 3166 1116 3237 Suspicari
1126 3169 1211 3238 poesie
1221 3190 1227 3218 :
1239 3169 1340 3222 Fauor-c
1347 3173 1416 3244 q'ns.

363 3249 411 3302 sed
424 3250 516 3313 tacite,
530 3265 585 3298 uon
599 3242 703 3316 adjecta
716 3243 827 3295 ratione.
909 3244 960 3298 Sed
969 3245 1075 3318 vulgata
1084 3266 1192 3320 quoqne
1205 3247 1284 3301 lectio
1298 3249 1372 3303 bene
1386 3269 1418 3305 ce

399 3329 425 3381 3.
448 3328 555 3400 Quoque
577 3324 653 3378 abeat
670 3325 721 3394 47,
742 3321 862 3392 48,55,
907 3323 996 3378 habet.

365 3405 399 3477 59
413 3401 446 3459 al.
946 3421 985 3459 to.
997 3407 1270 3461 Promouebnntur31.
1281 3407 1364 3478 Quod
1378 3410 1415 3463 ab

398 3485 423 3552 4.
457 3485 547 3536 Primo
580 3480 721 3554 legendnm
751 3481 864 3555 putabat
906 3487 1014 3558 ingenio
1036 3486 1138 3541 indocti
1165 3487 1290 3542 monachi
1317 3491 1415 3562 prole·

360 3561 475 3614 Heuuin.
488 3563 531 3614 cui
545 3579 593 3614 cur
603 3561 710 3633 vulgata
721 3559 863 3632 displicue·
906 3577 979 3618 ctum
991 3564 1104 3620 videtur.

359 3642 394 3693 rit
406 3642 553 3713 scriptura,
569 3659 624 3692 uon
639 3659 776 3713 assequor.
789 3639 862 3692 ldern
945 3660 985 3695 11.
1014 3645 1115 3698 Vocem
1136 3648 1275 3716 praesentia
1299 3665 1315 3699 e
1345 3648 1411 3703 cod.

361 3720 485 3792 vulgato,
495 3719 541 3772 sed
552 3721 696 3792 elegantius
707 3721 856 3791 significari,
905 3721 984 3774 Valle
998 3721 1095 3795 adjecit
1106 3725 1222 3779 llennin.

360 3814 452 3854 mouet
464 3798 587 3854 Oudend.
606 3799 668 3853 coll.
683 3801 764 3853 Grcn.
781 3800 860 3853 Obsa.
942 3818 984 3854 tn.
999 3803 1107 3877 Plpura,
1123 3803 1166 3855 31.

359 3881 386 3948 l,
402 3875 563 3951 73etllrah.
583 3876 673 3930 adSil.
689 3879 729 3944 ll,
747 3875 814 3945 235,
834 3892 860 3932 et
942 3877 983 3931 13.
1013 3879 1148 3933 Militioloe
1169 3899 1202 3934 ex
1228 3882 1271 3935 31.
1297 3881 1412 3955 Recepit

359 3947 599 4024 adhiexxxlv,
618 3956 658 4023 14.
903 3962 1261 4034 Henniu.quouiameatlem
1270 3967 1411 4018 venetiam
1469 3966 1472 3972 '

396 4039 421 4094 5.
435 4038 534 4111 Infert,
548 4037 590 4090 31.
903 4057 999 4110 supra,
1013 4041 1059 4094 ced
1072 4059 1213 4114 perperam
1227 4043 1357 4110 anasse,
1372 4043 1410 4097 le·

393 4118 420 4170 6.
434 4117 571 4190 Scripturas
581 4115 630 4188 47,
642 4115 805 4187 48,55,59.
902 4120 980 4188 gitur.
