3116 4934
412 381 479 450 612
793 409 801 428 ·
861 384 1012 448 INDEX

451 507 625 590 (Cataloque
635 506 671 567 de
681 509 726 568 La
741 505 885 582 Valliere,
899 521 922 568 t.
937 510 983 583 ll,
998 529 1030 589 p.
1050 509 1133 588 roa.)

451 609 567 668 Eodem
586 604 665 665 forte
686 626 771 666 auno
792 607 872 687 typis
892 627 1027 687 expressa
1046 604 1165 666 ostelia
1183 605 1420 682 Editiollomana,

409 725 477 791 quae
491 704 583 784 vulgo
595 702 726 764 habetur
740 704 882 788 ompium
897 705 1037 786 princeps
1048 717 1077 762 et
1088 703 1231 788 inscripta
1242 718 1300 764 est:

452 801 535 886 1470.
555 797 704 862 lucernalis
715 801 828 881 Satyrce
839 813 868 859 et
881 799 981 860 Flacci
991 800 1085 859 Persii
1101 798 1422 864 Volaterrani—Rome

408 898 489 983 opud
505 897 673 958 Udulrioum
687 893 823 972 Gallum,
836 893 937 956 infol.

446 1001 493 1058 De
512 1017 546 1056 ea
564 994 626 1055 vid.
644 991 824 1076 Hmnberqer
847 992 868 1052 l.
885 993 906 1052 l.
926 1005 955 1051 et
973 994 1122 1054 Maittuire
1138 996 1217 1053 Anu.
1231 995 1359 1077 Typogr.
1370 1009 1389 1055 t
1400 999 1422 1073 1,

408 1120 436 1180 p.
452 1116 527 1177 297,
542 1094 596 1174 qui
611 1105 713 1153 tamen
730 1104 884 1152 externam
902 1103 1022 1151 tantum
1041 1090 1112 1152 libri
1128 1094 1259 1174 speciem
1277 1115 1311 1153 ac
1321 1116 1356 1154 ne
1369 1097 1423 1155 sutis

406 1195 533 1276 quidem
553 1204 691 1252 accurate
710 1189 903 1264 describunt,
926 1209 981 1249 nec
994 1189 1032 1250 de
1052 1191 1158 1252 critico
1175 1192 1241 1270 ejus
1256 1213 1310 1252 usu
1328 1193 1423 1252 solliciti

407 1288 498 1350 fuere.
514 1286 682 1366 Quomodo
696 1287 797 1366 itaque
808 1285 871 1346 haec
883 1286 976 1346 editio
990 1290 1169 1369 asuperiorc
1178 1287 1302 1349 differat
1311 1303 1338 1349 et
1346 1290 1423 1370 quod-

405 1408 479 1448 nam
489 1387 516 1446 ei
526 1382 720 1446 statuendum
733 1384 772 1442 sit
784 1384 933 1465 pretium,
946 1382 1049 1444 dicere
1058 1405 1122 1444 non
1132 1383 1248 1460 haheo,
1263 1407 1423 1466 quumnou-

403 1485 479 1543 dum
497 1505 515 1542 a
536 1501 695 1564 quoquam
708 1501 780 1540 cum
796 1480 849 1540 illa
868 1480 915 1540 vel
938 1480 1068 1562 vulgatis
1091 1481 1175 1541 editt.
1196 1487 1424 1565 comparatam,

403 1580 486 1664 quod
501 1578 617 1638 factum
629 1577 748 1638 vellem.

443 1677 583 1738 Venetal
599 1677 649 1754 (ln
666 1677 737 1734 Var.
756 1677 835 1734 Lect.
851 1677 884 1733 n⁰
900 1675 964 1754 51)
983 1675 1134 1738 Juvenalis
1149 1678 1276 1756 Satyrae,
1291 1697 1340 1758 per
1348 1677 1423 1736 Simo·

403 1795 470 1836 rtem
483 1772 638 1854 Bivilaqua
651 1772 705 1850 (al.
717 1771 929 1852 Bevilaquam)
938 1775 1126 1855 Popieusem,
1139 1775 1273 1835 Venetiis
1285 1774 1347 1834 sine
1358 1795 1424 1832 men·

402 1875 487 1934 tione
501 1871 575 1930 anui
587 1915 595 1945 ‚
608 1869 707 1929 in·fol.

441 1973 531 2030 Hanc
544 1967 706 2028 editionem
723 1967 851 2048 inspexit
868 1965 1010 2041 Beclius‚
1028 1987 1062 2026 ex
1081 1965 1166 2048 cujus
1181 1965 1336 2027 Obseroatt.
1349 1965 1424 2046 pinio-

401 2066 459 2150 [ος.
474 2071 504 2127 in
520 2068 642 2146 Satyrus
654 2063 802 2125 luvenalis
816 2063 889 2124 duos
898 2067 1006 2146 priores
1020 2084 1076 2124 nos
1088 2084 1318 2145 nonnunquam
1331 2065 1359 2123 in
1368 2065 1423 2123 Van

400 2167 481 2224 Lect.
490 2182 557 2224 eam
568 2161 770 2222 laudavimus.
781 2161 818 2220 ln
827 2162 985 2235 omnibus,
994 2161 1107 2242 quibus
1117 2181 1185 2222 eam
1195 2160 1360 2234 consuluit,
1369 2159 1423 2219 locis

399 2259 521 2322 ¹eusdem
535 2256 655 2321 exhibet
668 2256 829 2330 lectiones,
850 2277 919 2338 quae
940 2259 974 2317 in
988 2259 1059 2317 edit.
1078 2257 1220 2318 Locatelli
1234 2260 1336 2318 Veuet.
1351 2257 1423 2336 ripa,

401 2358 607 2438 reperiuntur,
619 2355 677 2415 nisi
688 2353 772 2436 quotl
787 2354 846 2414 Sat.
861 2355 907 2432 11,
924 2352 994 2430 rol,
1010 2355 1042 2414 in
1054 2353 1111 2414 ltae
1122 2353 1237 2416 Zelates
1245 2354 1355 2438 legitur
1365 2368 1390 2414 et
1399 2356 1423 2412 iu

401 2453 454 2516 illa
473 2453 600 2515 Zaiates.

443 2550 527 2632 1473.
539 2551 700 2611 Brixiensis
710 2549 733 2610 l.
745 2550 892 2612 Juveuuiis
902 2565 930 2610 et
946 2553 1034 2610 Persii
1048 2553 1161 2631 Satyro
1171 2549 1311 2634 :jubente
1322 2549 1423 2629 Presby-

395 2664 475 2726 tero,
492 2653 578 2710 Petro
591 2653 621 2714 V
621 2649 687 2724 iliu,
705 2653 766 2709 sirie
776 2650 1035 2723 ›totu-Brixiae,
1050 2648 1152 2710 in·fol.

435 2747 509 2807 Haec
524 2747 617 2806 editio
636 2745 778 2806 noudum
792 2766 810 2805 a
825 2766 1000 2828 quoquam,
1025 2747 1108 2827 quod
1125 2747 1236 2822 sciam,
1265 2746 1368 2806 collata
1382 2759 1422 2805 est.

397 2842 586 2902 Describitur
598 2841 721 2921 quidem
736 2843 768 2900 iu
784 2843 913 2923 Specim.
933 2842 1040 2902 literar.
1059 2843 1220 2902 Brixiensis
1238 2845 1272 2904 P.
1287 2845 1317 2918 l,
1337 2867 1364 2926 p.
1382 2845 1423 2900 125

398 2960 460 3020 seq.
471 2938 521 2998 sed
536 2959 600 2998 uon
618 2940 675 3012 ita,
690 2951 724 2997 ut
738 2940 877 2998 criticum
889 2940 952 3019 ejus
966 2961 1056 3001 usum
1071 2940 1142 3001 inde
1155 2961 1334 3022 cognoscere
1345 2941 1422 3000 liccat

441 3033 525 3116 ¹474·
547 3034 813 3096 Mediolanensisl
831 3037 883 3115 (in
902 3039 971 3097 Van
993 3039 1072 3098 Lect.
1095 3047 1130 3097 n⁰
1152 3039 1225 3117 52),
1245 3037 1386 3099 Juvenatu
1403 3047 1424 3093 et

346 3205 349 3212 1
396 3133 489 3194 Persii
508 3133 631 3213 Satyroe.
645 3163 683 3176 —
697 3131 866 3192 Mediolani
883 3155 936 3215 per
953 3134 1063 3193 Anton.
1086 3135 1227 3194 Zarotum
1245 3131 1423 3214 (Zurothum)

396 3231 600 3302 Pactumeiu,
613 3225 708 3288 in-fol.

435 3323 541 3404 Neque
550 3321 655 3405 hujus,
668 3345 768 3406 neque
777 3325 965 3408 reliquarum
976 3325 1148 3386 editionum
1159 3327 1422 3388 Mediolanensiun

394 3421 447 3500 (de
461 3423 572 3501 quibus
583 3422 643 3483 vid.
659 3425 738 3484 Saxii
753 3424 830 3485 llist.
846 3436 964 3506 typogr.
979 3425 1125 3505 Mediol.)
1135 3426 1289 3509 exempla,
1304 3427 1355 3486 etsi
1365 3423 1423 3484 dili-

393 3531 499 3599 geuter
514 3521 656 3601 quaesita,
670 3522 810 3582 iuvenire
826 3521 904 3582 mihi
921 3525 1058 3606 contigit.
1078 3525 1194 3585 Vellem
1209 3527 1326 3606 itaque,
1345 3535 1388 3596 ut,
1403 3521 1422 3578 si

392 3617 443 3676 cui
456 3616 495 3678 ad
510 3637 620 3678 manus
634 3617 711 3694 sint,
725 3617 827 3680 critica
837 3641 908 3679 cum
922 3641 995 3680 cura
1008 3642 1056 3680 eas
1069 3635 1229 3683 excuteret.
1243 3624 1381 3682 stramen
1393 3637 1421 3678 ex

391 3712 451 3774 illis
465 3714 646 3776 lectionibus
654 3711 794 3796 judicare
804 3715 891 3792 licet,
903 3738 980 3798 quas
989 3718 1115 3778 Beclxius
1126 3719 1195 3779 loco
1206 3740 1299 3802 supra
1311 3715 1421 3778 laudato

390 3833 425 3871 ex
439 3810 565 3872 Mediol.
583 3809 657 3892 1474
673 3825 702 3872 et
720 3815 811 3890 1511,
829 3817 972 3896 excerpsit
984 3837 1121 3898 quasque
1136 3837 1194 3876 nos
1213 3817 1246 3876 iu
1264 3818 1335 3875 Ver.
1353 3816 1421 3872 lect·

391 3911 424 3968 n'
450 3909 486 3968 52
513 3920 541 3968 et
562 3909 598 3970 53
619 3907 860 3988 designavimus,
880 3933 944 3973 uon
961 3913 1094 3972 multum
1113 3914 1253 3974 utilitatis
1272 3913 1312 3972 ad
1331 3914 1419 3993 ipsunt

390 4007 572 4068 Juvenalcm
590 4007 817 4070 emendandum
834 4010 907 4072 iude
920 4011 1165 4073 redundaturum
1184 4033 1245 4073 esse
1259 4013 1419 4094 opinamur.
1445 4084 1446 4087 Ἴ
