2986 4924
338 419 387 484 Ill
412 418 624 492 SATfflAM
646 424 897 507 QUARTAM.
1077 430 1139 520 169

87 548 156 600 ibris
170 563 271 618 corpus
282 543 334 598 eibi
344 543 403 598 leve
413 557 500 598 tatum
511 546 643 612 reddum
655 549 741 601 statim
750 549 784 602 de
793 549 834 604 his
844 552 932 623 spargi
940 552 1052 619 famur,
1067 553 1140 624 quod

89 629 142 680 nint
154 623 287 699 impudici
304 643 335 678 ac
347 624 455 692 molles,
468 638 495 678 ct
507 628 552 696 qui
563 625 629 680 tiore
640 631 722 682 etatis
732 630 832 684 nelarie
847 631 998 700 abutantur.
1017 635 1074 686 lloo
1086 635 1142 687 vult

88 709 148 760 istis
159 725 258 758 novem
266 704 403 768 vertibus3
415 704 463 756 sed
471 719 552 777 poeta
562 706 679 779 alioquin
688 710 870 778 gravissimus,
881 723 907 762 et
915 711 1078 765 verecundie
1087 714 1141 766 vir-

88 787 238 858 ginalis,ut
247 798 380 838 testantur
387 783 421 856 de
431 784 477 836 illo
486 797 601 853 veteres,
611 805 626 838 a
636 787 754 840 moribus
765 791 817 842 suis
826 789 871 842 bic
877 789 1005 844 discessit.
1019 793 1060 844 Sic
1070 794 1141 844 enin

90 865 206 918 alienam
216 862 412 936 impudicitiam
424 867 549 935 castigat,
564 879 594 917 ut
605 868 736 919 sermonis
748 867 869 940 lieentia,
882 871 931 922 etsi
942 869 1032 940 liguris
1042 870 1141 924 obscu-

91 947 160 1010 rati,
176 956 263 996 castas
279 959 358 995 aures
374 944 468 994 merito
485 943 636 996 offendat..
652 945 786 1008 ,Ouinium
804 948 885 1000 lenite
902 948 954 1000 tuit
971 951 1141 1022 antiquorum

91 1041 139 1089 et,
152 1021 187 1075 de
201 1040 255 1094 qua
263 1024 324 1092 jure
339 1023 460 1091 queritur
476 1021 665 1089 Gesaubotius,
685 1025 814 1077 sermonis
829 1024 952 1091 licentia,
972 1028 1140 1082 satiricorum

89 1120 154 1154 vero
165 1103 295 1164 maxime,
313 1115 339 1152 et
350 1119 413 1152 sero
426 1101 505 1152 satira
517 1114 557 1152 est
567 1102 675 1172 ingenio
686 1121 735 1155 suo
747 1103 788 1156 vel
797 1105 827 1178 in
839 1107 911 1156 omni
923 1117 997 1157 etate
1009 1106 1139 1160 licentior.

90 1211 126 1224 -
138 1183 177 1234 At
183 1183 208 1236 si
217 1195 311 1244 anetus
319 1199 408 1248 casea,
423 1177 526 1254 etfiyas
535 1181 563 1234 in
575 1192 634 1234 nete
643 1182 739 1246 solem
751 1183 795 1237 ltio
806 1185 928 1239 nonnulli
940 1186 1105 1242 contendunt
1119 1189 1141 1242 si

89 1281 164 1318 orm
175 1283 208 1317 aa
218 1261 315 1337 sifiqae
325 1265 354 1314 in
365 1262 482 1316 secunda
498 1264 586 1333 posits
599 1281 656 1317 esse
667 1283 717 1337 pto
732 1267 755 1318 si
765 1268 823 1339 quis
834 1269 965 1321 cessaverit
979 1280 1006 1319 et
1008 1265 1102 1340 fixerit
1112 1270 1141 1320 iu

89 1345 183 1404 ter-tin
198 1343 288 1416 placet
300 1360 364 1394 vero
378 1343 462 1414 inagis
475 1341 532 1396 buc
548 1361 656 1415 quoqne
671 1344 724 1397 dici
739 1347 766 1398 in
782 1346 961 1399 sermonsndo
976 1366 992 1399 a
1005 1348 1140 1400 Socratico

90 1421 212 1476 doctore.
231 1423 346 1474 Maxime
363 1423 415 1475 fuit
434 1424 561 1475 usitatum
581 1422 653 1495 apud
671 1426 795 1495 antiquos
809 1425 870 1477 oleo
884 1439 910 1478 at
924 1429 1064 1498 unguentis
1078 1439 1141 1498 post
1187 1451 1193 1464 ·

89 1502 212 1556 laborem
225 1522 257 1555 sc
267 1501 394 1555 balneum
405 1504 512 1571 inungi,
524 1516 581 1554 tum
596 1521 693 1575 corpus
708 1503 810 1558 nudum
828 1505 889 1571 salis
903 1505 982 1560 radiis
999 1523 1140 1578 exponere.

89 1613 126 1624 -
137 1583 230 1653 Fiqere
241 1583 269 1633 ia
281 1592 338 1636 cute
348 1581 444 1648 solent,
456 1582 557 1635 locutio
570 1595 609 1634 est
619 1585 742 1636 Parsiana
754 1604 805 1655 pro
817 1599 901 1638 entem
914 1585 1038 1639 exhibere
1049 1583 1084 1638 ad
1099 1603 1141 1637 sa-

90 1663 142 1713 lent
157 1662 327 1715 diuturniore
341 1680 433 1730 mora,
450 1675 481 1714 ut
496 1663 595 1734 optime
610 1660 712 1734 colligit
723 1661 907 1718 casaubonus.
922 1665 1014 1732 Horat.
1032 1663 1085 1718 Sat.
1102 1665 1141 1732 ll,

90 1741 123 1809 5,
135 1743 169 1796 38
179 1763 186 1792 :
841 1791 845 1798 .

537 1811 662 1857 Peniculum
670 1827 746 1858 curare
749 1815 813 1873 jube.

90 1899 173 1949 blare:
189 1896 312 1963 Tullius,
326 1895 360 1948 ad
372 1897 506 1960 Atticum,
524 1895 571 1948 lib.
587 1897 652 1963 xit,
667 1899 777 1969 Epistol.
790 1900 807 1951 6
821 1921 827 1950 ε
845 1923 857 1947 α
866 1901 917 1951 Pru
931 1901 983 1952 isto
997 1917 1057 1953 asso
1071 1899 1140 1967 tole,

91 1993 144 2047 qno
160 1989 191 2028 tu
203 1975 305 2029 abusus
315 1995 343 2028 es
354 1977 382 2028 in
397 1989 490 2028 nostro
502 1975 627 2046 pratulo,
642 1994 656 2028 s
671 1991 699 2028 te
715 1978 827 2052 nitidant
838 1977 917 2031 solem
929 1989 1089 2051 unctumque
1100 1997 1141 2030 re·

89 2071 243 2126 petemus·
262 2055 386 2128 Appellat
396 2067 503 2110 aarum
517 2057 613 2125 solem,
629 2075 682 2128 qno
701 2057 858 2111 calefiebant
873 2059 954 2112 uned-
973 2059 1089 2124 Seneca,
1106 2057 1140 2112 de

89 2136 222 2188 Brevitate
234 2139 322 2189 Vites:
339 2138 486 2207 el’ersequi
501 2136 619 2208 singulos
633 2136 741 2208 longum
757 2151 813 2205 est,
828 2155 942 2209 quorum
960 2152 1006 2208 aut
1024 2137 1141 2192 laterun·

90 2215 158 2283 culi,
170 2229 216 2268 aut
223 2215 292 2288 pila,
302 2226 350 2270 aut
356 2215 518 2290 excoquendi
525 2216 553 2267 in
559 2215 613 2272 sole
619 2217 731 2290 corporis
739 2225 816 2286 outo,
827 2221 1014 2289 oonsdmpsero
1023 2218 1112 2271 vitam.
1125 2239 1137 2268 ι

90 2297 204 2367 Respice
215 2295 250 2347 ad
262 2314 330 2349 vers.
344 2297 375 2349 18
388 2295 502 2365 hujusce
513 2297 607 2348 satira:
1077 2321 1079 2326 ·

125 2412 195 2464 Nor.
213 2413 264 2480 34,
276 2411 321 2466 35.
337 2413 385 2466 Est
394 2429 476 2484 prope
489 2383 641 2486 te'iqnoaa',
654 2413 737 2464 cubito
749 2413 795 2484 qui
806 2423 912 2486 tanqat,
922 2419 948 2462 et
958 2428 1016 2462 acer
1027 2411 1141 2484 Despuat

5 2467 6 2504 3
93 2491 122 2542 in
133 2509 223 2544 mores.
238 2519 274 2532 -
291 2491 341 2544 Est
353 2509 436 2564 prope
451 2501 476 2542 te
491 2492 610 2566 ipnotus,
627 2491 712 2544 cubito
730 2492 778 2564 qui
795 2501 902 2565 turpat,-
918 2491 1029 2541 imitatio
1046 2491 1139 2546 Horat.

93 2569 305 2644 ⁸⁸¹÷¹Js5sl²²
686 2579 738 2644 ΙΨ
784 2601 819 2630 ¹.

310 2649 783 2709 ...aliquiseubitostantempropetanyens

294 2716 388 2772 inquiet.

6 2795 7 2842 ἶ
94 2801 209 2877 Taaqere
225 2800 344 2874 aliquem
363 2800 465 2868 cubito,
483 2819 567 2884 graece
583 2799 673 2868 aipein
691 2799 787 2864 virleu,
807 2801 951 2867 admouere
965 2801 1096 2873 aliquem,
1110 2805 1138 2856 in

92 2879 163 2930 illum
174 2881 255 2933 etiam
266 2879 483 2932 animadvertere.
498 2882 547 2932 llic
560 2899 623 2934 vero
636 2881 745 2952 quaestio
758 2891 814 2946 est,
826 2899 860 2933 an
870 2880 944 2934 illurn
957 2882 1043 2952 ipsut'n
1055 2882 1139 2935 adito

93 2969 190 3032 tanqat,
207 2961 286 3029 cnjus
301 2958 496 3030 reprehendere
506 2961 598 3011 vitium
611 2959 689 3024 velit,
703 2977 736 3011 an
746 2959 827 3012 aliurn
840 2979 1047 3034 quemcumque,
1060 2979 1139 3032 quem

93 3039 226 3091 attendere
236 3040 329 3110 cupiat
339 3037 372 3091 ad
382 3041 458 3091 istam
468 3039 678 3110 turpitudinem?
691 3037 768 3091 lluuc
780 3043 885 3094 'tensum
897 3041 993 3110 Koeuig
1003 3043 1138 3112 sequitur;

92 3115 161 3170 illuni
170 3117 363 3184 Casaubonus,
372 3132 412 3186 et,
422 3131 452 3170 ut
462 3120 572 3194 opinor,
578 3120 652 3190 jure,
661 3133 771 3192 propter
778 3137 860 3194 pinpo
869 3130 893 3171 te
903 3119 1013 3194 ipnotut.
1021 3147 1055 3158 -
1063 3120 1140 3192 [pno-

94 3206 141 3257 ω,-
148 3217 208 3250 naui
220 3202 246 3268 si¹
254 3213 335 3255 notus
342 3212 425 3260 esset,
433 3217 487 3260 non
495 3200 532 3258 ita
541 3191 840 3269 audacterluqueretur}
850 3199 891 3252 vel
901 3217 933 3251 eo
941 3196 1014 3270 quod
1024 3199 1138 3270 pessime

94 3276 215 3332 luxuriosi
226 3279 300 3330 forna
314 3281 392 3330 etiam
405 3277 439 3330 ad
454 3279 555 3351 ignotos
567 3279 695 3348 pervenit.
710 3307 747 3318 -
759 3279 797 3329 Et
808 3297 867 3338 acre
879 3279 986 3365 despuat
999 3281 1025 3330 t‘n
1041 3296 1140 3340 mortis

6 3345 7 3382 ³
94 3370 211 3409 neutrum
224 3357 348 3425 adjectivi
359 3375 417 3410 acre
428 3376 477 3429 pro
489 3356 613 3409 adverbio
626 3359 719 3409 acriter
729 3355 873 3428 elegantius
885 3370 911 3408 et
920 3356 1137 3427 vulgatissimum.

6 3435 7 3490 Ῑ
94 3436 202 3508 Despuat
207 3461 217 3499 ,-
235 3450 276 3491 est
289 3437 484 3504 abominantis,
495 3455 579 3509 grace
593 3433 741 3490 aanoldis.
759 3439 794 3489 Ia
807 3455 905 3499 mareu
919 3439 946 3489 in
958 3437 1138 3508 turpissimam

6 3561 7 3564 ,
95 3527 161 3569 tutus
175 3521 274 3584 utum,
294 3535 373 3590 quam
389 3519 442 3570 cito
456 3518 551 3590 retegit
566 3515 616 3588 per
631 3536 660 3569 ea
676 3535 732 3588 quse
747 3529 905 3589 sequuntur.
924 3517 1032 3568 Lucian.
1047 3517 1138 3569 learc-

6 3663 7 3666 ,
96 3598 207 3669 uenipp.
222 3597 273 3650 sub
286 3599 382 3663 linem,
397 3612 459 3649 totu.
471 3599 511 3664 11,
523 3609 552 3668 p.
571 3597 623 3666 785
635 3595 698 3648 edit.
715 3597 783 3648 lleiz.
801 3611 864 3648 tom.
877 3599 917 3665 ll,
931 3615 991 3678 pag.
1004 3595 1057 3650 300
1073 3595 1136 3649 edit.

96 3675 226 3732 Benedicti
240 3701 247 3730 ε
267 3677 441 3748 ιπψὸρχοιῖαιι
455 3675 591 3746 imtrteiolp
606 3673 712 3744 σχίμᾳτι
725 3673 877 3744 mirisela
889 3675 929 3732 ltu
943 3675 1134 3746 assidit-tuilsse

97 3755 194 3823 (fucato
207 3757 304 3811 babitu
317 3757 491 3812 obambulant
504 3751 675 3811 detestandos
689 3777 776 3811 mores
790 3777 881 3811 secum
895 3755 1139 3826 circumferentes.)

6 3895 8 3944 Q
128 3870 191 3925 ttor.
211 3867 261 3938 35,
275 3871 318 3926 36.
338 3873 488 3946 Persemque
498 3891 647 3947 arcanaque
664 3871 744 3928 lwnti
758 3873 936 3938 manantem,
949 3869 1049 3944 populo
1065 3887 1137 3920 mar·

6 3961 8 3984 ⁵
106 3961 173 4003 met
182 3951 299 4023 pondere
310 3950 407 4006 vulvas
421 3979 457 3992 -
470 3950 598 4006 Solebant
612 3951 745 4004 libidinosi
760 3951 843 4022 pilos,
860 3951 957 4023 quibus
975 3964 1067 4002 natura
1085 3963 1137 4017 pu-

6 4027 9 4054 *
98 4025 317 4103 dendarcorporis
329 4047 418 4104 partes
427 4032 536 4096 velavit,
547 4031 672 4095 evellere,
683 4031 884 4103 evellebantque
893 4033 1009 4101 forcipe,
1018 4028 1137 4098 pumice,

102 4105 173 4160 'ascia
183 4113 242 4181 pice
255 4111 380 4165 obducta.
395 4113 453 4164 lloo
465 4110 499 4162 ad
514 4128 560 4163 eos
571 4114 681 4164 maxime
693 4111 856 4182 pertinebat,
870 4112 917 4182 qui
926 4109 1072 4162 deterrimis
1086 4105 1136 4158 illis
