2986 4924
329 467 390 551 ¹94
499 459 655 524 vstttffi
679 455 1038 532 LECTIONESE'I'
1061 459 1198 527 NOTAE
1271 473 1274 489 '

323 592 415 643 Cicero
425 600 451 639 et
462 585 603 650 Horatius,
615 585 710 634 mirum
719 583 832 635 fortasse
841 581 969 648 rideatur,
980 583 1053 656 quod
1066 585 1169 639 Persius
1181 600 1314 642 retractet.
1324 593 1377 644 Ec·
1485 618 1486 626 κ

325 668 469 744 quidecim
486 663 551 716 boni
563 661 672 734 vatique
683 660 726 712 bic
740 664 828 734 potuit
842 663 984 733 consequi,
1001 663 1072 735 quod
1088 683 1142 716 nnn
1156 672 1250 720 summi
1265 669 1322 722 duo
1339 670 1377 721 illi

324 753 464 822 scriptores
477 745 574 797 fuerint
588 757 648 796 ante
658 743 806 794 consecuti?
819 737 881 814 quid
894 742 1000 794 tandem
1011 746 1072 795 novi
1082 745 1235 799 Persianum
1247 767 1315 820 opus
1328 749 1378 802 ha·

321 833 384 884 bere
394 826 498 901 potest?
511 827 551 876 De
563 824 645 895 priori
658 824 801 895 quastione
809 821 937 875 disserere
948 841 1173 895 supervacaneum
1185 842 1241 896 est,
1253 849 1337 901 quum
1349 832 1376 882 in

322 933 355 966 eo
371 923 432 963 totae
451 910 502 960 sint
521 905 607 956 omnis
626 905 709 955 atatis
727 902 806 956 bone
821 903 929 970 littere,
947 916 977 955 ut
995 905 1151 976 sapientiam
1170 909 1274 962 uirtutis
1295 924 1376 982 atque

321 991 455 1046 felicitatis
470 1003 526 1038 esse
543 983 746 1036 fundamentum
762 979 906 1056 aliquando
922 984 1073 1055 approbent
1087 984 1247 1041 bominibus.
1259 991 1290 1040 ln
1304 989 1375 1042 hanc

321 1069 523 1146 pulcherrimam
540 1065 719 1136 optimamque
739 1081 846 1115 causam
865 1059 1045 1116 nobilissimus
1064 1067 1176 1138 quiaque
1193 1071 1306 1139 scriptor
1317 1074 1376 1141 agi·

322 1152 399 1212 tavit;
414 1149 441 1198 in
453 1145 522 1197 hanc
538 1143 644 1196 Persius
658 1145 717 1195 rico
734 1159 782 1194 sua
798 1142 952 1209 accingitur.
968 1143 1002 1194 At
1019 1143 1112 1196 vetule
1129 1143 1302 1215 disputationi
1327 1167 1375 1199 no-

320 1249 382 1284 vum
399 1227 485 1280 induit
503 1219 608 1276 dicendi
625 1241 710 1294 genus
728 1239 809 1295 quum
821 1221 937 1274 auctoris
950 1219 1099 1292 ingenium,
1120 1227 1164 1296 qui
1183 1227 1233 1277 fuit
1246 1229 1374 1280 stoicismi

319 1307 526 1363 studiosissimus
543 1303 667 1368 antistes,
685 1316 742 1372 tum
761 1304 872 1353 varietas
888 1313 1054 1371 temporum,
1076 1321 1150 1374 que,
1167 1319 1273 1356 centum
1297 1308 1374 1356 annis

318 1394 360 1444 rix
380 1385 523 1441 admodum
543 1383 703 1450 interjectis,
724 1383 836 1434 multum
854 1380 1023 1434 differebant.
1043 1382 1151 1454 Itaque,
1170 1397 1201 1435 ut
1219 1387 1374 1437 omittamus

318 1470 448 1534 Tullium,
459 1467 504 1539 qui
512 1463 578 1516 nihil
590 1461 661 1516 aliud
673 1464 722 1516 sibi
733 1465 889 1535 proposuit,
900 1480 979 1535 quam
992 1476 1020 1514 ttt
1032 1463 1185 1516 horridior-is
1199 1465 1374 1538 philosophia

317 1555 392 1607 locos
406 1549 504 1601 forensi
518 1563 571 1597 sue
587 1546 701 1596 orationi
712 1543 940 1609 accommodaret,
956 1542 1036 1614 longe
1048 1543 1098 1596 alia
1113 1558 1152 1597 est
1163 1545 1206 1598 illa
1219 1549 1321 1599 Horatii
1333 1549 1375 1600 fe·

319 1635 434 1698 stivitas,
452 1629 496 1700 qui
509 1645 556 1699 per
568 1626 759 1696 Damasippum
772 1625 883 1676 stoicam
903 1626 1018 1694 exagitat
1034 1627 1212 1694 majestatem,
1226 1642 1273 1679 aut
1285 1647 1373 1698 pauca

317 1711 351 1765 dc
365 1729 427 1763 vera
439 1707 560 1760 libertate
574 1703 652 1754 verba
668 1722 743 1755 servo
754 1722 802 1754 suo
813 1701 989 1766 condonavit,
1005 1721 1062 1774 quse
1076 1721 1130 1755 non
1141 1715 1195 1755 tam
1206 1706 1250 1756 uui
1260 1705 1372 1772 scholae,

317 1812 395 1868 quam
412 1807 499 1844 rerum
513 1795 614 1838 naturae
630 1785 805 1860 conveniant,
818 1777 868 1835 alia
885 1781 941 1835 bac
951 1779 1032 1834 Persii
1042 1779 1173 1835 subtristis
1184 1786 1312 1854 gravitas,
1327 1790 1373 1860 qui

316 1873 442 1944 magistro
457 1885 506 1919 suo
519 1877 655 1936 acceptam
672 1865 753 1914 refert
768 1863 924 1934 sapientiam
935 1881 1007 1915 stram
1022 1863 1105 1916 factus
1121 1877 1147 1916 et
1160 1865 1216 1935 ipse
1227 1869 1302 1940 quasi
1314 1885 1374 1919 ma

316 1955 409 2026 gister,
429 1960 507 2018 atque
522 1944 602 1996 etiam
624 1940 749 2014 querulus
772 1961 853 1993 senex
873 1949 933 1992 ante
954 1960 1058 2008 annos,
1080 1942 1125 2014 qui
1148 1945 1282 1998 Romanos
1297 1943 1372 1998 aliud

316 2033 423 2103 agentes
434 2021 575 2078 admonere
588 2021 681 2074 nititur
694 2039 760 2072 verre
772 2019 913 2088 libertatis,
923 2021 1080 2094 atqueillam
1092 2023 1294 2076 edocereanimi
1306 2043 1372 2078 con·

316 2110 454 2171 stantiam,
470 2122 549 2176 qnam
567 2099 688 2154 Porticus
703 2103 755 2154 suis
768 2095 954 2174 pollicebatur,
971 2117 1050 2173 quarn
1069 2099 1198 2157 litteratus
1215 2108 1271 2176 ejus
1288 2107 1373 2158 etatis

315 2189 355 2245 vir
367 2182 596 2262 praestantissimus
612 2183 722 2255 quisque
733 2183 760 2234 in
777 2183 900 2254 scriptis,
914 2202 993 2255 quam
1005 2185 1032 2236 in
1047 2185 1099 2236 vita
1112 2197 1137 2236 et
1151 2187 1178 2237 in
1192 2199 1275 2238 morte
1287 2181 1374 2239 Thra·

315 2291 386 2336 sess,
401 2285 482 2341 quam
492 2267 517 2315 in
531 2265 641 2333 imperio
653 2263 759 2316 Marcus
773 2265 923 2315 Antoninus
940 2265 1143 2336 repraesentavit.
1163 2265 1294 2339 Deprimit
1306 2265 1373 2320 alter

314 2365 412 2428 poeta,
429 2360 507 2419 utque
523 2341 600 2395 etiam
615 2339 750 2395 laudando
763 2341 885 2405 damnat;
898 2343 962 2397 alter
974 2343 1106 2412 defendit,
1122 2343 1266 2399 admiratur
1282 2360 1308 2400 et
1324 2369 1371 2402 au-

314 2431 437 2485 ctoritate
453 2443 501 2478 sua
518 2423 665 2474 confirmat.
679 2419 831 2476 offendisse
849 2421 951 2474 videtur
964 2423 1105 2475 Horatium
1123 2423 1195 2496 quod
1209 2439 1249 2478 est
1263 2427 1291 2478 in
1303 2429 1371 2479 stoi-

314 2513 399 2565 cismo
411 2498 555 2580 superbum
567 2502 745 2575 nimiumque,
758 2503 876 2555 detinere
890 2503 1005 2556 Persium
1023 2503 1094 2578 quod
1110 2519 1150 2557 est
1162 2505 1231 2559 forte
1246 2525 1278 2560 ac
1287 2527 1371 2579 geue·

314 2609 416 2646 rosums
430 2588 465 2639 ita
475 2599 505 2637 ut
518 2569 689 2635 diversissimi
700 2578 752 2635 sint
764 2585 791 2634 in
804 2602 858 2635 uno
873 2580 1020 2656 eodemque
1034 2599 1190 2656 argumento
1205 2585 1260 2639 duo
1270 2599 1371 2660 poeta3

313 2667 425 2726 multum
436 2679 524 2719 autem
534 2677 648 2734 uterque
659 2682 709 2734 pro
720 2681 768 2714 suo
780 2681 854 2715 more
867 2659 1047 2716 admirandus.

348 2749 404 2804 Etsi
412 2749 481 2801 enim
489 2745 548 2815 ipsa
559 2741 602 2792 illa
612 2757 674 2813 pars
685 2738 867 2812 gratulatoria,
879 2760 931 2812 qua
941 2741 1045 2795 Persius
1055 2739 1231 2816 disputationi
1238 2764 1291 2797 sure
1301 2765 1370 2818 pra-

313 2829 394 2894 ludit,
407 2826 468 2899 plus
478 2819 560 2875 habet
573 2821 723 2873 animorum
737 2839 815 2893 quarn
827 2821 940 2893 leporis,
955 2821 1015 2894 plus
1030 2824 1108 2874 etiam
1120 2823 1221 2876 doloris
1233 2845 1314 2898 quam
1326 2821 1371 2880 be·

314 2912 374 2963 titire
384 2931 391 2972 ;
403 2901 523 2958 nonnihil
539 2915 627 2953 tamen
639 2899 721 2953 babet
735 2899 932 2954 oblectamenti.
948 2901 993 2955 Est
1007 2905 1077 2956 enim
1095 2900 1204 2975 quidam
1216 2901 1310 2974 dolor,
1325 2907 1371 2982 qui

312 2991 420 3044 minime
430 2982 567 3057 displiceat
575 2983 602 3033 in
611 2979 788 3056 significandis
798 2982 928 3050 sensibus,
939 2983 1034 3056 quibus
1044 2985 1176 3038 bonorum
1187 2985 1266 3039 animi
1271 2989 1370 3059 jncun-

314 3068 420 3122 dissime
429 3068 588 3140 'pascuatam
604 3063 670 3130 Quis
686 3074 725 3114 est
738 3063 870 3132 magister,
884 3063 929 3133 qui
944 3081 997 3113 non
1010 3061 1055 3114 tali
1072 3061 1201 3134 discipulo
1216 3065 1368 3137 superbiat,

315 3149 399 3224 qualis
413 3145 457 3198 hic
471 3139 614 3196 ostenditur
629 3137 768 3193 Cornuto?
779 3141 845 3208 Quis
860 3143 960 3194 amicus
970 3161 1024 3194 non
1037 3141 1117 3194 talem
1132 3143 1180 3196 sibi
1195 3141 1297 3198 habere
1306 3147 1370 3199 vebt

315 3229 427 3280 amicum
437 3236 462 3276 et
473 3219 707 3274 contubernalem?
719 3221 817 3272 Mirum
827 3223 854 3272 in
865 3217 972 3272 modum
987 3219 1048 3274 mibi
1058 3221 1145 3294 placet
1155 3221 1199 3275 illa
1212 3227 1268 3294 ejus
1280 3227 1368 3298 operis

315 3305 486 3378 gratulatoria
498 3299 632 3373 praefatio,
648 3299 727 3372 plena
740 3299 900 3364 affectuum,
915 3320 1043 3373 poeseos,
1058 3301 1222 3370 honestatis,
1239 3321 1298 3377 quse
1311 3317 1368 3360 tan·

314 3397 370 3440 tum
383 3399 421 3436 cst
434 3381 498 3436 lenis
511 3396 538 3433 et
549 3377 648 3448 effusa,
662 3392 788 3454 quantum
802 3381 858 3451 ipsa
871 3379 1016 3452 disputatio
1030 3383 1119 3436 stricta
1130 3395 1156 3434 et
1167 3381 1252 3454 rigida
1264 3393 1312 3438 est.

348 3461 452 3516 Titulos
464 3463 509 3535 qui
523 3457 612 3513 Satiris
626 3457 806 3512 inscribuntur
815 3462 842 3512 in
856 3457 939 3512 MMS.
950 3457 1106 3529 Codicibus,
1124 3463 1173 3514 etsi
1180 3466 1235 3533 jam
1245 3469 1367 3537 superins

314 3541 455 3597 docuimus
470 3559 524 3592 non
538 3541 621 3612 ipsius
634 3543 691 3593 esse
706 3540 835 3604 auctoris,
846 3536 892 3592 sed
905 3537 1083 3604 librariorum
1098 3553 1186 3594 tamen
1201 3543 1265 3616 quid
1274 3545 1366 3596 inscri-

313 3637 388 3698 ptum
402 3619 464 3673 huic
479 3621 553 3691 operi
566 3615 817 3691 deprehenderimus
831 3621 859 3670 in
873 3617 914 3671 his
928 3619 1086 3673 membranis
1096 3641 1154 3694 quas
1164 3622 1192 3673 in
1205 3637 1312 3677 nostras
1323 3645 1366 3678 re·

313 3704 401 3757 nerint
414 3717 521 3766 manus,
532 3699 684 3752 referemus.
695 3696 782 3751 Primo
793 3697 915 3750 nonnulli
924 3712 986 3751 sunt
998 3699 1080 3753 MMS.
1093 3699 1219 3768 Codices,
1232 3716 1263 3754 ut
1275 3715 1366 3757 noster

313 3781 398 3850 8055,
413 3783 439 3833 in
453 3779 549 3852 quibus
563 3777 690 3850 Prologus
706 3797 802 3852 sexque
819 3777 922 3845 Satira,
940 3777 1019 3832 nullis
1031 3781 1163 3854 inscriptis
1174 3783 1274 3848 titulis,
1285 3779 1364 3837 uirilis

312 3863 475 3936 interpositis
483 3859 583 3932 spatiis,
590 3860 665 3912 nullo
672 3857 786 3932 denique
793 3859 874 3912 modo
885 3859 1090 3931 distinguantur,
1097 3859 1145 3914 sed
1153 3882 1207 3914 uno
1216 3861 1363 3938 eodemque

314 3947 447 4017 scriptura
456 3956 549 3993 tenore
559 3939 755 3994 continuentur.
766 3937 816 3992 Hic
828 3951 915 3994 tamen
925 3941 1009 3996 codex
1020 3941 1089 3996 8055
1101 3941 1181 3995 habet
1190 3945 1218 3994 in
1228 3947 1361 4014 margine:

313 4025 391 4078 Hanc
405 4024 510 4076 satiram
522 4020 610 4073 scribit
620 4020 656 4072 ad
673 4023 815 4073 Cornutum
832 4021 992 4094 maqistrum.
1008 4021 1114 4074 Praefert
1128 4037 1217 4075 autem
1235 4025 1263 4076 in
1275 4025 1362 4096 capite

314 4105 397 4172 bold:
411 4103 482 4155 1111·
493 4099 571 4156 satira
585 4097 621 4152 ad
635 4099 765 4153 Anaoertm
781 4101 938 4169 Cornutum,
950 4103 1073 4168 stoicum,
1085 4099 1158 4172 cnjus
1168 4103 1228 4174 fnit
1242 4104 1360 4164 auditor,-
