2970 4936
352 467 401 532 tn
425 465 637 532 sarrnssr
659 467 909 550 innnsn.
1088 473 1149 540 rss

101 591 191 650 bobus
201 608 229 648 et
242 597 320 666 equis
329 593 447 659 ciebant,
457 606 504 646 aut
513 595 540 645 in
550 611 671 646 venerem
682 592 731 645 hos
742 592 922 648 stimulabant.
936 596 985 648 llic
994 615 1057 649 vero
1069 602 1153 654 neimo

102 678 193 748 posuit
204 677 305 728 Noster
313 692 363 744 pro
372 672 502 725 vilissimis
513 672 662 744 quibusque
672 671 857 742 leguminibus.
866 703 903 716 -
914 675 1006 728 Vernae
1015 678 1152 746 discincto,

104 757 288 826 turpissimum
300 752 461 806 famulorum
476 771 560 824 genus
577 769 669 804 uernoe.
689 753 834 819 Discirtcto,
849 753 978 808 dissoluto
995 769 1021 808 et
1037 765 1152 828 procaci.

104 835 217 906 Respice
228 833 264 885 ad
276 833 442 902 superiorem
453 845 501 882 sut.
516 850 551 882 vs.
562 832 593 883 31
608 853 614 881 τ
632 853 642 875 ι
653 830 687 882 atl
701 851 801 884 morem
811 834 928 886 discincti
936 837 1022 889 vivere
1034 841 1127 894 Nnttse.
1138 867 1150 891 ι

106 915 201 964 Omnia
213 913 241 963 in
254 910 297 962 lris
309 909 415 962 duobus
425 908 543 962 versibus
556 909 732 978 abjectissima
746 928 855 981 quaeque
866 910 987 965 videntur
998 916 1079 970 fuisse
1090 938 1154 972 cou-

107 993 177 1045 sulto
186 993 355 1062 conquisita,
365 1009 419 1063 quo
429 992 526 1042 certius
536 992 733 1061 comparatione
743 989 905 1061 deprimatur
912 996 1016 1064 juvenis
1028 1001 1154 1070 imperio*

106 1091 158 1124 sus.
169 1101 206 1111 -—
214 1073 353 1142 Torqueat
362 1087 419 1122 sese
430 1069 465 1122 ad
474 1069 546 1122 huno
555 1069 644 1120 locum
653 1066 773 1143 plerique
783 1084 1004 1137 commentantes;
1014 1075 1062 1129 sed
1071 1098 1153 1150 quara

106 1153 140 1202 ita
155 1153 273 1218 faciant,
291 1168 386 1221 parum
400 1148 497 1214 rideo,
516 1149 641 1221 quoniam
661 1150 825 1220 apertissima
838 1163 876 1202 est
890 1166 968 1222 quam
981 1157 1116 1227 sequimur
1128 1173 1155 1213 et

105 1250 162 1302 quas
173 1233 263 1302 prima
276 1231 396 1281 omnium
407 1229 522 1280 occurrit
533 1229 727 1298 interpretatio.
741 1252 752 1274 ι
762 1231 801 1281 Ex
814 1228 898 1280 Plinio
912 1229 991 1300 (loco
1004 1236 1093 1307 citat.)
1108 1239 1155 1292 ubi

104 1311 232 1362 dicuntur
251 1312 336 1361 ocimo
356 1328 415 1360 cum
436 1306 584 1362 maledictis
606 1323 631 1361 et
652 1309 757 1380 probris
777 1311 844 1376 seri,
864 1309 963 1380 colligit
982 1312 1155 1371 Casaubonus

105 1395 192 1444 ocima
203 1397 310 1444 cantaie
321 1409 405 1444 unsre
416 1389 486 1442 idem
499 1407 555 1442 esse
565 1409 596 1442 ao
607 1389 750 1462 opprobria
764 1391 881 1459 ingerere
891 1391 1013 1454 servulos
1027 1414 1157 1466 provocat

105 1489 215 1544 qnoque
230 1469 266 1522 ad
285 1483 408 1522 naturam
431 1469 564 1523 muliebris
585 1488 661 1522 sexus
679 1489 791 1541 pronam
811 1471 844 1522 ad
866 1475 1002 1541 convicia,
1019 1477 1105 1544 qualis
1121 1479 1155 1532 ab

104 1547 288 1620 Aristophane
301 1561 517 1619 repraesentatur,
531 1550 623 1613 nana,
636 1548 696 1617 857.
711 1548 808 1599 Verum
823 1546 900 1614 inde,
916 1549 988 1622 quod
1000 1554 1083 1606 ocima
1096 1575 1158 1610 cum

105 1629 255 1682 maledictis
272 1642 299 1680 et
317 1627 422 1700 probris
446 1640 587 1694 seruntur,
611 1629 718 1680 minime
737 1630 855 1698 seqnitur
871 1630 955 1682 ocimo
975 1645 1158 1692 cantare‘esse

105 1709 246 1783 opprobria
264 1709 386 1780 inperare.
407 1709 575 1777 Quinetiam
593 1706 735 1760 maledicta
749 1722 776 1760 et
790 1709 934 1780 opprobria
950 1709 1024 1764 abb.
1040 1713 1056 1765 l.
1072 1714 1158 1771 aliena

104 1809 163 1842 esse
174 1787 315 1853 ridentur,
329 1806 410 1858 quum
418 1806 556 1858 pannucea
566 1785 660 1840 Baucis
670 1805 775 1840 ventam
785 1791 822 1840 ita
833 1802 946 1842 tractare
956 1790 1066 1860 debeat,
1076 1808 1106 1846 ut
1114 1794 1159 1850 Al-

105 1869 224 1921 eibiades
237 1868 391 1940 popellum,
406 1869 457 1919 uisi
471 1871 551 1920 matis
566 1881 697 1934 statuere,
711 1871 940 1939 comparationem
952 1889 1009 1924 esse
1021 1892 1158 1944 mancam,

106 1963 151 2002 aut
160 1965 269 2000 versum
281 1944 353 1998 bunc
363 1960 462 1998 temere
474 1946 616 2016 adjectum.
626 1969 638 1993 ι
653 1947 695 1999 Sic
709 1945 828 2017 explodit
842 1949 941 2018 Koenig
956 1950 1159 2022 explicationem

106 2027 278 2090 Casauboui,
296 2023 442 2096 etquidem
458 2037 544 2088 recte5
561 2025 617 2095 ipse
628 2043 691 2076 vero
705 2025 814 2076 alteram
826 2041 932 2078 secutus
947 2041 986 2080 est
1003 2031 1159 2101 explicatio-⁶

107 2125 169 2159 uem
178 2125 235 2159 non
247 2106 335 2156 minus
348 2101 441 2156 duram
453 2117 479 2155 ct
491 2102 621 2171 alienam,
635 2106 680 2175 qui
693 2104 756 2156 dicit
770 2123 778 2154 t
797 2105 929 2172 sPlinius,
941 2103 987 2158 ubi
999 2111 1053 2180 agit
1064 2111 1097 2162 de
1109 2114 1159 2164 vir·

108 2186 210 2238 tutssras
222 2184 335 2237 medicis
349 2183 428 2254 hujus
439 2185 517 2237 ocimi
530 2181 608 2254 (loco
619 2185 711 2256 citat.)
725 2183 813 2236 addit:
826 2204 943 2238 vermem
954 2187 1074 2242 stimulat
1079 2213 1089 2252 ,·
1102 2191 1158 2246 ideo

107 2267 188 2318 eliam
202 2265 273 2337 equis
286 2265 415 2338 asinisque
430 2263 577 2315 adrnissurte
591 2274 705 2334 tempore
719 2264 851 2336 inpetitur.
871 2267 989 2318 Positum
1007 2268 1088 2337 igitur
1102 2289 1160 2324 esse

107 2359 196 2420 potest
209 2344 297 2396 ocima
310 2356 415 2396 cantare
431 2360 481 2413 pro
496 2351 600 2394 cantare
614 2360 643 2393 ea
651 2381 661 2407 ,
681 2361 738 2414 quae
755 2361 875 2395 venerem
893 2361 940 2396 scu
955 2343 1092 2399 libidinem
1113 2351 1160 2402 sti-

110 2425 222 2490 mulant,
233 2443 283 2478 seu
293 2421 448 2494 simpliciter
456 2441 505 2493 pro
513 2419 651 2473 libidinem
660 2422 782 2473 excitare.
794 2424 861 2474 Huic
868 2424 1090 2494 interpretationi,
1099 2445 1161 2496 scu,

110 2505 134 2558 si
149 2507 246 2569 maris,
261 2499 434 2555 hariolatioui
447 2499 526 2572 (nam
535 2497 721 2552 hariolantium
733 2518 796 2552 sane
808 2498 834 2552 h.
848 2501 866 2552 l.
878 2501 931 2572 est)
949 2515 1040 2572 aptum
1053 2522 1160 2578 quoquc

110 2583 217 2637 ridetur
226 2583 290 2634 bene
301 2581 425 2634 discincto
437 2598 534 2647 uerna,
549 2581 565 2630 i.
580 2599 604 2632 e.
617 2577 746 2632 dissoluto
761 2597 792 2632 ac
803 2578 946 2632 libidinoso
959 2599 1064 2632 serso.»
1078 2586 1161 2656 Equi-

109 2663 169 2716 dem
182 2681 232 2736 ego
244 2665 283 2716 sic
296 2662 432 2729 existimo,
443 2659 564 2713 homines
577 2659 695 2712 eruditos
707 2677 764 2712 sese
776 2659 847 2712 ultro
857 2663 884 2712 in
896 2679 940 2714 eas
952 2663 1098 2732 conjecisse
1107 2685 1161 2718 am·

108 2743 204 2813 bages,
217 2741 291 2796 unde
304 2739 379 2793 nullo
391 2740 473 2794 modo
485 2758 513 2792 se
526 2742 652 2792 extricare
664 2742 809 2812 potuerint.

144 2825 222 2875 lianc
239 2840 346 2874 omnem
364 2821 452 2873 locum
470 2839 485 2872 a
500 2839 577 2872 versu
595 2820 626 2887 tl
642 2821 713 2890 Quin
728 2831 756 2872 tu
771 2819 923 2892 iqitur....,
939 2818 973 2872 ad
986 2819 1060 2882 burra
1074 2837 1161 2878 extre·

109 2922 180 2956 mum
195 2905 282 2975 Quum
298 2905 360 2956 berte
373 2901 551 2956 discincto...
571 2903 711 2954 convenire
729 2893 856 2972 apprime¹
868 2903 986 2969 Neroni,
1005 2918 1096 2956 monet
1110 2908 1161 2960 Cnd

109 2983 262 3049 sanbonus,
273 3001 304 3035 oe
313 3000 363 3053 per
373 2998 400 3033 se
410 2981 473 3032 satis
488 2981 659 3052 perspicuum
673 2992 719 3032 est.
735 2981 849 3030 Neronis
861 2981 930 3031 enim
939 2979 1004 3048 luit,
1019 2983 1158 3054 imperinm

110 3065 238 3129 ineuntis,
251 3061 336 3114 multa
347 3062 436 3113 facere
448 3059 556 3131 publice
568 3057 717 3126 laudanda,
729 3073 754 3110 et
769 3061 889 3130 speciose
903 3060 980 3112 factis
995 3079 1051 3112 seso
1057 3065 1162 3134 jactare

109 3142 229 3214 popello,
239 3153 286 3206 ut,
296 3158 377 3212 quum
388 3141 473 3192 inicns
483 3138 650 3192 consulatum
660 3157 720 3192 cum
730 3139 760 3190 b.
767 3139 895 3206 Antistio,
902 3140 1055 3208 jurantibus
1064 3144 1090 3194 in
1101 3157 1160 3195 acta

110 3225 262 3294 principum
274 3220 483 3292 magistratibus,
495 3222 523 3272 in
537 3239 585 3273 sua
597 3235 656 3272 acta
667 3220 798 3289 collegam
808 3221 952 3272 Antistium
963 3223 1054 3290 jurare
1067 3224 1161 3296 probi-

112 3301 174 3356 buit.
182 3303 270 3354 Tacit.
280 3303 351 3354 Ann.
364 3299 410 3352 lib.
419 3301 494 3367 Xlll,
509 3315 537 3352 tr
547 3323 554 3363 ς
563 3300 619 3365 rel,
633 3319 714 3368 quum
725 3301 813 3372 agenti
825 3299 933 3352 Senatui
942 3303 1039 3370 gratias
1049 3322 1148 3375 respon

112 3381 165 3433 dit:
181 3401 264 3454 quum
276 3399 403 3434 meruero.
417 3382 526 3435 Sueten.
540 3381 626 3448 Nero,
642 3397 687 3444 ¹⁰3
701 3380 760 3446 vel,
776 3397 857 3450 quum
872 3399 903 3432 ex
914 3381 1028 3450 Augusti
1040 3387 1160 3454 praescri·

110 3475 155 3532 pto
166 3465 362 3536 imperaturum
375 3481 403 3514 se
414 3464 544 3534 promisit.
557 3463 640 3514 Tacit.
651 3461 747 3513 Annei.
757 3463 831 3528 Xlll,
841 3461 872 3528 45
884 3459 926 3513 rel
937 3461 1064 3535 denique,
1077 3481 1159 3538 quum

110 3557 201 3595 rocem
218 3543 296 3595 illam
310 3541 375 3594 dixit
386 3541 600 3594 celeberrimam:
618 3561 697 3614 quam
715 3540 810 3593 vellem
826 3542 921 3592 nescire
936 3542 1037 3596 literas!
1049 3544 1158 3596 Sueton.

112 3620 170 3674 ner.
189 3637 233 3674 to.
253 3622 306 3675 sed
320 3619 377 3674 lrseo
389 3623 435 3694 qui
452 3622 583 3689 faciebat,
603 3635 649 3673 aut
667 3621 771 3673 dicebat
789 3622 925 3690 speciosa,
938 3620 1008 3673 idem
1021 3640 1078 3674 vcro
1093 3624 1159 3676 bono

113 3703 250 3772 ignom,
263 3721 322 3757 sese
335 3705 493 3777 turpissimis
505 3699 586 3758 dabat
597 3701 791 3774 voluptatibus,
802 3716 829 3754 et
838 3703 940 3773 generis
950 3703 1115 3758 nobilitatem
1126 3705 1160 3756 alr

17 3811 19 3842 ς
115 3782 257 3858 Agrippina
270 3796 409 3856 acceptam
418 3783 559 3854 jactitabat
572 3783 738 3836 insolentius.
755 3781 820 3850 Quae
834 3783 922 3833 omnia
936 3784 1040 3836 Persius
1054 3786 1158 3837 satirica

145 4031 202 4077 Vn.
221 4029 260 4078 23.
276 4031 310 4077 Ut
320 4047 385 4078 mmo
397 4035 421 4078 r'n
432 4045 480 4078 sese
493 4039 564 4078 uorat
574 4019 719 4085 discendos,
731 4045 803 4077 nemo
814 4056 846 4067 -
858 4031 895 4078 Sic
907 4030 979 4076 edunt
993 4026 1067 4076 MMS.
1081 4027 1155 4076 Codd.

118 4099 268 4158 munbi,
276 4102 350 4166 8070,
361 4113 385 4150 et
394 4102 597 4150 vetustissimarum
607 4101 736 4148 editionum
745 4102 851 4163 optimae:
861 4100 939 4148 Codex
946 4115 1002 4146 vero
1009 4098 1082 4162 8273,
1090 4113 1158 4164 quem

120 4170 219 4219 moolli
231 4185 361 4236 oequnotur
369 4173 482 4230 editores,
497 4173 592 4237 prreiert
605 4181 685 4231 tentet,
695 4171 730 4218 vel
738 4173 816 4235 potius
826 4181 924 4236 corpur.
937 4174 966 4218 At
974 4183 1023 4216 non
1033 4172 1093 4233 regit
1103 4171 1159 4218 salu
