3176 4954
247 437 251 452 '
337 441 400 506 360
424 527 431 540 ἱ
568 441 603 502 C.
630 437 818 502 LUCILII
843 436 1134 502 FRAGMENTA

823 570 879 631 vl.

332 681 406 746 Jam
415 681 525 772 puerei
534 700 675 744 venere:
690 679 934 769 Epostremum
947 675 1065 758 facito,
1079 691 1180 769 atquc
1193 681 1221 742 1.

332 792 379 854 Ut
389 786 504 879 plures
517 789 631 879 puerei
644 786 736 852 fiant.
754 791 768 852 Ι
783 789 810 852 si
822 783 893 852 liuci'
907 784 1016 852 solum

331 900 465 977 PnrnI,
479 899 599 974 Pueri,
612 899 750 964 annul
766 919 773 960 :
788 893 852 960 hoc
865 892 955 961 uniu’
967 891 1033 960 fiet.

332 1010 405 1072 Hoc
417 1005 468 1070 illi
478 1005 603 1095 facturn
617 1021 668 1071 est
680 1007 738 1070 uni
753 1031 759 1069 :
776 1021 875 1070 tenue
889 1003 953 1071 hoc
965 1003 1065 1072 facies
1077 1007 1104 1068 Ι.

333 1119 413 1180 Haec
428 1115 497 1179 illei
508 1114 616 1182 fecere
629 1141 636 1179 ε
650 1113 753 1181 addes
764 1118 791 1181 Ε
802 1166 809 1194 ,
822 1131 860 1180 ut
873 1113 1021 1205 pinguiu'
1035 1114 1103 1180 [iet.

331 1223 427 1288 Meile
438 1223 623 1304 hominum,
634 1224 703 1328 pun
715 1225 846 1306 meillie,
858 1226 936 1291 item
948 1223 1027 1289 huic
1038 1239 1180 1316 utroque
1191 1222 1412 1316 opu’‚meiles,

332 1335 522 1416 Meilitiam,
536 1353 653 1402 tenues
666 1342 680 1402 I
688 1389 696 1416 ‚
709 1336 810 1428 pilum
822 1359 888 1428 qua
902 1332 1040 1400 ludimu'
1054 1360 1060 1397 :
1071 1334 1175 1426 pilum

333 1448 408 1531 Quo
419 1451 535 1538 pinso,
548 1465 666 1514 tenues
679 1446 821 1538 l;pluru
834 1444 906 1512 haec
917 1443 1038 1525 feceri,
1048 1446 1134 1538 peila

333 1558 417 1641 Qure
426 1554 583 1648 jacimus,
598 1557 701 1627 addes
714 1563 757 1640 E,
766 1559 870 1651 peiles,
886 1574 924 1623 ut
935 1555 1058 1649 pleniu'
1071 1555 1140 1623 fiat.

333 1670 497 1734 Mendacei
500 1671 652 1762 ferreique
665 1667 768 1737 addes
783 1672 827 1748 Ε,
841 1693 947 1762 quum
961 1668 1135 1760 darefurei

333 1780 487 1845 Jusseris.

817 1897 890 1956 Vll.

334 1999 445 2082 Quare
457 2000 612 2066 servandi
623 2003 769 2082 numeri,
782 2016 815 2066 et
827 2022 944 2065 versus
956 1997 1112 2079 faciendi,

334 2227 360 2267 ct
370 2215 457 2268 (licere
469 2229 495 2268 et
505 2217 631 2286 scribere,
644 2233 673 2272 ut
685 2221 830 2272 Intermissa
862 2217 1061 2270 ‘PRAECONEL
1080 2217 1248 2271 vlurouul.
1270 2218 1370 2270 DARE.

333 2295 359 2345 D
364 2317 375 2356 ,·
389 2309 415 2348 et
430 2299 457 2348 in
471 2295 522 2348 hoc
539 2299 639 2352 nullum
654 2299 830 2351 differentiam
874 2295 1371 2368 OPORTE31T.—Pilumquodpin-

332 2385 410 2444 putat
423 2395 480 2428 esse
489 2377 620 2441 Lucilius,
635 2379 681 2448 qui
690 2379 745 2428 uit:
760 2377 831 2428 -Ab-
874 2393 917 2440 so,
930 2386 1015 2426 tenues
1024 2375 1048 2438 1,
1062 2373 1272 2444 etolengithos
1283 2391 1373 2428 versus

334 2453 387 2504 lrire
415 2454 526 2507 multum
544 2468 616 2522 m,-
637 2469 686 2506 etc.
711 2455 752 2506 lbi
769 2453 832 2506 dicit
875 2454 974 2506 Murius
985 2454 1133 2504 Victorinus
1145 2452 1191 2504 lib.
1206 2454 1233 2517 1,
1247 2453 1279 2504 de
1292 2455 1372 2510 Orto·

334 2543 414 2600 posta
429 2533 539 2584 multum
553 2536 676 2586 interesse
692 2551 725 2584 sn
741 2533 833 2584 Abbire
875 2531 1003 2603 graphia:
1018 2530 1372 2602 1Denullascripturudiu-

332 2609 431 2680 duplici
444 2610 833 2678 BB,uuveroAdbirescribu-
877 2614 947 2674 tius,
974 2610 1076 2680 inquit,
1103 2611 1172 2661 inter
1198 2609 1374 2680 ortographos

333 2707 399 2741 ntus.
420 2690 497 2742 Unde
511 2703 587 2761 putet
602 2692 633 2740 V.
652 2691 680 2743 C.
697 2692 787 2741 Douss
802 2692 830 2741 iu
876 2691 1011 2760 quesitum
1030 2701 1085 2753 est,
1109 2708 1187 2759 quum
1207 2687 1314 2741 deiero.
1333 2691 1374 2740 Pi-

330 2767 417 2820 verbis
424 2767 506 2834 Velit,
516 2788 566 2839 pro
576 2790 581 2817 :
590 2769 626 2819 Et
634 2768 661 2818 in
671 2766 719 2820 lroc
729 2765 831 2819 nullum
875 2766 930 2820 lum
942 2770 1015 2818 aiunt
1029 2767 1141 2819 militare
1154 2767 1252 2835 telum,
1262 2781 1288 2819 et
1299 2769 1374 2820 vinea

332 2845 509 2916 erferentiam
533 2858 610 2917 putat
630 2864 679 2899 esse
701 2845 830 2913 Lucilius,
877 2846 1046 2916 subterquam
1062 2844 1116 2915 (itu
1129 2848 1235 2916 corrigit
1247 2859 1273 2897 et
1287 2847 1374 2916 explet

333 2921 536 2991 corrigendum,
556 2941 609 2972 non
628 2922 729 2975 nullum
750 2923 832 2994 diffe-
875 2926 900 2974 J.
916 2921 1049 2993 Lipsius,)
1061 2923 1153 2974 milites
1166 2941 1285 2993 aggerem
1299 2925 1373 2974 insti·

333 3001 451 3051 rentium.
462 2999 568 3069 Alioqui
578 2999 674 3054 diserte
684 3015 832 3071 repugnant
875 3014 953 3054 tuunt
961 3021 1010 3073 per
1018 3002 1060 3052 El
1067 2999 1213 3054 scribendo.
1222 3003 1279 3052 Atsi
1288 3001 1373 3072 pilum

332 3080 419 3131 versui
430 3077 575 3130 Luciliano.
876 3084 910 3134 sit
927 3101 979 3153 quo
998 3083 1135 3152 pinsitores
1149 3093 1274 3144 utuntur,
1292 3094 1319 3132 et
1333 3084 1374 3133 vi·

368 3160 410 3208 v1.
423 3157 618 3226 Quintilianus,
634 3158 679 3210 lib.
693 3162 704 3210 1
712 3199 720 3224 ,
733 3178 791 3230 cap.
806 3177 830 3229 7.
876 3179 942 3226 nes,
960 3179 1016 3229 quoe
1031 3161 1084 3211 ruri
1097 3157 1206 3224 colitur,
1221 3177 1270 3230 per
1278 3159 1304 3209 1.
1313 3183 1324 3204 ι

333 3241 393 3292 llaec
409 3239 445 3288 its
462 3236 589 3309 plusculis
604 3239 721 3291 versibus
734 3239 832 3292 foedata
912 3239 967 3290 Vll.
981 3237 1129 3300 Charisius,
1147 3237 1194 3288 lib.
1212 3239 1222 3287 l
1240 3259 1246 3288 :
1263 3239 1375 3300 Lucius,

332 3315 597 3386 constituitScaliger.
607 3319 768 3368 Postremum
778 3335 833 3368 ver·
878 3318 997 3369 AEmilius
1016 3329 1041 3368 et
1059 3329 1151 3368 curere
1172 3318 1296 3380 nominc,
1319 3335 1375 3386 quae

332 3411 391 3445 sum
400 3393 499 3464 eddidit
508 3393 629 3447 exFabio
637 3395 833 3468 J.Lipsius,qui
878 3409 938 3447 unte
951 3397 977 3447 U
983 3394 1082 3446 hubent
1093 3395 1121 3460 I,
1135 3394 1235 3464 duplici
1246 3394 1375 3465 llgeniti-

333 3485 421 3542 aperte
434 3471 536 3524 videtur
550 3491 668 3542 pugnare
680 3474 707 3526 in
721 3477 831 3545 priores.
876 3494 923 3526 vos
935 3472 1079 3544 singulares
1088 3474 1161 3525 linire
1172 3472 1283 3538 debent,
1293 3484 1321 3522 ut
1331 3491 1376 3525 nc·

331 3555 399 3604 Num
411 3551 447 3606 ibi
462 3551 504 3606 illi
518 3551 598 3603 dandi
613 3572 676 3604 cusu
689 3569 760 3608 vetat
771 3573 832 3606 cum
877 3572 949 3606 cesse
968 3556 1001 3604 sit
1020 3551 1144 3604 adversus
1166 3551 1376 3603 observationem

331 3635 356 3684 E
373 3632 470 3697 scribi,
489 3631 532 3682 hic
550 3632 671 3685 eumdem
685 3653 776 3686 casum
791 3637 832 3703 ju·
877 3631 1038 3683 nominativo
1050 3649 1103 3682 non
1121 3631 1247 3680 minorem
1262 3629 1318 3680 lieri
1328 3646 1376 3698 ge·

330 3713 391 3775 bet;
410 3711 457 3766 sed
472 3726 568 3783 purget
586 3713 654 3766 idern
672 3715 695 3764 J.
710 3716 830 3785 Lipsius,
877 3711 1002 3773 uitirum,
1014 3708 1094 3780 idque
1111 3711 1194 3760 Varro
1207 3705 1311 3758 tradens
1325 3703 1375 3756 nd-

331 3793 403 3866 quod
418 3793 581 3845 contusionis
600 3813 655 3844 non
671 3793 715 3844 hic
728 3806 830 3844 ructus:
874 3789 938 3854 jecit
958 3790 1105 3837 vocativum
1123 3785 1280 3854 singularem
1304 3800 1376 3852 quo-

331 3875 458 3944 quonitun
476 3872 592 3944 plurales
611 3871 749 3924 Mendeces
759 3909 768 3937 ,
780 3869 831 3939 fu·
877 3887 929 3938 que
939 3867 1029 3919 talium
1039 3869 1175 3918 nominum
1186 3863 1338 3937 perduplex
1346 3865 1379 3915 11

330 3971 375 4004 res.
399 3955 491 4024 ltaque
518 3951 620 4022 lapides
644 3950 678 4002 sd
702 3949 831 4001 Lucilium
875 3947 954 3998 scribi
973 3946 1085 4010 debere,
1103 3945 1151 3998 sed
1172 3959 1282 4016 propter
1301 3943 1376 3996 diffe-

331 4045 391 4100 npte
404 4031 576 4097 2-E1Qvu.
593 4030 721 4082 orssnul.
734 4029 829 4079 DIEM.
876 4027 985 4078 rentium
1002 4044 1110 4078 cusuurn
1128 4024 1236 4094 corripi.
1261 4021 1375 4074 Lucilius

329 4109 474 4162 truteno.
499 4112 560 4162 itero
581 4130 586 4159 :
612 4108 763 4176 QVANTA.
789 4109 828 4158 El.
875 4118 960 4158 tnrnen
975 4118 1000 4155 et
1018 4125 1066 4174 per
1084 4121 1164 4154 unrrm
1183 4105 1202 4153 1
1211 4104 1238 4153 in
1260 4102 1374 4172 genitivo
