<?xml version="1.0" encoding="UTF-8"?>
<!DOCTYPE html PUBLIC "-//W3C//DTD XHTML 1.0 Transitional//EN"
    "http://www.w3.org/TR/xhtml1/DTD/xhtml1-transitional.dtd">
<html xmlns="http://www.w3.org/1999/xhtml" xml:lang="en" lang="en">
 <head>
  <title>
</title>
<meta http-equiv="Content-Type" content="text/html;charset=utf-8" />
  <meta name='ocr-system' content='tesseract 3.04.00' />
  <meta name='ocr-capabilities' content='ocr_page ocr_carea ocr_par ocr_line ocrx_word'/>
</head>
<body>
  <div class='ocr_page' id='page_1' title='image "./sexdecimsatir00lemagoog_0331.png"; bbox 0 0 3038 4932; ppageno 0'>
   <div class='ocr_carea' id='block_1_1' title="bbox 329 463 1179 544">
    <p class='ocr_par' dir='ltr' id='par_1_1' title="bbox 329 463 1179 544">
     <span class='ocr_line' id='line_1_1' title="bbox 329 463 1179 544; baseline 0.022 -18"><span class='ocrx_word' id='word_1_1' title='bbox 329 463 391 528; x_wconf 85' lang='lat' dir='ltr'>EX</span> <span class='ocrx_word' id='word_1_2' title='bbox 414 463 630 532; x_wconf 83' lang='lat' dir='ltr'>INCEIITO</span> <span class='ocrx_word' id='word_1_3' title='bbox 653 468 807 536; x_wconf 81' lang='lat' dir='ltr'>SATIR.</span> <span class='ocrx_word' id='word_1_4' title='bbox 833 473 990 539; x_wconf 86' lang='lat' dir='ltr'>LIBRO.</span> <span class='ocrx_word' id='word_1_5' title='bbox 1115 477 1179 544; x_wconf 78' lang='lat'>315</span> 
     </span>
    </p>
   </div>
   <div class='ocr_carea' id='block_1_2' title="bbox 137 595 737 883">
    <p class='ocr_par' dir='ltr' id='par_1_2' title="bbox 137 595 737 883">
     <span class='ocr_line' id='line_1_2' title="bbox 623 595 692 660; baseline 0.014 -2"><span class='ocrx_word' id='word_1_6' title='bbox 623 595 692 660; x_wconf 92' lang='lat' dir='ltr'>CII.</span> 
     </span>
     <span class='ocr_line' id='line_1_3' title="bbox 137 698 737 794; baseline 0.015 -31"><span class='ocrx_word' id='word_1_7' title='bbox 137 699 338 794; x_wconf 80' lang='lat' dir='ltr'>Priusquam</span> <span class='ocrx_word' id='word_1_8' title='bbox 349 698 520 793; x_wconf 77' lang='lat' dir='ltr'><strong>Theognis</strong></span> <span class='ocrx_word' id='word_1_9' title='bbox 531 721 737 774; x_wconf 85' lang='lat' dir='ltr'>nasceretur.</span> 
     </span>
     <span class='ocr_line' id='line_1_4' title="bbox 614 818 702 883; baseline 0 -1"><span class='ocrx_word' id='word_1_10' title='bbox 614 818 702 883; x_wconf 88' lang='lat' dir='ltr'>CIII.</span> 
     </span>
    </p>
   </div>
   <div class='ocr_carea' id='block_1_3' title="bbox 132 921 831 1460">
    <p class='ocr_par' dir='ltr' id='par_1_3' title="bbox 134 921 723 994">
     <span class='ocr_line' id='line_1_5' title="bbox 134 921 723 994; baseline 0.012 -8"><span class='ocrx_word' id='word_1_11' title='bbox 134 924 308 988; x_wconf 82' lang='lat' dir='ltr'>lactentia</span> <span class='ocrx_word' id='word_1_12' title='bbox 318 921 432 990; x_wconf 84' lang='lat' dir='ltr'>coacla</span> <span class='ocrx_word' id='word_1_13' title='bbox 443 947 521 991; x_wconf 88' lang='lat' dir='ltr'>cum</span> <span class='ocrx_word' id='word_1_14' title='bbox 532 923 632 994; x_wconf 88' lang='lat' dir='ltr'>melle</span> <span class='ocrx_word' id='word_1_15' title='bbox 643 927 723 994; x_wconf 81' lang='lat' dir='ltr'>hibi.</span> 
     </span>
    </p>

    <p class='ocr_par' dir='ltr' id='par_1_4' title="bbox 133 1039 702 1224">
     <span class='ocr_line' id='line_1_6' title="bbox 618 1039 702 1103; baseline 0.012 -1"><span class='ocrx_word' id='word_1_16' title='bbox 618 1039 702 1103; x_wconf 85' lang='lat' dir='ltr'>CIV.</span> 
     </span>
     <span class='ocr_line' id='line_1_7' title="bbox 133 1140 560 1224; baseline 0.019 -19"><span class='ocrx_word' id='word_1_17' title='bbox 133 1140 222 1208; x_wconf 86' lang='lat' dir='ltr'><strong>Huic</strong></span> <span class='ocrx_word' id='word_1_18' title='bbox 234 1143 403 1210; x_wconf 84' lang='lat' dir='ltr'>Terentiae</span> <span class='ocrx_word' id='word_1_19' title='bbox 414 1143 560 1224; x_wconf 73' lang='lat' dir='ltr'>orbita,</span> 
     </span>
    </p>

    <p class='ocr_par' dir='ltr' id='par_1_5' title="bbox 132 1263 831 1460">
     <span class='ocr_line' id='line_1_8' title="bbox 623 1263 689 1326; baseline -0.03 0"><span class='ocrx_word' id='word_1_20' title='bbox 623 1263 689 1326; x_wconf 90' lang='lat' dir='ltr'>CV.</span> 
     </span>
     <span class='ocr_line' id='line_1_9' title="bbox 132 1361 831 1460; baseline 0.019 -36"><span class='ocrx_word' id='word_1_21' title='bbox 132 1362 278 1428; x_wconf 85' lang='lat' dir='ltr'>Maenius</span> <span class='ocrx_word' id='word_1_22' title='bbox 290 1361 482 1432; x_wconf 90' lang='lat' dir='ltr'>columnam</span> <span class='ocrx_word' id='word_1_23' title='bbox 494 1389 600 1459; x_wconf 87' lang='lat' dir='ltr'>quum</span> <span class='ocrx_word' id='word_1_24' title='bbox 612 1383 741 1460; x_wconf 86' lang='lat' dir='ltr'>peteret</span> <span class='ocrx_word' id='word_1_25' title='bbox 744 1421 831 1437; x_wconf 94' lang='grc'><strong>.....</strong></span> 
     </span>
    </p>
   </div>
   <div class='ocr_carea' id='block_1_4' title="bbox 133 1483 819 1766">
    <p class='ocr_par' dir='ltr' id='par_1_6' title="bbox 133 1483 819 1766">
     <span class='ocr_line' id='line_1_10' title="bbox 612 1483 695 1546; baseline -0.012 0"><span class='ocrx_word' id='word_1_26' title='bbox 612 1483 695 1546; x_wconf 77' lang='lat' dir='ltr'>CVI,</span> 
     </span>
     <span class='ocr_line' id='line_1_11' title="bbox 133 1585 819 1658; baseline 0.019 -15"><span class='ocrx_word' id='word_1_27' title='bbox 133 1631 429 1649; x_wconf 92' lang='grc'><strong>.........</strong></span> <span class='ocrx_word' id='word_1_28' title='bbox 456 1585 568 1654; x_wconf 78' lang='lat' dir='ltr'>Valeri</span> <span class='ocrx_word' id='word_1_29' title='bbox 579 1593 745 1657; x_wconf 84' lang='lat' dir='ltr'>sententia</span> <span class='ocrx_word' id='word_1_30' title='bbox 755 1591 819 1658; x_wconf 87' lang='lat' dir='ltr'>dia.</span> 
     </span>
     <span class='ocr_line' id='line_1_12' title="bbox 604 1703 704 1766; baseline 0 0"><span class='ocrx_word' id='word_1_31' title='bbox 604 1703 704 1766; x_wconf 92' lang='lat' dir='ltr'>CVII.</span> 
     </span>
    </p>
   </div>
   <div class='ocr_carea' id='block_1_5' title="bbox 133 1811 851 1988">
    <p class='ocr_par' dir='ltr' id='par_1_7' title="bbox 133 1811 851 1988">
     <span class='ocr_line' id='line_1_13' title="bbox 133 1811 851 1905; baseline 0.017 -39"><span class='ocrx_word' id='word_1_32' title='bbox 133 1853 463 1874; x_wconf 92' lang='grc'><strong>..........</strong></span> <span class='ocrx_word' id='word_1_33' title='bbox 489 1811 851 1905; x_wconf 85' lang='lat' dir='ltr'>Muraxquemarinus.</span> 
     </span>
     <span class='ocr_line' id='line_1_14' title="bbox 595 1925 712 1988; baseline 0 0"><span class='ocrx_word' id='word_1_34' title='bbox 595 1925 712 1988; x_wconf 86' lang='lat' dir='ltr'>CVIII.</span> 
     </span>
    </p>
   </div>
   <div class='ocr_carea' id='block_1_6' title="bbox 108 1977 937 2207">
    <p class='ocr_par' dir='ltr' id='par_1_8' title="bbox 108 1977 937 2207">
     <span class='ocr_line' id='line_1_15' title="bbox 108 1977 937 2104; baseline 0.021 -17"><span class='ocrx_word' id='word_1_35' title='bbox 108 1977 112 1984; x_wconf 38' lang='lat'><strong><em>¹</em></strong></span> <span class='ocrx_word' id='word_1_36' title='bbox 131 2075 762 2099; x_wconf 87' lang='lat'><strong>...................</strong></span> <span class='ocrx_word' id='word_1_37' title='bbox 788 2033 937 2104; x_wconf 70' lang='lat' dir='ltr'>achinus</span> 
     </span>
     <span class='ocr_line' id='line_1_16' title="bbox 128 2133 477 2207; baseline 0.011 -7"><span class='ocrx_word' id='word_1_38' title='bbox 128 2133 311 2203; x_wconf 84' lang='lat' dir='ltr'>Cinuabari</span> <span class='ocrx_word' id='word_1_39' title='bbox 324 2137 477 2207; x_wconf 83' lang='lat' dir='ltr'>infectus.</span> 
     </span>
    </p>
   </div>
   <div class='ocr_carea' id='block_1_7' title="bbox 124 2411 1241 3450">
    <p class='ocr_par' dir='ltr' id='par_1_9' title="bbox 124 2411 1241 3450">
     <span class='ocr_line' id='line_1_17' title="bbox 128 2411 1175 2487; baseline 0.014 -26"><span class='ocrx_word' id='word_1_40' title='bbox 128 2411 182 2478; x_wconf 88' lang='lat' dir='ltr'>nii,</span> <span class='ocrx_word' id='word_1_41' title='bbox 197 2423 227 2463; x_wconf 85' lang='lat' dir='ltr'>ut</span> <span class='ocrx_word' id='word_1_42' title='bbox 240 2425 332 2466; x_wconf 79' lang='lat' dir='ltr'>mouet</span> <span class='ocrx_word' id='word_1_43' title='bbox 349 2413 468 2468; x_wconf 70' lang='lat' dir='ltr'>fler-mot.</span> <span class='ocrx_word' id='word_1_44' title='bbox 483 2417 630 2487; x_wconf 75' lang='lat' dir='ltr'>Barbarus,</span> <span class='ocrx_word' id='word_1_45' title='bbox 675 2422 725 2472; x_wconf 78' lang='lat'>111:</span> <span class='ocrx_word' id='word_1_46' title='bbox 737 2421 852 2475; x_wconf 79' lang='lat' dir='ltr'>Lucilius</span> <span class='ocrx_word' id='word_1_47' title='bbox 867 2424 894 2474; x_wconf 90' lang='lat' dir='ltr'>in</span> <span class='ocrx_word' id='word_1_48' title='bbox 908 2422 995 2475; x_wconf 83' lang='lat' dir='ltr'>dativo</span> <span class='ocrx_word' id='word_1_49' title='bbox 1010 2444 1026 2475; x_wconf 85' lang='lat' dir='ltr'>a</span> <span class='ocrx_word' id='word_1_50' title='bbox 1040 2435 1067 2475; x_wconf 84' lang='lat' dir='ltr'>ct</span> <span class='ocrx_word' id='word_1_51' title='bbox 1079 2443 1094 2475; x_wconf 89' lang='lat' dir='ltr'><em>e</em></span> <span class='ocrx_word' id='word_1_52' title='bbox 1107 2443 1175 2476; x_wconf 91' lang='lat' dir='ltr'>con-</span> 
     </span>
     <span class='ocr_line' id='line_1_18' title="bbox 128 2490 768 2572; baseline 0.022 -33"><span class='ocrx_word' id='word_1_53' title='bbox 128 2501 175 2542; x_wconf 84' lang='lat' dir='ltr'>aut</span> <span class='ocrx_word' id='word_1_54' title='bbox 185 2490 297 2543; x_wconf 73' lang='lat' dir='ltr'>Iunium</span> <span class='ocrx_word' id='word_1_55' title='bbox 311 2492 453 2566; x_wconf 61' lang='lat' dir='ltr'>Congium,</span> <span class='ocrx_word' id='word_1_56' title='bbox 466 2512 512 2550; x_wconf 85' lang='lat' dir='ltr'>aut</span> <span class='ocrx_word' id='word_1_57' title='bbox 522 2498 631 2552; x_wconf 80' lang='lat' dir='ltr'>Laelium</span> <span class='ocrx_word' id='word_1_58' title='bbox 672 2504 768 2572; x_wconf 78' lang='lat' dir='ltr'>jungit.</span> 
     </span>
     <span class='ocr_line' id='line_1_19' title="bbox 130 2569 1241 2653; baseline 0.013 -34"><span class='ocrx_word' id='word_1_59' title='bbox 130 2569 262 2641; x_wconf 70' lang='lat' dir='ltr'>Cunqmm</span> <span class='ocrx_word' id='word_1_60' title='bbox 286 2569 395 2625; x_wconf 84' lang='lat' dir='ltr'>habeut.</span> <span class='ocrx_word' id='word_1_61' title='bbox 417 2575 466 2626; x_wconf 88' lang='lat' dir='ltr'>Fui</span> <span class='ocrx_word' id='word_1_62' title='bbox 488 2595 573 2644; x_wconf 77' lang='lat' dir='ltr'>uero,</span> <span class='ocrx_word' id='word_1_63' title='bbox 595 2580 632 2628; x_wconf 86' lang='lat' dir='ltr'>ait</span> <span class='ocrx_word' id='word_1_64' title='bbox 710 2581 763 2632; x_wconf 90' lang='lat' dir='ltr'>CV.</span> <span class='ocrx_word' id='word_1_65' title='bbox 780 2579 906 2653; x_wconf 74' lang='lat' dir='ltr'>Porphyr.</span> <span class='ocrx_word' id='word_1_66' title='bbox 926 2582 952 2632; x_wconf 92' lang='lat' dir='ltr'>in</span> <span class='ocrx_word' id='word_1_67' title='bbox 972 2581 1063 2632; x_wconf 80' lang='lat' dir='ltr'><strong>Horat.</strong></span> <span class='ocrx_word' id='word_1_68' title='bbox 1084 2577 1128 2630; x_wconf 88' lang='lat' dir='ltr'>lib.</span> <span class='ocrx_word' id='word_1_69' title='bbox 1148 2583 1175 2646; x_wconf 88' lang='lat'>1,</span> <span class='ocrx_word' id='word_1_70' title='bbox 1239 2604 1241 2608; x_wconf 93' lang='lat'>·</span> 
     </span>
     <span class='ocr_line' id='line_1_20' title="bbox 126 2651 1177 2727; baseline 0.01 -28"><span class='ocrx_word' id='word_1_71' title='bbox 126 2651 221 2702; x_wconf 87' lang='lat' dir='ltr'>Frauc.</span> <span class='ocrx_word' id='word_1_72' title='bbox 241 2653 353 2718; x_wconf 84' lang='lat' dir='ltr'>Douaa,</span> <span class='ocrx_word' id='word_1_73' title='bbox 378 2672 461 2725; x_wconf 84' lang='lat' dir='ltr'>quum</span> <span class='ocrx_word' id='word_1_74' title='bbox 490 2677 540 2727; x_wconf 89' lang='lat' dir='ltr'>pro</span> <span class='ocrx_word' id='word_1_75' title='bbox 574 2660 630 2712; x_wconf 60' lang='grc' dir='ltr'>ΙΛ-</span> <span class='ocrx_word' id='word_1_76' title='bbox 674 2658 728 2710; x_wconf 85' lang='lat' dir='ltr'>Sat.</span> <span class='ocrx_word' id='word_1_77' title='bbox 744 2660 769 2712; x_wconf 82' lang='lat'>3.</span> <span class='ocrx_word' id='word_1_78' title='bbox 787 2660 915 2712; x_wconf 65' lang='lat' dir='ltr'>Asconius</span> <span class='ocrx_word' id='word_1_79' title='bbox 928 2661 955 2711; x_wconf 91' lang='lat' dir='ltr'>in</span> <span class='ocrx_word' id='word_1_80' title='bbox 969 2660 1095 2711; x_wconf 82' lang='lat' dir='ltr'>Verrem:</span> <span class='ocrx_word' id='word_1_81' title='bbox 1111 2658 1177 2710; x_wconf 71' lang='lat' dir='ltr'>Mic-</span> 
     </span>
     <span class='ocr_line' id='line_1_21' title="bbox 127 2725 1176 2810; baseline 0.01 -32"><span class='ocrx_word' id='word_1_82' title='bbox 127 2725 197 2778; x_wconf 81' lang='lat' dir='ltr'>lium</span> <span class='ocrx_word' id='word_1_83' title='bbox 212 2730 397 2799; x_wconf 75' lang='lat' dir='ltr'>reponendum</span> <span class='ocrx_word' id='word_1_84' title='bbox 414 2739 505 2805; x_wconf 81' lang='lat' dir='ltr'>putavi</span> <span class='ocrx_word' id='word_1_85' title='bbox 520 2739 629 2790; x_wconf 81' lang='lat' dir='ltr'>Lucium</span> <span class='ocrx_word' id='word_1_86' title='bbox 674 2737 1176 2810; x_wconf 81' lang='lat' dir='ltr'>niuaquumdomumsuamvcnderct‚</span> 
     </span>
     <span class='ocr_line' id='line_1_22' title="bbox 126 2804 1175 2888; baseline 0.015 -33"><span class='ocrx_word' id='word_1_87' title='bbox 126 2804 252 2872; x_wconf 73' lang='lat' dir='ltr'>Elium,</span> <span class='ocrx_word' id='word_1_88' title='bbox 274 2809 391 2862; x_wconf 74' lang='lat' dir='ltr'>confisus</span> <span class='ocrx_word' id='word_1_89' title='bbox 414 2816 527 2868; x_wconf 80' lang='lat' dir='ltr'>maxime</span> <span class='ocrx_word' id='word_1_90' title='bbox 548 2819 629 2888; x_wconf 77' lang='lat' dir='ltr'>ipsius</span> <span class='ocrx_word' id='word_1_91' title='bbox 673 2821 774 2872; x_wconf 82' lang='lat' dir='ltr'>Catone</span> <span class='ocrx_word' id='word_1_92' title='bbox 792 2834 818 2874; x_wconf 80' lang='lat' dir='ltr'>ct</span> <span class='ocrx_word' id='word_1_93' title='bbox 840 2819 934 2873; x_wconf 86' lang='lat' dir='ltr'>Flacco</span> <span class='ocrx_word' id='word_1_94' title='bbox 953 2819 1123 2884; x_wconf 80' lang='lat' dir='ltr'>censoribus,</span> <span class='ocrx_word' id='word_1_95' title='bbox 1145 2836 1175 2871; x_wconf 85' lang='lat' dir='ltr'>ut</span> 
     </span>
     <span class='ocr_line' id='line_1_23' title="bbox 126 2883 1176 2972; baseline 0.017 -38"><span class='ocrx_word' id='word_1_96' title='bbox 126 2883 221 2936; x_wconf 83' lang='lat' dir='ltr'>Lucilii</span> <span class='ocrx_word' id='word_1_97' title='bbox 230 2890 402 2956; x_wconf 83' lang='lat' dir='ltr'>anctoritate,</span> <span class='ocrx_word' id='word_1_98' title='bbox 411 2893 629 2964; x_wconf 84' lang='lat' dir='ltr'>cujuahuncrer·</span> <span class='ocrx_word' id='word_1_99' title='bbox 673 2898 710 2952; x_wconf 93' lang='lat' dir='ltr'>ibi</span> <span class='ocrx_word' id='word_1_100' title='bbox 721 2899 830 2952; x_wconf 79' lang='lat' dir='ltr'>basilica</span> <span class='ocrx_word' id='word_1_101' title='bbox 838 2900 1023 2966; x_wconf 75' lang='lat' dir='ltr'>aedificaretur,</span> <span class='ocrx_word' id='word_1_102' title='bbox 1037 2915 1176 2972; x_wconf 77' lang='lat' dir='ltr'>exceperat</span> 
     </span>
     <span class='ocr_line' id='line_1_24' title="bbox 129 2965 1173 3051; baseline 0.016 -38"><span class='ocrx_word' id='word_1_103' title='bbox 129 2980 188 3014; x_wconf 80' lang='lat' dir='ltr'>sum</span> <span class='ocrx_word' id='word_1_104' title='bbox 201 2982 233 3016; x_wconf 82' lang='lat' dir='ltr'>cx</span> <span class='ocrx_word' id='word_1_105' title='bbox 244 2965 291 3018; x_wconf 86' lang='lat' dir='ltr'>lib.</span> <span class='ocrx_word' id='word_1_106' title='bbox 304 2969 331 3032; x_wconf 88' lang='lat'>1,</span> <span class='ocrx_word' id='word_1_107' title='bbox 346 2967 400 3020; x_wconf 84' lang='lat' dir='ltr'>Sat.</span> <span class='ocrx_word' id='word_1_108' title='bbox 415 2986 509 3024; x_wconf 79' lang='lat' dir='ltr'><strong>auctor</strong></span> <span class='ocrx_word' id='word_1_109' title='bbox 520 2973 627 3027; x_wconf 83' lang='lat' dir='ltr'>Rhetor.</span> <span class='ocrx_word' id='word_1_110' title='bbox 669 2981 714 3050; x_wconf 79' lang='lat' dir='ltr'>jus</span> <span class='ocrx_word' id='word_1_111' title='bbox 727 2977 776 3031; x_wconf 81' lang='lat' dir='ltr'>sibi</span> <span class='ocrx_word' id='word_1_112' title='bbox 787 2979 865 3030; x_wconf 79' lang='lat' dir='ltr'>nnius</span> <span class='ocrx_word' id='word_1_113' title='bbox 878 2979 1023 3046; x_wconf 81' lang='lat' dir='ltr'>columnae,</span> <span class='ocrx_word' id='word_1_114' title='bbox 1034 2998 1173 3051; x_wconf 74' lang='lat' dir='ltr'>superqua</span> 
     </span>
     <span class='ocr_line' id='line_1_25' title="bbox 125 3041 1197 3130; baseline 0.018 -36"><span class='ocrx_word' id='word_1_115' title='bbox 125 3041 160 3094; x_wconf 83' lang='lat' dir='ltr'>ad</span> <span class='ocrx_word' id='word_1_116' title='bbox 168 3045 333 3099; x_wconf 78' lang='lat' dir='ltr'>Herennium</span> <span class='ocrx_word' id='word_1_117' title='bbox 351 3047 459 3102; x_wconf 83' lang='lat' dir='ltr'>adducit</span> <span class='ocrx_word' id='word_1_118' title='bbox 474 3075 481 3102; x_wconf 91' lang='lat'>.·</span> <span class='ocrx_word' id='word_1_119' title='bbox 501 3056 575 3108; x_wconf 75' lang='lat' dir='ltr'>«Hac</span> <span class='ocrx_word' id='word_1_120' title='bbox 586 3074 628 3108; x_wconf 80' lang='lat' dir='ltr'>rea</span> <span class='ocrx_word' id='word_1_121' title='bbox 672 3070 770 3110; x_wconf 81' lang='lat' dir='ltr'>tactum</span> <span class='ocrx_word' id='word_1_122' title='bbox 780 3061 963 3130; x_wconf 71' lang='lat' dir='ltr'>projiceretur</span> <span class='ocrx_word' id='word_1_123' title='bbox 973 3058 1174 3130; x_wconf 79' lang='lat' dir='ltr'>provolautihus</span> <span class='ocrx_word' id='word_1_124' title='bbox 1189 3117 1197 3124; x_wconf 55' lang='grc'><em>,</em></span> 
     </span>
     <span class='ocr_line' id='line_1_26' title="bbox 126 3122 1175 3212; baseline 0.02 -39"><span class='ocrx_word' id='word_1_125' title='bbox 126 3122 159 3173; x_wconf 88' lang='lat' dir='ltr'>ad</span> <span class='ocrx_word' id='word_1_126' title='bbox 169 3136 197 3174; x_wconf 85' lang='lat' dir='ltr'>ta</span> <span class='ocrx_word' id='word_1_127' title='bbox 205 3127 324 3196; x_wconf 73' lang='lat' dir='ltr'>scriptas,</span> <span class='ocrx_word' id='word_1_128' title='bbox 331 3127 406 3195; x_wconf 85' lang='lat' dir='ltr'>Luci,</span> <span class='ocrx_word' id='word_1_129' title='bbox 414 3134 542 3200; x_wconf 74' lang='lat' dir='ltr'>misimur,</span> <span class='ocrx_word' id='word_1_130' title='bbox 550 3136 624 3189; x_wconf 77' lang='lat' dir='ltr'>AEti.·</span> <span class='ocrx_word' id='word_1_131' title='bbox 671 3139 813 3207; x_wconf 81' lang='lat' dir='ltr'>tabulatis,</span> <span class='ocrx_word' id='word_1_132' title='bbox 824 3140 894 3192; x_wconf 85' lang='lat' dir='ltr'>unda</span> <span class='ocrx_word' id='word_1_133' title='bbox 905 3145 961 3212; x_wconf 82' lang='lat' dir='ltr'>ipae</span> <span class='ocrx_word' id='word_1_134' title='bbox 971 3156 997 3193; x_wconf 85' lang='lat' dir='ltr'>ct</span> <span class='ocrx_word' id='word_1_135' title='bbox 1008 3143 1107 3212; x_wconf 79' lang='lat' dir='ltr'>posteri</span> <span class='ocrx_word' id='word_1_136' title='bbox 1117 3143 1175 3211; x_wconf 75' lang='lat' dir='ltr'>ejus</span> 
     </span>
     <span class='ocr_line' id='line_1_27' title="bbox 125 3203 1174 3292; baseline 0.018 -37"><span class='ocrx_word' id='word_1_137' title='bbox 125 3203 255 3256; x_wconf 69' lang='lat' dir='ltr'>caeterum</span> <span class='ocrx_word' id='word_1_138' title='bbox 266 3205 306 3258; x_wconf 81' lang='lat' dir='ltr'>lex</span> <span class='ocrx_word' id='word_1_139' title='bbox 316 3208 444 3262; x_wconf 73' lang='lat' dir='ltr'>trochaici</span> <span class='ocrx_word' id='word_1_140' title='bbox 455 3217 578 3269; x_wconf 78' lang='lat' dir='ltr'>carminis</span> <span class='ocrx_word' id='word_1_141' title='bbox 590 3219 628 3269; x_wconf 91' lang='lat' dir='ltr'>ni·</span> <span class='ocrx_word' id='word_1_142' title='bbox 671 3232 791 3288; x_wconf 73' lang='lat' dir='ltr'>spectare</span> <span class='ocrx_word' id='word_1_143' title='bbox 803 3237 898 3272; x_wconf 84' lang='lat' dir='ltr'>munna</span> <span class='ocrx_word' id='word_1_144' title='bbox 909 3220 1095 3291; x_wconf 72' lang='lat' dir='ltr'>gladiatorium</span> <span class='ocrx_word' id='word_1_145' title='bbox 1110 3240 1174 3292; x_wconf 81' lang='lat' dir='ltr'>poa·</span> 
     </span>
     <span class='ocr_line' id='line_1_28' title="bbox 124 3279 1173 3369; baseline 0.02 -37"><span class='ocrx_word' id='word_1_146' title='bbox 124 3279 163 3332; x_wconf 87' lang='lat' dir='ltr'>hil</span> <span class='ocrx_word' id='word_1_147' title='bbox 174 3285 330 3338; x_wconf 78' lang='lat' dir='ltr'>mutandum</span> <span class='ocrx_word' id='word_1_148' title='bbox 342 3287 448 3342; x_wconf 84' lang='lat' dir='ltr'>clamat.</span> <span class='ocrx_word' id='word_1_149' title='bbox 671 3310 742 3362; x_wconf 81' lang='lat' dir='ltr'>sant,</span> <span class='ocrx_word' id='word_1_150' title='bbox 758 3299 829 3369; x_wconf 87' lang='lat' dir='ltr'>quod</span> <span class='ocrx_word' id='word_1_151' title='bbox 843 3301 923 3351; x_wconf 87' lang='lat' dir='ltr'>etiam</span> <span class='ocrx_word' id='word_1_152' title='bbox 938 3314 993 3351; x_wconf 87' lang='lat' dir='ltr'>tum</span> <span class='ocrx_word' id='word_1_153' title='bbox 1012 3303 1039 3350; x_wconf 92' lang='lat' dir='ltr'>in</span> <span class='ocrx_word' id='word_1_154' title='bbox 1052 3301 1111 3352; x_wconf 82' lang='lat' dir='ltr'>loro</span> <span class='ocrx_word' id='word_1_155' title='bbox 1125 3299 1173 3352; x_wconf 88' lang='lat' dir='ltr'>da-</span> 
     </span>
     <span class='ocr_line' id='line_1_29' title="bbox 159 3361 1173 3450; baseline 0.022 -38"><span class='ocrx_word' id='word_1_156' title='bbox 159 3361 213 3412; x_wconf 91' lang='lat' dir='ltr'>CII.</span> <span class='ocrx_word' id='word_1_157' title='bbox 228 3363 260 3412; x_wconf 85' lang='grc' dir='ltr'>Δ.</span> <span class='ocrx_word' id='word_1_158' title='bbox 280 3364 397 3433; x_wconf 80' lang='lat' dir='ltr'>Gellius,</span> <span class='ocrx_word' id='word_1_159' title='bbox 410 3366 456 3420; x_wconf 89' lang='lat' dir='ltr'>lib.</span> <span class='ocrx_word' id='word_1_160' title='bbox 474 3371 502 3436; x_wconf 85' lang='lat'>1,</span> <span class='ocrx_word' id='word_1_161' title='bbox 519 3390 579 3445; x_wconf 85' lang='lat' dir='ltr'>cap.</span> <span class='ocrx_word' id='word_1_162' title='bbox 599 3375 626 3426; x_wconf 84' lang='lat'>3.</span> <span class='ocrx_word' id='word_1_163' title='bbox 670 3377 758 3430; x_wconf 83' lang='lat' dir='ltr'>batur.</span> <span class='ocrx_word' id='word_1_164' title='bbox 773 3381 811 3431; x_wconf 79' lang='lat' dir='ltr'>Ex</span> <span class='ocrx_word' id='word_1_165' title='bbox 825 3379 870 3431; x_wconf 90' lang='lat' dir='ltr'>illo</span> <span class='ocrx_word' id='word_1_166' title='bbox 883 3382 964 3450; x_wconf 76' lang='lat' dir='ltr'>igitur</span> <span class='ocrx_word' id='word_1_167' title='bbox 976 3380 1098 3433; x_wconf 84' lang='lat' dir='ltr'>columna</span> <span class='ocrx_word' id='word_1_168' title='bbox 1112 3383 1173 3434; x_wconf 74' lang='lat' dir='ltr'>Ma-</span> 
     </span>
    </p>
   </div>
   <div class='ocr_carea' id='block_1_8' title="bbox 124 3439 905 3520">
    <p class='ocr_par' dir='ltr' id='par_1_10' title="bbox 124 3439 905 3520">
     <span class='ocr_line' id='line_1_30' title="bbox 124 3439 905 3520; baseline 0.029 -31"><span class='ocrx_word' id='word_1_169' title='bbox 124 3439 254 3493; x_wconf 78' lang='lat' dir='ltr'>Eumdem</span> <span class='ocrx_word' id='word_1_170' title='bbox 272 3443 428 3515; x_wconf 74' lang='lat' dir='ltr'>adagionem</span> <span class='ocrx_word' id='word_1_171' title='bbox 445 3461 534 3520; x_wconf 82' lang='lat' dir='ltr'>aperte</span> <span class='ocrx_word' id='word_1_172' title='bbox 552 3467 627 3506; x_wconf 82' lang='lat' dir='ltr'>extu·</span> <span class='ocrx_word' id='word_1_173' title='bbox 670 3460 715 3510; x_wconf 81' lang='lat' dir='ltr'>nia</span> <span class='ocrx_word' id='word_1_174' title='bbox 729 3461 843 3510; x_wconf 75' lang='lat' dir='ltr'>vocitata</span> <span class='ocrx_word' id='word_1_175' title='bbox 858 3473 905 3512; x_wconf 83' lang='lat' dir='ltr'>eat.</span> 
     </span>
    </p>
   </div>
   <div class='ocr_carea' id='block_1_9' title="bbox 123 3517 1173 3676">
    <p class='ocr_par' dir='ltr' id='par_1_11' title="bbox 123 3517 1173 3676">
     <span class='ocr_line' id='line_1_31' title="bbox 124 3517 1173 3608; baseline 0.03 -40"><span class='ocrx_word' id='word_1_176' title='bbox 124 3517 401 3594; x_wconf 78' lang='lat' dir='ltr'>litPlutarchua‚mpI</span> <span class='ocrx_word' id='word_1_177' title='bbox 413 3532 515 3588; x_wconf 57' lang='lat' dir='ltr'>romu</span> <span class='ocrx_word' id='word_1_178' title='bbox 524 3536 627 3596; x_wconf 76' lang='grc' dir='ltr'>μάλιστα</span> <span class='ocrx_word' id='word_1_179' title='bbox 706 3541 770 3592; x_wconf 90' lang='lat' dir='ltr'>CVI.</span> <span class='ocrx_word' id='word_1_180' title='bbox 792 3539 884 3608; x_wconf 82' lang='lat' dir='ltr'>Idem,</span> <span class='ocrx_word' id='word_1_181' title='bbox 909 3544 937 3594; x_wconf 89' lang='lat' dir='ltr'>in</span> <span class='ocrx_word' id='word_1_182' title='bbox 958 3543 1050 3595; x_wconf 80' lang='lat' dir='ltr'>Horat.</span> <span class='ocrx_word' id='word_1_183' title='bbox 1072 3542 1118 3596; x_wconf 83' lang='lat' dir='ltr'>lib.</span> <span class='ocrx_word' id='word_1_184' title='bbox 1140 3545 1173 3608; x_wconf 84' lang='lat' dir='ltr'>I,</span> 
     </span>
     <span class='ocr_line' id='line_1_32' title="bbox 123 3603 763 3676; baseline 0.038 -29"><span class='ocrx_word' id='word_1_185' title='bbox 123 3603 625 3676; x_wconf 62' lang='grc' dir='ltr'>τοῖςὴμόσιδιῒτὸνφιλόσοφονὸιαὶῌσθαι·</span> <span class='ocrx_word' id='word_1_186' title='bbox 669 3620 724 3674; x_wconf 79' lang='lat' dir='ltr'>Sat.</span> <span class='ocrx_word' id='word_1_187' title='bbox 738 3621 763 3672; x_wconf 89' lang='lat'>6.</span> 
     </span>
    </p>
   </div>
   <div class='ocr_carea' id='block_1_10' title="bbox 124 3682 1174 3844">
    <p class='ocr_par' dir='ltr' id='par_1_12' title="bbox 124 3682 1174 3844">
     <span class='ocr_line' id='line_1_33' title="bbox 126 3682 1174 3766; baseline 0.026 -39"><span class='ocrx_word' id='word_1_188' title='bbox 126 3682 214 3730; x_wconf 70' lang='lat' dir='ltr'>-catrt</span> <span class='ocrx_word' id='word_1_189' title='bbox 227 3684 270 3746; x_wconf 69' lang='lat' dir='ltr'>plu</span> <span class='ocrx_word' id='word_1_190' title='bbox 285 3683 345 3752; x_wconf 72' lang='grc' dir='ltr'>ᾔδειν</span> <span class='ocrx_word' id='word_1_191' title='bbox 359 3684 414 3751; x_wconf 76' lang='grc' dir='ltr'>πρὶν</span> <span class='ocrx_word' id='word_1_192' title='bbox 435 3692 523 3752; x_wconf 53' lang='lat' dir='ltr'>Olunta</span> <span class='ocrx_word' id='word_1_193' title='bbox 538 3701 625 3754; x_wconf 68' lang='lat' dir='ltr'>movi-</span> <span class='ocrx_word' id='word_1_194' title='bbox 706 3700 782 3752; x_wconf 94' lang='lat' dir='ltr'>CVII.</span> <span class='ocrx_word' id='word_1_195' title='bbox 802 3699 906 3764; x_wconf 80' lang='lat' dir='ltr'>Aaron,</span> <span class='ocrx_word' id='word_1_196' title='bbox 926 3704 953 3752; x_wconf 90' lang='lat' dir='ltr'>iu</span> <span class='ocrx_word' id='word_1_197' title='bbox 964 3701 1056 3752; x_wconf 78' lang='lat' dir='ltr'>Horat,</span> <span class='ocrx_word' id='word_1_198' title='bbox 1071 3699 1116 3752; x_wconf 89' lang='lat' dir='ltr'>lib.</span> <span class='ocrx_word' id='word_1_199' title='bbox 1132 3703 1174 3766; x_wconf 84' lang='lat'>11,</span> 
     </span>
     <span class='ocr_line' id='line_1_34' title="bbox 124 3760 764 3844; baseline 0.034 -36"><span class='ocrx_word' id='word_1_200' title='bbox 124 3777 188 3808; x_wconf 75' lang='lat' dir='ltr'>m·</span> <span class='ocrx_word' id='word_1_201' title='bbox 203 3760 286 3828; x_wconf 87' lang='lat' dir='ltr'>Quod</span> <span class='ocrx_word' id='word_1_202' title='bbox 301 3775 414 3816; x_wconf 86' lang='lat' dir='ltr'>tamena</span> <span class='ocrx_word' id='word_1_203' title='bbox 425 3771 531 3822; x_wconf 86' lang='lat' dir='ltr'>nemine</span> <span class='ocrx_word' id='word_1_204' title='bbox 543 3789 626 3843; x_wconf 74' lang='lat' dir='ltr'>usque</span> <span class='ocrx_word' id='word_1_205' title='bbox 668 3779 723 3832; x_wconf 79' lang='lat' dir='ltr'>Sat.</span> <span class='ocrx_word' id='word_1_206' title='bbox 738 3779 764 3844; x_wconf 70' lang='grc'>4.</span> 
     </span>
    </p>
   </div>
   <div class='ocr_carea' id='block_1_11' title="bbox 123 3838 1171 4085">
    <p class='ocr_par' dir='ltr' id='par_1_13' title="bbox 123 3838 1171 4085">
     <span class='ocr_line' id='line_1_35' title="bbox 125 3838 1170 3924; baseline 0.017 -34"><span class='ocrx_word' id='word_1_207' title='bbox 125 3838 211 3892; x_wconf 78' lang='lat' dir='ltr'>adhuc</span> <span class='ocrx_word' id='word_1_208' title='bbox 219 3841 425 3912; x_wconf 74' lang='lat' dir='ltr'>proverbiorum</span> <span class='ocrx_word' id='word_1_209' title='bbox 435 3847 625 3904; x_wconf 69' lang='lat' dir='ltr'>concinnatum</span> <span class='ocrx_word' id='word_1_210' title='bbox 706 3858 794 3909; x_wconf 87' lang='lat' dir='ltr'>CVIII.</span> <span class='ocrx_word' id='word_1_211' title='bbox 809 3860 916 3924; x_wconf 78' lang='lat' dir='ltr'>Aaron,</span> <span class='ocrx_word' id='word_1_212' title='bbox 936 3861 963 3909; x_wconf 92' lang='lat' dir='ltr'>in</span> <span class='ocrx_word' id='word_1_213' title='bbox 975 3860 1066 3911; x_wconf 81' lang='lat' dir='ltr'>Horat.</span> <span class='ocrx_word' id='word_1_214' title='bbox 1082 3858 1128 3909; x_wconf 88' lang='lat' dir='ltr'>lib.</span> <span class='ocrx_word' id='word_1_215' title='bbox 1143 3861 1170 3922; x_wconf 89' lang='lat' dir='ltr'>I,</span> 
     </span>
     <span class='ocr_line' id='line_1_36' title="bbox 125 3916 1171 4008; baseline 0.022 -41"><span class='ocrx_word' id='word_1_216' title='bbox 125 3916 312 3986; x_wconf 80' lang='lat' dir='ltr'>observatum,</span> <span class='ocrx_word' id='word_1_217' title='bbox 336 3921 460 3976; x_wconf 77' lang='lat' dir='ltr'>demirari</span> <span class='ocrx_word' id='word_1_218' title='bbox 482 3929 545 3980; x_wconf 77' lang='lat' dir='ltr'>satia</span> <span class='ocrx_word' id='word_1_219' title='bbox 568 3948 623 3983; x_wconf 87' lang='lat' dir='ltr'>noa</span> <span class='ocrx_word' id='word_1_220' title='bbox 668 3936 721 3989; x_wconf 87' lang='lat' dir='ltr'>Sat.</span> <span class='ocrx_word' id='word_1_221' title='bbox 734 3936 759 3989; x_wconf 88' lang='lat'>6.</span> <span class='ocrx_word' id='word_1_222' title='bbox 773 3935 1047 4008; x_wconf 79' lang='lat' dir='ltr'>confunduntsaepiua</span> <span class='ocrx_word' id='word_1_223' title='bbox 1059 3938 1171 4006; x_wconf 76' lang='lat' dir='ltr'>scripto-</span> 
     </span>
     <span class='ocr_line' id='line_1_37' title="bbox 123 4013 1171 4085; baseline 0.017 -33"><span class='ocrx_word' id='word_1_224' title='bbox 123 4013 240 4066; x_wconf 75' lang='lat' dir='ltr'>potsum·</span> <span class='ocrx_word' id='word_1_225' title='bbox 668 4033 710 4068; x_wconf 81' lang='lat' dir='ltr'>rcs</span> <span class='ocrx_word' id='word_1_226' title='bbox 720 4017 828 4068; x_wconf 85' lang='lat' dir='ltr'>minium</span> <span class='ocrx_word' id='word_1_227' title='bbox 839 4035 898 4067; x_wconf 85' lang='lat' dir='ltr'>curn</span> <span class='ocrx_word' id='word_1_228' title='bbox 908 4017 1059 4076; x_wconf 84' lang='lat' dir='ltr'>cinnabari;</span> <span class='ocrx_word' id='word_1_229' title='bbox 1071 4015 1104 4066; x_wconf 82' lang='lat' dir='ltr'>tle</span> <span class='ocrx_word' id='word_1_230' title='bbox 1116 4034 1171 4085; x_wconf 86' lang='lat' dir='ltr'>quo</span> 
     </span>
    </p>
   </div>
   <div class='ocr_carea' id='block_1_12' title="bbox 157 4077 1169 4244">
    <p class='ocr_par' dir='ltr' id='par_1_14' title="bbox 157 4077 1169 4244">
     <span class='ocr_line' id='line_1_38' title="bbox 157 4077 1169 4148; baseline 0.017 -21"><span class='ocrx_word' id='word_1_231' title='bbox 157 4077 219 4128; x_wconf 85' lang='lat' dir='ltr'>CIII.</span> <span class='ocrx_word' id='word_1_232' title='bbox 234 4078 445 4148; x_wconf 78' lang='lat' dir='ltr'>Concla.Fortc‚</span> <span class='ocrx_word' id='word_1_233' title='bbox 462 4085 513 4136; x_wconf 83' lang='lat' dir='ltr'>Coa</span> <span class='ocrx_word' id='word_1_234' title='bbox 527 4085 605 4140; x_wconf 76' lang='lat' dir='ltr'>ctam.</span> <span class='ocrx_word' id='word_1_235' title='bbox 668 4093 775 4146; x_wconf 80' lang='lat' dir='ltr'>abunde</span> <span class='ocrx_word' id='word_1_236' title='bbox 806 4093 904 4147; x_wconf 73' lang='lat' dir='ltr'>Plinius</span> <span class='ocrx_word' id='word_1_237' title='bbox 934 4095 996 4146; x_wconf 85' lang='lat' dir='ltr'>Nat.</span> <span class='ocrx_word' id='word_1_238' title='bbox 1027 4094 1093 4146; x_wconf 78' lang='lat' dir='ltr'>Ilist-</span> <span class='ocrx_word' id='word_1_239' title='bbox 1123 4093 1169 4145; x_wconf 75' lang='lat' dir='ltr'>Il».</span> 
     </span>
     <span class='ocr_line' id='line_1_39' title="bbox 157 4155 925 4244; baseline 0.02 -37"><span class='ocrx_word' id='word_1_240' title='bbox 157 4155 222 4208; x_wconf 82' lang='lat' dir='ltr'>clv.</span> <span class='ocrx_word' id='word_1_241' title='bbox 250 4159 398 4214; x_wconf 74' lang='lat' dir='ltr'>Martianus</span> <span class='ocrx_word' id='word_1_242' title='bbox 425 4162 553 4235; x_wconf 85' lang='lat' dir='ltr'>Capella,</span> <span class='ocrx_word' id='word_1_243' title='bbox 577 4167 623 4221; x_wconf 87' lang='lat' dir='ltr'>lib.</span> <span class='ocrx_word' id='word_1_244' title='bbox 668 4172 814 4240; x_wconf 81' lang='lat' dir='ltr'>xxxvlu,</span> <span class='ocrx_word' id='word_1_245' title='bbox 827 4192 886 4244; x_wconf 87' lang='lat' dir='ltr'>cap.</span> <span class='ocrx_word' id='word_1_246' title='bbox 901 4190 925 4242; x_wconf 88' lang='lat'>7.</span> 
     </span>
    </p>
   </div>
   <div class='ocr_carea' id='block_1_13' title="bbox 0 0 1524 4932">
    <p class='ocr_par' dir='ltr' id='par_1_15' title="bbox 0 0 1524 4932">
     <span class='ocr_line' id='line_1_40' title="bbox 0 0 1524 4932; baseline 0 2"><span class='ocrx_word' id='word_1_247' title='bbox 0 0 1524 4932; x_wconf 95' lang='lat' dir='ltr'> </span> 
     </span>
    </p>
   </div>
  </div>
 </body>
</html>
