3038 4932
447 463 508 525 EX
533 460 676 525 LIBRO
701 463 715 525 1
740 461 886 525 SATIR.

1121 463 1186 552 329
1237 518 1246 539 x

145 696 332 767 Concilium
344 699 483 766 summis
497 697 672 764 hominum
683 696 725 764 de
737 696 838 764 rebus
849 694 1030 764 habebant.

289 807 293 816 ’
645 812 689 872 ll.

145 920 277 988 Vellem
287 919 426 988 concilio
438 933 603 1000 vestrum,
616 916 707 1013 quod
722 915 843 1000 dicitis,
856 915 936 984 olim

143 1028 323 1114 Caelioolae3
335 1029 471 1112 vellem,
485 1031 639 1124 inquam,
652 1025 887 1096 adfuvissemu’
898 1030 1009 1120 priore

143 1137 301 1216 Concilio.

635 1235 696 1298 Ill.

144 1349 192 1413 Ut
202 1367 303 1411 nemo
315 1345 358 1410 sit
368 1359 537 1424 nostrum,
552 1345 633 1436 quin
645 1348 743 1411 Pater
754 1341 892 1434 optimu'
902 1344 1042 1424 Divum,

143 1458 191 1520 Ut
201 1451 369 1545 Neptunu'
380 1458 492 1535 Pater,
506 1451 619 1533 Liber,
632 1450 785 1521 Setumu’
800 1457 913 1535 Pater,
926 1455 1032 1535 Mars,

142 1559 252 1644 Janu’‚
264 1559 413 1647 Quirinu’
425 1566 533 1642 Pater,
546 1583 670 1627 nomen
685 1559 813 1628 dicotur
825 1559 868 1627 ad
882 1583 1000 1627 unum.

635 1675 690 1736 lv.

144 1828 472 1847 ..........
503 1780 660 1848 Tubulus
672 1784 700 1848 si
712 1785 834 1850 Lucius
847 1805 1012 1877 unquam,

141 1891 175 1956 Si
187 1892 319 1982 Lupus,
331 1907 390 1958 eut
400 1891 507 1960 Carbo
520 1893 667 1984 Neptuni
681 1889 759 1958 filiu’
773 1896 874 1960 Divos

139 2003 223 2066 Esse
234 2016 401 2091 putasset,
413 2018 483 2069 tam
493 2004 632 2094 impius,
644 2015 703 2067 out
716 1999 863 2095 perjuru’
878 2003 1016 2088 fuisset?

176 2156 196 2205 Ι.
215 2156 321 2208 Servius
340 2159 368 2208 in
388 2157 425 2210 lx
440 2159 497 2208 AEn.
517 2155 550 2209 etl
570 2156 640 2208 buno

143 2253 246 2288 vertum
261 2253 311 2306 ²²7

140 2330 255 2374 confflum
263 2334 349 2376 summio
358 2334 415 2390 regni
424 2331 450 2374 tle
462 2333 521 2377 robur
530 2333 640 2380 hebebant.

175 2411 206 2462 11.
214 2409 428 2465 Julllufinienus
435 2414 468 2466 de
475 2415 573 2484 Figuris
581 2433 639 2466 een·

139 2490 281 2541 tentiarum
306 2504 333 2542 et
353 2491 517 2544 elocutionis.
537 2494 569 2543 Et
590 2491 638 2544 hor

137 2585 229 2619 versus
246 2569 285 2619 itu
300 2571 389 2620 sensui
407 2582 433 2620 et
449 2571 565 2622 numeris
580 2588 595 2621 e
611 2589 638 2622 ee

138 2650 274 2700 restitutos
293 2646 327 2698 nd
350 2648 446 2699 librum
464 2647 535 2699 bunc
559 2651 639 2720 perti-

140 2729 229 2779 nuisse
242 2746 297 2779 non
311 2747 379 2780 rane
392 2727 638 2780 hariolaturDousa

139 2817 227 2876 pater,
242 2819 384 2878 censetque
397 2826 412 2859 a
426 2809 490 2858 Jove
505 2811 563 2878 ipro
575 2827 638 2879 pro·

140 2883 247 2950 ductos,
266 2901 296 2938 ut
311 2886 406 2958 reliqui
419 2887 461 2938 Dii
475 2886 507 2937 de
523 2885 636 2939 concilio

136 2966 210 3035 prius
223 2985 237 3016 e
249 2983 276 3017 se
288 2965 364 3031 eolis,
376 2967 440 3016 love
454 2963 574 3028 absente,
589 2963 637 3017 he-

139 3042 197 3094 bito
210 3047 370 3097 mentionem
382 3046 473 3097 fecisse
485 3064 499 3097 a
509 3057 588 3116 poete
596 3048 636 3097 iu-

139 3121 214 3175 ducti
231 3125 486 3195 luerint.'.losepbus
505 3126 635 3196 Scaliger,

141 3201 233 3254 addito
243 3218 366 3274 preterea
378 3209 455 3256 tertio
466 3225 541 3258 versu
554 3224 585 3258 ex
596 3210 636 3258 in·

140 3294 213 3333 certo
220 3285 354 3335 satirarum
363 3284 430 3335 libro
441 3285 474 3336 ab
480 3286 595 3337 Asconio
603 3284 636 3336 al-

137 3358 206 3428 lato,
214 3363 248 3413 ita
260 3375 328 3416 totos
336 3364 633 3435 constituendosputat:

137 3461 217 3504 Vellem
224 3477 270 3505 com
280 3465 363 3520 primis,
376 3463 445 3506 betisi
456 3465 497 3506 foro
505 3465 614 3519 potuisset,

137 3522 217 3566 Vellem
227 3525 314 3568 coneilio
322 3535 420 3576 vostrum,
432 3523 485 3582 qood
495 3523 568 3574 dicitis,
578 3525 634 3576 olim,

137 3583 229 3638 Vellem,
236 3589 336 3640 celicola,
347 3600 439 3634 rostrum
447 3589 535 3634 adfuisse
542 3593 608 3648 priore

137 3639 233 3684 Concilio.

685 2154 780 2208 dentur
788 2159 866 2210 etiarn
876 2177 907 2210 ex
915 2160 930 2210 J
933 2159 987 2209 ovis
996 2172 1111 2229 persone
1120 2156 1185 2206 ecci-

683 2236 790 2305 pientla.
1063 2291 1066 2297 ,
1192 2271 1201 2288 .

719 2314 762 2364 IV.
779 2315 870 2366 Cicero
882 2314 915 2367 de
929 2316 989 2366 Nat.
1000 2316 1119 2366 Deorum
1135 2313 1183 2366 lib.

683 2391 716 2441 1:
737 2394 772 2443 Ut
794 2390 849 2444 bec
874 2410 982 2464 quoque
1004 2391 1039 2444 ed
1059 2392 1129 2444 bunc
1152 2393 1185 2443 li-

683 2471 759 2522 brum
783 2473 912 2542 pertinere
932 2484 1085 2542 putaremus
1104 2471 1184 2540 (nem

684 2549 757 2621 apud
765 2551 919 2602 Ciceronem
929 2548 1015 2603 nullus
1025 2549 1085 2601 libri
1094 2568 1183 2601 nume·

682 2647 727 2680 rus
740 2628 901 2700 agnoscitur)
908 2627 1083 2699 persuadebat
1093 2629 1183 2698 Lupus

681 2709 746 2772 iste,
760 2709 835 2777 cujus
849 2709 988 2778 impietatis
1005 2708 1184 2758 commeminit

683 2788 838 2859 obsequens.
863 2788 993 2841 nllutiliue
1016 2785 1122 2857 Lupm',
1141 2788 1183 2838 in·

683 2868 755 2939 quit,
764 2869 857 2938 epretie
868 2867 1051 2937 religionibus,
1065 2884 1146 2937 quum
1155 2867 1182 2916 in

682 2948 746 2997 extio
761 2958 842 3016 caput
855 2963 909 2995 non
922 2945 1065 2996 invenisset
1080 2944 1182 3014 jecine-

681 3025 724 3089 ris,
733 3027 828 3076 amisso
839 3026 961 3088 exercitu,
970 3025 997 3074 in
1008 3021 1098 3093 prelio
1111 3023 1183 3073 occi-

680 3102 1182 3158 susest.n—LuciusveroTubulusiste

682 3184 738 3254 quis
746 3182 898 3249 fuerit‚licet
905 3185 1010 3252 penitus
1018 3199 1049 3232 ex
1056 3182 1181 3233 Cicerone

680 3279 854 3332 cognoscere,
863 3264 899 3312 ita
910 3280 971 3312 eum
981 3259 1145 3312 describente
1153 3262 1181 3310 in

681 3343 856 3410 orationepro
865 3341 979 3392 Scauro:
993 3340 1038 3392 “Si
1048 3338 1182 3412 mebereu-
1201 3362 1206 3370 ’

679 3419 713 3486 le,
721 3420 838 3490 judices,
848 3439 896 3490 pro
905 3421 986 3471 Lucio
994 3417 1101 3472 Tubulo
1110 3419 1182 3471 elice-

679 3517 743 3563 rem,
755 3517 834 3569 quem
844 3516 926 3549 unum
934 3517 965 3549 ex
973 3499 1046 3549 omni
1055 3499 1181 3549 memoria

679 3577 908 3630 sceleratissimum
929 3590 956 3630 et
977 3576 1181 3629 audacissimum

678 3655 759 3707 fuisse
770 3657 934 3726 accepimus,
946 3667 1095 3708 tamennon
1105 3657 1180 3707 tirne-

169 3726 211 3777 ffl·
229 3725 303 3780 Lm·
320 3726 367 3779 lib·
383 3730 427 3793 lv,
449 3748 507 3800 ΜΡ·
523 3730 558 3797 3,
576 3733 633 3783 Div.
678 3753 732 3785 rem
740 3753 869 3786 venenum
878 3733 976 3805 hospiti
984 3749 1030 3786 eut
1037 3737 1150 3787 conrivae
1158 3736 1179 3785 ei

137 3803 197 3854 lmt.
208 3806 268 3858 Erec
284 3805 317 3857 ud
333 3807 403 3860 idem
417 3809 531 3859 Deorum
546 3813 634 3861 conci·
678 3811 972 3866 dicereturcoenantieb
980 3811 1178 3878 illodetum,oui

139 3880 201 3933 lium
218 3886 369 3954 referenda,
386 3891 408 3940 ei
427 3907 480 3939 non
500 3907 539 3940 res
557 3889 633 3960 ipsa,
678 3909 764 3961 neque
773 3890 854 3944 haeres
864 3911 950 3964 neque
960 3894 1042 3943 iratus
1052 3891 1174 3940 fuisset.»

138 3963 424 4018 eenehctantiiverba
435 3968 574 4018 manifesto
585 3985 633 4019 nos
677 3971 764 4036 Quem
781 3969 870 4021 locum
885 3987 1017 4040 exponens
1031 3967 1175 4018 Asconius:

137 4055 272 4111 “limem
280 4081 289 4109 r
297 4043 344 4114 qui
352 4043 481 4096 Lucillum
491 4063 522 4097 ea
530 4047 634 4097 inDeo·
680 4048 846 4102 «Luciusbic
856 4048 992 4114 Tubulus,
1001 4047 1099 4116 inquit,
1112 4064 1176 4115 prei-

137 4136 190 4172 mm
200 4120 314 4176 ⁰⁰¹¹⁰ffi⁰
324 4123 431 4194 lfflsslffl
441 4123 545 4185 set-ibin
560 4137 585 4176 et
597 4127 632 4176 vl-
677 4128 760 4178 torius
769 4128 818 4178 fuit
828 4140 902 4180 etate
912 4139 1017 4196 petrum
1029 4125 1177 4189 Ciceronis;
