3006 4934
380 470 428 533 lu
454 468 664 536 SATlRAM
687 473 893 538 PllllddM.
1118 477 1158 546 55

104 611 210 672 sponte
222 597 334 651 dehiscit
347 598 461 650 exterior
471 611 561 651 cortex
572 600 627 668 jam
637 615 686 669 per
696 617 725 650 se
736 599 830 652 scabra
843 601 994 672 rimostque
1006 601 1160 672 superficie,
1262 667 1266 676 1

104 692 139 730 ct
153 679 181 730 in
193 679 340 748 fragmenta
355 695 383 728 se
397 689 520 747 separet,
534 675 605 728 uude
619 676 769 748 superficies
782 677 884 730 arboris
895 677 1031 732 horridior
1043 682 1122 732 etiam
1135 695 1161 733 ct

36 789 44 806 .
106 761 237 830 rugosior
249 759 294 818 liat
304 775 411 810 necesse
427 770 476 810 est.
491 758 580 810 Posuit
594 757 673 828 igitur
685 759 781 810 Noster
794 777 895 810 remum
907 772 1040 814 vetustum
1053 760 1161 832 prendit

107 840 229 905 suberis,
242 841 341 892 cortice
352 839 426 893 statis
437 838 601 910 temporibus
613 837 743 891 demendo
754 859 807 892 non
820 839 897 907 culti,
912 840 958 894 ted
967 855 1097 896 vetustate
1106 846 1161 914 jem

109 921 228 972 emortui
241 919 357 990 solisque
373 917 514 971 ardoribus
531 919 632 970 siccati.
649 919 707 969 lloc
722 920 791 971 enim
804 929 905 972 coctum
919 920 1064 991 significat,
1082 935 1161 994 atque

107 996 164 1050 bac
175 997 344 1050 similitudine
355 997 529 1069 precedentis
540 1013 632 1050 coraus
643 994 712 1048 ridet
723 995 929 1050 similitudinem.

146 1103 213 1154 Nor.
232 1101 276 1171 98.
292 1100 423 1172 Quidnam
435 1100 519 1174 ipitur
529 1109 646 1152 tenerum
656 1099 756 1152 et'laxa
768 1103 864 1152 ceruice
876 1101 1072 1174 lapendum?-
1083 1106 1160 1172 Quo·

106 1181 181 1232 niam
197 1179 299 1252 Virgilii
317 1199 408 1233 versuo
419 1182 475 1252 jam
494 1194 693 1232 consenuerunt
707 1193 734 1231 et
750 1181 816 1232 facti
835 1193 896 1232 sunt
908 1180 1022 1248 horridi,
1039 1184 1160 1254 postulet

105 1262 211 1313 ironice
221 1262 320 1314 Noster
331 1261 480 1332 exemplum
491 1278 628 1326 versuum,
644 1261 690 1334 qui
704 1262 757 1312 sint
772 1261 970 1331 perfectissimi;
985 1261 1089 1334 sibique
1106 1283 1160 1317 rec·

105 1340 212 1413 pondet
222 1340 362 1394 referendo
374 1359 464 1394 versus
477 1341 582 1394 inflatos
595 1353 620 1392 et
632 1342 725 1392 inanes
737 1343 812 1394 istius
825 1340 912 1392 modi:
927 1342 1010 1394 Torua
1023 1343 1160 1395 Mimallo-

107 1421 181 1484 neis,
193 1431 243 1471 etc.
254 1421 286 1471 Vi
298 1421 400 1472 comica
409 1436 463 1470 non
473 1431 532 1489 eget
544 1416 628 1470 locus.
639 1447 676 1458 -
687 1418 815 1470 Teucrum
827 1420 933 1490 respicit
944 1417 979 1470 ad
990 1437 1047 1470 eam
1056 1423 1163 1490 junctu·

108 1517 169 1551 ram
179 1510 206 1550 et
216 1498 250 1550 ad
260 1517 304 1552 eas
314 1501 491 1552 recentiorum
503 1511 587 1564 artes,
600 1497 695 1572 quibus
707 1517 797 1552 versus
810 1499 891 1551 teneri
901 1511 928 1551 et
939 1497 1032 1551 molles
1044 1497 1162 1551 efficiun-

109 1591 164 1630 tur.
179 1605 216 1616 -
229 1578 301 1630 Loxa
316 1578 421 1631 emico.
436 1581 494 1630 lloc
509 1577 625 1648 intellige
639 1579 673 1630 de
689 1575 784 1631 habitu
802 1580 954 1644 recitantis,
970 1579 1016 1651 qui
1030 1577 1163 1634 exsultans

110 1667 195 1728 caput
206 1657 291 1726 rejicit
301 1658 460 1728 reponitque
470 1655 585 1708 mollius.
598 1655 712 1710 Similem
725 1657 807 1709 lema
819 1659 969 1710 fatuitatem
981 1656 1034 1710 hoc
1046 1656 1107 1709 loro
1119 1675 1163 1708 ex-

108 1739 209 1808 pressit
218 1737 366 1804 luvenalis,
378 1740 401 1804 1,
413 1738 464 1792 66:

311 1827 338 1870 Et
347 1823 443 1870 multum
453 1823 548 1869 referens
559 1825 585 1900 de
595 1825 710 1869 numan
719 1823 804 1882 supino.

145 1964 213 2018 Nor.
233 1983 283 2038 99,
299 1982 361 2036 too,
377 1983 440 2030 tot,
456 1985 520 2020 rone

313 2059 383 2102 'l'orra
391 2055 536 2101 Mimalloneis
545 2055 665 2114 implerunt
673 2070 756 2102 cornua
766 2057 852 2103 bombis

312 2126 338 2167 tu
347 2134 437 2180 ruptum
447 2122 516 2167 ritulo
524 2133 590 2182 ceput
598 2125 697 2170 ebleture
704 2125 801 2182 superbo

312 2189 416 2240 lauru,
425 2199 448 2233 et
456 2191 550 2248 Lynceus
561 2192 641 2235 lienes
650 2191 732 2234 flexura
742 2191 862 2250 corymbis:

312 2256 379 2300 Etiou
389 2257 520 2313 ingeminum
529 2257 655 2314 reparabilis
664 2268 751 2300 assonat
760 2259 824 2301 Eeho.

110 2357 148 2371 -
156 2328 318 2403 implerunt,-
330 2333 508 2385 nominativus
520 2333 633 2385 omissus
646 2345 699 2398 cst,
712 2335 749 2384 ait
757 2334 861 2404 Koenig.
872 2332 938 2385 Mihi
950 2351 1012 2386 vero
1025 2336 1115 2405 potius
1127 2339 1161 2388 vi·

112 2409 192 2462 detur
199 2411 298 2462 referre
309 2411 362 2463 hoc
371 2411 482 2464 verbnm
495 2412 529 2462 ad
537 2411 617 2464 verbe
627 2413 739 2463 Bassaris
752 2415 900 2479 othlonus,
912 2432 971 2485 qua
983 2417 1040 2485 ipsa
1051 2416 1160 2468 verbum

114 2507 170 2541 non
185 2487 328 2557 haberent,
346 2492 369 2544 si
382 2490 546 2542 constructio
559 2509 652 2541 verane
671 2507 706 2559 99
725 2494 909 2544 terminaretur
924 2511 988 2544 voce
1006 2495 1110 2547 bombis.
1126 2525 1162 2538 -

111 2566 297 2622 Mimalloneis
307 2571 411 2622 bombis.
422 2565 581 2631 nupturam,
594 2565 702 2633 Βάκχαι,
715 2567 850 2638 Bstlpo'po,
861 2569 1023 2643 hesychium
1038 2575 1098 2626 sch.
1111 2575 1163 2646 Ly.

111 2646 208 2720 cophr.
226 2649 293 2702 1236
305 2661 331 2701 et
347 2647 427 2715 tlsslr
440 2647 504 2700 Stat·
515 2646 646 2701 Thebaid.
657 2649 701 2714 IV,
712 2647 764 2718 659
777 2667 832 2720 sq„
844 2649 890 2701 nbi
901 2647 953 2701 vid.
967 2650 1056 2704 Barth.
1067 2651 1164 2706 Bocchi

109 2729 223 2780 comites
234 2727 400 2781 vocabantur
408 2725 581 2780 Mimallones
592 2739 638 2778 aut
649 2725 861 2794 Mimallonides,
872 2745 888 2779 a
901 2741 991 2779 monte
1001 2730 1068 2782 Asiae
1080 2733 1164 2784 mino·

109 2809 146 2861 ris
161 2810 208 2880 qui
218 2809 317 2862 Mimas
330 2807 434 2874 dicitur,
448 2807 482 2860 de
495 2827 548 2879 qno
561 2807 656 2861 Strabo
669 2807 713 2860 lib.
727 2809 802 2859 xlv:
819 2830 831 2854 ι
840 2811 911 2861 luter
923 2809 1048 2883 Erythras
1059 2827 1097 2866 est
1109 2813 1162 2866 Mi·

109 2907 167 2942 mas
177 2907 255 2944 mons
267 2889 409 2944 altissimus
422 2904 448 2942 et
458 2891 541 2960 gerris
553 2901 580 2942 et
591 2889 732 2942 arboribus
743 2889 848 2961 plenus.
858 2913 870 2938 a
882 2889 959 2942 Ovid.
973 2893 997 2958 1,
1010 2889 1043 2944 de
1055 2893 1132 2945 Arte:

313 2982 367 3024 Ecce
373 2979 538 3023 uunatontda
544 2979 623 3036 sparsis
630 2979 654 3022 in
662 2989 721 3036 terga
728 2977 811 3036 capillis
818 3011 871 3022 .....

109 3053 223 3106 Bomlnu
234 3057 345 3127 proprie
358 3073 439 3109 sonus
452 3067 505 3120 est,
521 3073 600 3127 quem
614 3073 678 3126 apes
690 3053 769 3106 edero
782 3053 922 3120 dicantur,
937 3071 1046 3106 examen
1061 3073 1160 3108 novum

109 3137 257 3200 emissurae3
267 3134 364 3189 deinde
378 3154 459 3190 sonus
471 3153 612 3189 cornuum.
623 3135 719 3188 Catuli.
731 3133 846 3208 Epithal.
857 3134 911 3186 Pel.
925 3147 951 3186 et
962 3133 1039 3187 Thet.
1054 3135 1113 3202 264.
1125 3167 1162 3178 -

112 3213 198 3266 Torva
208 3233 321 3278 comua,·
333 3227 404 3269 torua
416 3215 487 3268 idem
497 3235 529 3268 ac
541 3229 619 3268 torta.
632 3217 674 3270 Sic
686 3216 824 3281 Lucanus,
836 3213 928 3266 Phara.
941 3214 986 3267 lib.
998 3216 1009 3264 l
1015 3253 1022 3280 ‚
1033 3216 1101 3267 612:
1115 3233 1125 3256 ·

314 3307 401 3350 δονηια
408 3305 513 3350 succincti
521 3315 723 3363 premerentquum
731 3311 794 3347 tom
802 3303 905 3347 ministri.

110 3376 227 3448 Implcre
237 3397 333 3432 cornua
344 3382 451 3448 bombis,
465 3381 535 3432 idem
546 3401 576 3433 ac
587 3381 679 3433 inllare
691 3399 800 3432 cornua.
811 3411 846 3420 —
858 3378 964 3441 Vttnlm·
975 3380 1084 3432 forsitan
1095 3381 1160 3433 Pen-

12 3519 14 3526 .
108 3455 187 3524 theo,
203 3475 282 3529 quent
300 3457 408 3510 vitulum
424 3477 482 3512 esse
496 3459 668 3512 crediderunt
683 3461 801 3511 furentes
819 3456 928 3509 Baccha
944 3459 1055 3530 ipsaque
1072 3457 1160 3528 Agave

109 3541 168 3610 ejus
182 3551 273 3592 mater.
290 3541 380 3592 Horat.
397 3542 468 3593 satir.
481 3543 519 3607 ll,
535 3541 565 3602 33
579 3538 656 3593 ovid.
670 3538 847 3611 Metamorph.
864 3541 888 3593 3.
903 3569 937 3578 -
952 3539 1080 3611 Superbo,
1097 3557 1160 3590 con·

108 3619 236 3689 temptori
248 3619 389 3691 Orgiarum
401 3633 428 3672 ct
440 3620 581 3672 Sacrorum
593 3618 698 3672 Bacchi.
709 3617 885 3690 Metamorpb.
904 3617 943 3671 13.
956 3617 1160 3671 Bacchanalium

106 3700 339 3771 homanagium
354 3713 379 3752 et
394 3699 595 3770 abrogationem
606 3701 664 3771 lege
679 3699 751 3771 apud
765 3699 815 3751 lit.
830 3701 884 3751 Liv.
899 3697 947 3770 39,
962 3699 977 3751 8
991 3718 1049 3770 sqq.
1062 3728 1097 3739 -
1109 3699 1162 3750 Ab·

107 3777 197 3830 latura
209 3790 302 3852 caput,
318 3779 335 3829 i.
351 3798 374 3830 e.
391 3797 447 3850 qnae
455 3781 575 3851 jamjam
589 3778 760 3832 obtruncabit
774 3777 935 3845 Pentheum,
948 3779 1035 3830 lurore
1050 3778 1159 3849 percita.

108 3887 145 3897 -
155 3857 280 3920 Bassaris,
292 3877 390 3911 nornen
401 3859 521 3925 bacche,
531 3860 571 3912 vel
580 3879 595 3912 a
604 3861 710 3912 Bessara
717 3859 804 3932 Libyn
812 3859 886 3926 loco,
896 3859 943 3911 ubi
950 3859 1088 3912 colebatur
1096 3857 1160 3907 Bac-

110 3932 191 4003 chus,
205 3953 234 3991 ut
248 3939 304 3992 vult
320 3941 423 4003 Acron5
437 3939 479 3993 rel
494 3959 509 3992 a
522 3941 636 4009 Bonan,
651 3955 722 3994 veste
737 3941 825 4006 talari,
841 3961 894 4013 qua
908 3941 973 3993 deus
991 3938 1159 3990 induebatur.

109 4017 171 4088 lpse
183 4020 330 4072 vocabatur
342 4021 484 4074 Bassareus.
498 4023 589 4075 ll'crat.
604 4021 654 4078 Od.
666 4025 690 4090 l,
703 4021 802 4088 mu,
818 4039 856 4074 tt.
868 4051 904 4063 ·-
916 4023 1047 4091 lyncem
1058 4018 1159 4090 Lyncea

111 4107 139 4147 et
148 4095 240 4166 Tigres
249 4097 389 4152 trahebant
399 4117 504 4151 currum
515 4099 624 4166 Bacchi,
635 4114 762 4174 erantque
772 4099 810 4151 illi
820 4118 906 4152 sacrae.
918 4101 989 4166 virg.
1001 4096 1096 4167 Georg‚
1110 4097 1159 4160 ΙΙΙ,

111 4172 163 4240 olid
178 4195 184 4225 ι
199 4191 213 4220 ἰ
223 4173 295 4242 Quid
310 4177 407 4248 lynces
421 4177 517 4231 Bttcchi
532 4181 646 4232 varini»
660 4209 695 4220 -
710 4179 810 4230 Manat
823 4195 853 4229 ex
865 4173 1012 4241 aetnaeos,
1033 4172 1105 4245 quod
1120 4187 1160 4227 est
