3038 4932
352 494 413 556 ua
436 494 537 558 ctu
562 495 749 559 nucrcu
773 497 895 562 vrrs.
1080 525 1144 590 297

142 617 208 698 lpse
217 627 320 676 autem
329 627 418 696 poeta
427 617 586 678 Romanus
596 619 939 701 Graecossequutusest,
955 625 1146 704 potissimum
1186 684 1190 695 ,

104 713 249 796 Eupolin,
258 713 430 788 Cratinum,
439 713 689 797 Aristophanem
700 715 809 776 Horat.
822 715 876 776 lib.
887 718 911 794 l,
925 718 985 780 Sat.
998 723 1101 796 lV,vs.
1116 745 1126 781 r
1139 745 1146 780 :

290 835 398 898 Eupolis,
410 848 480 900 atqua
488 839 610 894 Cratinus,
619 838 844 900 Aristophanesque,
856 853 944 901 poete,

290 911 365 970 Atque
374 906 424 962 alii,
437 923 536 970 quorum
546 909 658 956 conroeditt
667 910 741 971 prisca
752 912 855 956 virorum
864 923 899 956 est
909 946 916 967 ,

289 983 311 1026 Si
323 983 374 1042 quis
385 993 436 1026 orat
448 978 530 1040 dignus
542 981 654 1036 describi,
664 981 728 1044 quod
739 981 813 1028 malus
825 999 852 1029 sc
864 983 914 1040 sur,

290 1050 359 1111 Quod
365 1048 472 1101 ‚moechus
481 1051 606 1108 lorct„aut
617 1052 727 1105 sicarius,
740 1065 781 1100 aut
792 1051 880 1116 alioqui

290 1123 417 1183 Famosust,
430 1121 503 1168 multu
514 1136 566 1169 cunt
577 1120 683 1168 libertate
693 1125 813 1170 notabant.

290 1193 348 1239 llius
360 1195 434 1238 omnis
445 1191 531 1253 pendet
541 1193 653 1249 Lucilius,
665 1193 733 1240 hosce
745 1205 848 1246 secutus.

289 1263 385 1309 Mutatis
398 1275 487 1309 tanturn
497 1262 596 1324 pedibus
608 1267 767 1327 numerisque,
776 1267 873 1314 facetus.

100 1372 160 1430 Nec
174 1371 299 1431 Graecos
316 1382 437 1429 tanturn
452 1370 589 1429 imitatus
605 1382 662 1442 est3
683 1369 735 1429 sed
755 1383 786 1429 et
804 1369 899 1430 latina
914 1372 1020 1451 graecis
1036 1371 1147 1432 admis-

1 1530 2 1550 ,
98 1467 172 1527 cuit.
189 1468 297 1526 Horat.
310 1464 366 1524 lib.
380 1467 409 1542 l,
421 1467 479 1526 Sat.
493 1465 538 1540 X,
553 1485 595 1527 vs.
610 1488 665 1528 20:

289 1587 317 1628 At
328 1597 437 1643 magnum
449 1581 516 1638 lecit,
530 1581 595 1646 quod
608 1583 684 1630 verbis
696 1585 774 1631 Graes
787 1587 871 1633 Latinis
889 1601 892 1608 ¹

286 1653 387 1700 Miscuit.
399 1656 459 1700 -0
470 1656 513 1699 seri
525 1654 670 1702 studiorum!
683 1659 753 1720 quine
763 1660 847 1720 putetis

286 1723 387 1772 Difficile
399 1737 422 1772 et
433 1727 529 1780 mirum,
540 1726 630 1772 Rhodio
640 1729 702 1791 qupd
714 1727 854 1776 Pitholeonti

286 1797 403 1856 Contigit?
414 1821 444 1830 -
453 1797 482 1841 As
492 1811 567 1842 sermo
578 1795 658 1858 lingua
669 1800 795 1845 concinnus
807 1812 908 1862 utraque

286 1867 394 1922 Saevior,
405 1877 431 1912 ut
442 1864 500 1911 Chio
512 1879 568 1936 uota
580 1869 599 1912 si
611 1872 733 1916 commista
745 1870 837 1914 Falerni
849 1881 891 1914 est.

1 2029 2 2032 ,
96 1973 202 2034 Talem
219 1986 324 2033 autem
337 1971 491 2032 Lucilium
503 1985 626 2054 poetam
638 1971 851 2052 graeco-latinis
865 1973 1000 2033 versibus
1016 1976 1144 2034 cinnum

97 2069 254 2131 affectasse
267 2084 404 2149 arguunt
421 2070 513 2127 etiarn
528 2069 562 2128 A.
581 2067 711 2145 Gellius,
733 2070 851 2130 Nonius
868 2069 1044 2146 Marcellus,
1065 2071 1146 2131 Pris-

96 2171 203 2228 cianus
217 2165 422 2238 Caesaricnsis,
435 2163 495 2238 atii,
504 2163 604 2223 Immo
615 2177 645 2224 et
656 2164 779 2240 Cicero,
793 2165 847 2224 lib.
856 2167 869 2225 l
878 2165 916 2226 de
925 2165 1069 2242 Finibus,
1079 2164 1145 2246 ejus

97 2268 204 2326 recitat
220 2285 321 2324 versus
332 2262 371 2323 dc
382 2262 508 2322 Albutio
526 2275 655 2344 praetore
671 2283 768 2342 graeco
780 2261 906 2324 Athenis
920 2263 1063 2324 salutato.
1084 2266 1144 2346 Ap-

1 2380 3 2391 ’
97 2384 249 2446 ponemus
262 2359 370 2421 locum
385 2362 550 2440 integrum.
568 2361 625 2420 Res
644 2360 744 2420 bonas
762 2361 860 2421 verbis
875 2360 992 2436 electis,
1014 2363 1145 2440 graviter

98 2475 266 2540 ornateque
278 2457 425 2534 dictatas,
438 2458 505 2538 quis
518 2479 581 2517 uon
597 2457 700 2537 legati
718 2459 776 2517 nisi
788 2459 843 2541 qui
854 2479 885 2518 se
896 2456 987 2541 plane
1000 2459 1143 2520 Graecum

97 2559 156 2618 dici
170 2558 260 2617 velit:
277 2567 312 2616 ut
324 2576 343 2614 a
356 2554 491 2616 Scaevola
505 2569 550 2615 est
559 2568 672 2636 praetor
685 2553 833 2614 salutatus
847 2554 973 2615 Athenis
992 2551 1144 2614 Albutius.

97 2657 198 2731 Quem
214 2653 341 2735 quidem
352 2651 457 2712 locum
470 2673 542 2711 cum
556 2651 654 2728 ¹multa
667 2665 840 2727 venustate,
852 2665 882 2710 et
893 2653 979 2711 omni
992 2649 1053 2711 sale
1062 2649 1144 2710 idem

97 2752 249 2826 Lucilius,
265 2751 350 2835 apud
363 2771 455 2832 quem
470 2750 613 2833 praeclare
629 2749 778 2810 Scaevola:
1040 2743 1042 2748 ’

284 2871 391 2917 Graecum
403 2879 439 2924 te,
450 2865 542 2922 Albuti,
555 2883 624 2928 quam
637 2867 764 2914 homanum
775 2879 846 2930 utque
858 2867 979 2923 Sabinum,

282 2941 426 3000 Municipem
438 2939 519 2991 Ponti,
529 2939 595 2992 Titii,
606 2941 680 2993 Anni,
695 2941 870 2994 centurionum,

282 3009 448 3056 heduorum
459 3008 591 3064 hominum,
603 3025 629 3056 sc
641 3010 780 3071 primorum
791 3009 973 3070 signiferumque
1047 3027 1051 3036 ³

283 3077 387 3128 Matutisi
397 3080 454 3136 dici,
468 3082 546 3126 Graece
559 3097 626 3142 ergo,
638 3093 722 3142 prator
734 3080 841 3139 Athenis,

283 3153 310 3198 ld
319 3153 383 3215 quod
393 3152 504 3206 maluisti,
515 3164 553 3207 se,
563 3168 636 3213 quum
646 3152 721 3197 adme
731 3151 824 3208 accedi',
834 3150 908 3198 saluto
919 3167 924 3196 :

222 3234 227 3244 ·
281 3222 357 3283 Χαῖρέ
367 3221 491 3282 (inquam)
503 3224 555 3267 'l'itc
567 3236 572 3266 :
585 3220 691 3276 lictores,
702 3232 777 3266 tunna
787 3218 868 3276 omni',
881 3220 1023 3284 cohorsque,

283 3295 370 3354 Kalpe,
380 3292 435 3337 hine
446 3291 519 3338 hostis
530 3294 588 3338 muti
599 3290 716 3348 Albutius,
727 3291 781 3338 hinc
792 3293 905 3338 irtimicus.

96 3399 293 3479 Peregrinam
320 3417 392 3457 vero
413 3395 536 3456 laudem
562 3417 598 3455 eo
617 3409 661 3456 est
684 3397 893 3470 commeritus,
921 3396 1004 3478 quod
1030 3395 1143 3456 multos

97 3515 198 3554 versus
211 3493 317 3554 subito
334 3491 492 3552 effuderit.
513 3493 673 3568 Horatius,
688 3492 741 3552 lib.
755 3495 783 3567 l,
798 3496 859 3554 Sat.
871 3493 928 3568 lV,
943 3513 985 3554 vs.
999 3513 1036 3570 9:

280 3619 338 3665 Nam
348 3618 393 3664 tuit
404 3616 447 3662 hoc
459 3619 567 3672 vitiosus3
579 3618 602 3660 in
611 3616 670 3663 hora
681 3631 741 3677 saepe
753 3616 879 3672 ducentos,

281 3694 313 3738 Ut
324 3706 447 3752 magrruru,
458 3705 538 3738 versus
549 3689 651 3737 dictabat
661 3701 724 3736 stans
735 3689 795 3752 peda
807 3690 831 3734 in
844 3705 910 3735 nno:

282 3762 358 3820 Quum
369 3761 452 3807 flueret
462 3759 605 3816 lutulentus,
618 3771 667 3804 erat
679 3758 743 3822 quotl
755 3758 835 3805 tollere
845 3758 927 3806 velles:

282 3831 404 3887 Garrulus,
419 3843 487 3893 atque
499 3833 565 3892 piger
574 3829 688 3876 scribendi
701 3829 763 3875 ferre
774 3827 892 3884 laborem

282 3903 400 3950 Scribonii
412 3915 474 3949 recte
485 3919 491 3948 ι
504 3917 557 3948 naut
569 3891 595 3950 ut
604 3900 717 3957 mulsum,
729 3900 762 3947 nil
774 3915 859 3948 moror.

94 4027 128 4072 ct
141 4017 201 4076 Sat
216 4017 257 4076 X:

286 4167 369 4179 ......
384 4133 413 4178 At
425 4133 443 4178 si
455 4133 519 4195 quis,
532 4131 628 4194 pedihus
640 4132 696 4195 quid
708 4117 816 4179 claudere
828 4133 885 4176 senis

281 4206 341 4263 (ilos
351 4207 449 4264 mutum)
461 4216 596 4259 contentus,
609 4216 671 4250 aures
681 4206 798 4265 scripsisse
810 4203 922 4248 ducentos
