<?xml version="1.0" encoding="UTF-8"?>
<!DOCTYPE html PUBLIC "-//W3C//DTD XHTML 1.0 Transitional//EN"
    "http://www.w3.org/TR/xhtml1/DTD/xhtml1-transitional.dtd">
<html xmlns="http://www.w3.org/1999/xhtml" xml:lang="en" lang="en">
 <head>
  <title>
</title>
<meta http-equiv="Content-Type" content="text/html;charset=utf-8" />
  <meta name='ocr-system' content='tesseract 3.04.00' />
  <meta name='ocr-capabilities' content='ocr_page ocr_carea ocr_par ocr_line ocrx_word'/>
</head>
<body>
  <div class='ocr_page' id='page_1' title='image "./sexdecimsatir00lemagoog_0507.png"; bbox 0 0 3148 4950; ppageno 0'>
   <div class='ocr_carea' id='block_1_1' title="bbox 402 551 1224 652">
    <p class='ocr_par' dir='ltr' id='par_1_1' title="bbox 402 551 1224 652">
     <span class='ocr_line' id='line_1_1' title="bbox 402 551 1224 652; baseline 0.005 -28"><span class='ocrx_word' id='word_1_1' title='bbox 402 560 464 624; x_wconf 86' lang='lat' dir='ltr'><strong>DE</strong></span> <span class='ocrx_word' id='word_1_2' title='bbox 488 551 659 624; x_wconf 84' lang='lat' dir='ltr'><strong>SATlRA</strong></span> <span class='ocrx_word' id='word_1_3' title='bbox 681 557 1008 626; x_wconf 79' lang='lat' dir='ltr'><strong>ROMANORUM.</strong></span> <span class='ocrx_word' id='word_1_4' title='bbox 1164 563 1224 652; x_wconf 63' lang='lat'><strong>⁴9¹</strong></span> 
     </span>
    </p>
   </div>
   <div class='ocr_carea' id='block_1_2' title="bbox 187 683 1237 2552">
    <p class='ocr_par' dir='ltr' id='par_1_2' title="bbox 187 683 1237 2552">
     <span class='ocr_line' id='line_1_2' title="bbox 187 683 1232 755; baseline 0.001 -1"><span class='ocrx_word' id='word_1_5' title='bbox 187 683 450 754; x_wconf 77' lang='lat' dir='ltr'><strong>obversabatur:</strong></span> <span class='ocrx_word' id='word_1_6' title='bbox 465 685 610 754; x_wconf 89' lang='lat' dir='ltr'><strong>alterum</strong></span> <span class='ocrx_word' id='word_1_7' title='bbox 624 695 801 754; x_wconf 81' lang='lat' dir='ltr'><strong>venustam</strong></span> <span class='ocrx_word' id='word_1_8' title='bbox 815 685 1000 754; x_wconf 72' lang='lat' dir='ltr'><strong>libidinosae</strong></span> <span class='ocrx_word' id='word_1_9' title='bbox 1013 686 1162 754; x_wconf 88' lang='lat' dir='ltr'><strong>mulieris</strong></span> <span class='ocrx_word' id='word_1_10' title='bbox 1175 686 1232 755; x_wconf 88' lang='lat' dir='ltr'><strong>de-</strong></span> 
     </span>
     <span class='ocr_line' id='line_1_3' title="bbox 188 796 1233 891; baseline 0.001 -25"><span class='ocrx_word' id='word_1_11' title='bbox 188 799 404 890; x_wconf 78' lang='lat' dir='ltr'><strong>scriptionem</strong></span> <span class='ocrx_word' id='word_1_12' title='bbox 421 801 579 865; x_wconf 89' lang='lat' dir='ltr'><strong>continet.</strong></span> <span class='ocrx_word' id='word_1_13' title='bbox 595 797 684 865; x_wconf 92' lang='lat' dir='ltr'><strong>lllud</strong></span> <span class='ocrx_word' id='word_1_14' title='bbox 697 796 820 891; x_wconf 90' lang='lat' dir='ltr'><strong>legitur</strong></span> <span class='ocrx_word' id='word_1_15' title='bbox 830 823 884 891; x_wconf 93' lang='lat' dir='ltr'><strong>ap.</strong></span> <span class='ocrx_word' id='word_1_16' title='bbox 897 800 965 866; x_wconf 87' lang='lat' dir='ltr'>Cic.</span> <span class='ocrx_word' id='word_1_17' title='bbox 978 801 1053 872; x_wconf 83' lang='lat' dir='ltr'><strong>Div.</strong></span> <span class='ocrx_word' id='word_1_18' title='bbox 1073 804 1104 882; x_wconf 93' lang='lat' dir='ltr'><strong>l,</strong></span> <span class='ocrx_word' id='word_1_19' title='bbox 1124 799 1184 881; x_wconf 81' lang='lat'><strong>58,</strong></span> <span class='ocrx_word' id='word_1_20' title='bbox 1199 819 1233 867; x_wconf 87' lang='lat' dir='ltr'><strong>et</strong></span> 
     </span>
     <span class='ocr_line' id='line_1_4' title="bbox 188 907 1231 1004; baseline 0 -28"><span class='ocrx_word' id='word_1_21' title='bbox 188 907 235 976; x_wconf 92' lang='lat' dir='ltr'><strong>ibi</strong></span> <span class='ocrx_word' id='word_1_22' title='bbox 246 911 356 976; x_wconf 88' lang='lat' dir='ltr'><strong>Ennio</strong></span> <span class='ocrx_word' id='word_1_23' title='bbox 368 908 458 975; x_wconf 85' lang='lat' dir='ltr'><strong>certe</strong></span> <span class='ocrx_word' id='word_1_24' title='bbox 470 907 647 976; x_wconf 80' lang='lat' dir='ltr'><strong>tribuitur:</strong></span> <span class='ocrx_word' id='word_1_25' title='bbox 662 926 844 1004; x_wconf 90' lang='lat' dir='ltr'><strong>utrumqne</strong></span> <span class='ocrx_word' id='word_1_26' title='bbox 858 933 936 977; x_wconf 90' lang='lat' dir='ltr'><strong>vero</strong></span> <span class='ocrx_word' id='word_1_27' title='bbox 949 933 967 976; x_wconf 89' lang='lat' dir='ltr'><strong>e</strong></span> <span class='ocrx_word' id='word_1_28' title='bbox 979 912 1092 978; x_wconf 88' lang='lat' dir='ltr'><strong>Satiris</strong></span> <span class='ocrx_word' id='word_1_29' title='bbox 1105 911 1231 1001; x_wconf 88' lang='lat' dir='ltr'><strong>potins,</strong></span> 
     </span>
     <span class='ocr_line' id='line_1_5' title="bbox 189 1018 1230 1114; baseline 0 -28"><span class='ocrx_word' id='word_1_30' title='bbox 189 1044 292 1114; x_wconf 90' lang='lat' dir='ltr'><strong>quam</strong></span> <span class='ocrx_word' id='word_1_31' title='bbox 307 1018 430 1088; x_wconf 82' lang='lat' dir='ltr'><strong>fabulis</strong></span> <span class='ocrx_word' id='word_1_32' title='bbox 444 1018 546 1112; x_wconf 87' lang='lat' dir='ltr'><strong>hujus</strong></span> <span class='ocrx_word' id='word_1_33' title='bbox 558 1037 666 1113; x_wconf 84' lang='lat' dir='ltr'><strong>poetae</strong></span> <span class='ocrx_word' id='word_1_34' title='bbox 678 1020 918 1114; x_wconf 87' lang='lat' dir='ltr'><strong>depromptum</strong></span> <span class='ocrx_word' id='word_1_35' title='bbox 932 1043 1006 1088; x_wconf 89' lang='lat' dir='ltr'><strong>esse</strong></span> <span class='ocrx_word' id='word_1_36' title='bbox 1020 1018 1230 1087; x_wconf 84' lang='lat' dir='ltr'><strong>crediderim.</strong></span> 
     </span>
     <span class='ocr_line' id='line_1_6' title="bbox 187 1123 1233 1226; baseline 0 -28"><span class='ocrx_word' id='word_1_37' title='bbox 187 1134 355 1198; x_wconf 74' lang='lat' dir='ltr'><strong>Caeterum</strong></span> <span class='ocrx_word' id='word_1_38' title='bbox 368 1128 410 1197; x_wconf 91' lang='lat' dir='ltr'><strong>de</strong></span> <span class='ocrx_word' id='word_1_39' title='bbox 423 1129 537 1198; x_wconf 87' lang='lat' dir='ltr'><strong>indole</strong></span> <span class='ocrx_word' id='word_1_40' title='bbox 549 1135 730 1200; x_wconf 82' lang='lat' dir='ltr'><strong>Satirarum</strong></span> <span class='ocrx_word' id='word_1_41' title='bbox 739 1134 839 1200; x_wconf 89' lang='lat' dir='ltr'><strong>Ennii</strong></span> <span class='ocrx_word' id='word_1_42' title='bbox 852 1123 895 1199; x_wconf 85' lang='lat' dir='ltr'><strong>ab</strong></span> <span class='ocrx_word' id='word_1_43' title='bbox 907 1134 1053 1226; x_wconf 83' lang='lat' dir='ltr'><strong>antiquis</strong></span> <span class='ocrx_word' id='word_1_44' title='bbox 1066 1133 1233 1225; x_wconf 90' lang='lat' dir='ltr'><strong>scriptori-</strong></span> 
     </span>
     <span class='ocr_line' id='line_1_7' title="bbox 188 1239 1234 1339; baseline 0.001 -31"><span class='ocrx_word' id='word_1_45' title='bbox 188 1240 252 1308; x_wconf 89' lang='lat' dir='ltr'><strong>bus</strong></span> <span class='ocrx_word' id='word_1_46' title='bbox 269 1240 361 1310; x_wconf 89' lang='lat' dir='ltr'><strong>haud</strong></span> <span class='ocrx_word' id='word_1_47' title='bbox 377 1245 446 1311; x_wconf 90' lang='lat' dir='ltr'><strong>scio</strong></span> <span class='ocrx_word' id='word_1_48' title='bbox 464 1243 508 1310; x_wconf 85' lang='lat' dir='ltr'><strong>ari</strong></span> <span class='ocrx_word' id='word_1_49' title='bbox 523 1239 709 1339; x_wconf 91' lang='lat' dir='ltr'><strong>quidquam</strong></span> <span class='ocrx_word' id='word_1_50' title='bbox 724 1247 897 1312; x_wconf 73' lang='lat' dir='ltr'><strong>memorias</strong></span> <span class='ocrx_word' id='word_1_51' title='bbox 909 1243 1081 1337; x_wconf 93' lang='lat' dir='ltr'><strong>proditum</strong></span> <span class='ocrx_word' id='word_1_52' title='bbox 1095 1246 1154 1325; x_wconf 91' lang='lat' dir='ltr'><strong>sit,</strong></span> <span class='ocrx_word' id='word_1_53' title='bbox 1169 1245 1234 1310; x_wconf 91' lang='lat' dir='ltr'><strong>nisi</strong></span> 
     </span>
     <span class='ocr_line' id='line_1_8' title="bbox 188 1351 1234 1447; baseline 0 -27"><span class='ocrx_word' id='word_1_54' title='bbox 188 1351 281 1447; x_wconf 94' lang='lat' dir='ltr'><strong>quod</strong></span> <span class='ocrx_word' id='word_1_55' title='bbox 295 1353 520 1439; x_wconf 83' lang='lat' dir='ltr'><strong>Quintilianus</strong></span> <span class='ocrx_word' id='word_1_56' title='bbox 533 1359 614 1423; x_wconf 89' lang='lat' dir='ltr'><strong>lnst.</strong></span> <span class='ocrx_word' id='word_1_57' title='bbox 629 1359 685 1424; x_wconf 87' lang='lat' dir='ltr'><strong>Or.</strong></span> <span class='ocrx_word' id='word_1_58' title='bbox 700 1360 762 1438; x_wconf 93' lang='lat' dir='ltr'><strong>lX,</strong></span> <span class='ocrx_word' id='word_1_59' title='bbox 777 1380 813 1438; x_wconf 82' lang='lat' dir='ltr'><strong>a,</strong></span> <span class='ocrx_word' id='word_1_60' title='bbox 831 1355 890 1439; x_wconf 83' lang='lat'><strong>36,</strong></span> <span class='ocrx_word' id='word_1_61' title='bbox 905 1353 1022 1436; x_wconf 87' lang='lat' dir='ltr'><strong>tradit,</strong></span> <span class='ocrx_word' id='word_1_62' title='bbox 1037 1359 1181 1422; x_wconf 90' lang='lat' dir='ltr'><strong>Mortem</strong></span> <span class='ocrx_word' id='word_1_63' title='bbox 1194 1377 1234 1420; x_wconf 91' lang='lat' dir='ltr'><strong>ac</strong></span> 
     </span>
     <span class='ocr_line' id='line_1_9' title="bbox 188 1460 1234 1546; baseline 0.001 -18"><span class='ocrx_word' id='word_1_64' title='bbox 188 1465 300 1528; x_wconf 85' lang='lat' dir='ltr'><strong>Vitam</strong></span> <span class='ocrx_word' id='word_1_65' title='bbox 313 1460 553 1531; x_wconf 84' lang='lat' dir='ltr'><strong>contendentes</strong></span> <span class='ocrx_word' id='word_1_66' title='bbox 567 1463 609 1531; x_wconf 93' lang='lat' dir='ltr'><strong>ab</strong></span> <span class='ocrx_word' id='word_1_67' title='bbox 621 1488 662 1531; x_wconf 89' lang='lat' dir='ltr'><strong>eo</strong></span> <span class='ocrx_word' id='word_1_68' title='bbox 675 1460 829 1532; x_wconf 91' lang='lat' dir='ltr'><strong>inductas</strong></span> <span class='ocrx_word' id='word_1_69' title='bbox 841 1487 930 1546; x_wconf 88' lang='lat' dir='ltr'><strong>esse,</strong></span> <span class='ocrx_word' id='word_1_70' title='bbox 946 1479 980 1531; x_wconf 90' lang='lat' dir='ltr'><strong>et</strong></span> <span class='ocrx_word' id='word_1_71' title='bbox 992 1463 1066 1531; x_wconf 88' lang='lat' dir='ltr'><strong>aliis</strong></span> <span class='ocrx_word' id='word_1_72' title='bbox 1077 1462 1234 1531; x_wconf 90' lang='lat' dir='ltr'><strong>laudatur</strong></span> 
     </span>
     <span class='ocr_line' id='line_1_10' title="bbox 188 1571 1235 1666; baseline 0.002 -28"><span class='ocrx_word' id='word_1_73' title='bbox 188 1576 311 1638; x_wconf 78' lang='lat' dir='ltr'><strong>Asotus</strong></span> <span class='ocrx_word' id='word_1_74' title='bbox 325 1595 354 1639; x_wconf 92' lang='lat' dir='ltr'><strong>s.</strong></span> <span class='ocrx_word' id='word_1_75' title='bbox 367 1571 555 1656; x_wconf 82' lang='lat' dir='ltr'><strong>Sotadicos,</strong></span> <span class='ocrx_word' id='word_1_76' title='bbox 568 1573 686 1641; x_wconf 92' lang='lat' dir='ltr'><strong>titulus</strong></span> <span class='ocrx_word' id='word_1_77' title='bbox 700 1575 814 1643; x_wconf 57' lang='lat' dir='ltr'><strong>Satira]</strong></span> <span class='ocrx_word' id='word_1_78' title='bbox 825 1575 1003 1656; x_wconf 84' lang='lat' dir='ltr'><strong>Ennianae,</strong></span> <span class='ocrx_word' id='word_1_79' title='bbox 1015 1575 1048 1640; x_wconf 93' lang='lat' dir='ltr'><strong>in</strong></span> <span class='ocrx_word' id='word_1_80' title='bbox 1062 1595 1130 1666; x_wconf 90' lang='lat' dir='ltr'><strong>qua</strong></span> <span class='ocrx_word' id='word_1_81' title='bbox 1141 1571 1235 1642; x_wconf 85' lang='lat' dir='ltr'><strong>luxu·</strong></span> 
     </span>
     <span class='ocr_line' id='line_1_11' title="bbox 188 1680 1234 1777; baseline 0.001 -29"><span class='ocrx_word' id='word_1_82' title='bbox 188 1682 269 1748; x_wconf 92' lang='lat' dir='ltr'><strong>riosi</strong></span> <span class='ocrx_word' id='word_1_83' title='bbox 286 1680 341 1749; x_wconf 88' lang='lat' dir='ltr'><strong>vel</strong></span> <span class='ocrx_word' id='word_1_84' title='bbox 359 1681 514 1750; x_wconf 87' lang='lat' dir='ltr'><strong>dissoluti</strong></span> <span class='ocrx_word' id='word_1_85' title='bbox 533 1683 678 1754; x_wconf 88' lang='lat' dir='ltr'><strong>bominis</strong></span> <span class='ocrx_word' id='word_1_86' title='bbox 699 1687 879 1777; x_wconf 78' lang='lat' dir='ltr'><strong>imaginem</strong></span> <span class='ocrx_word' id='word_1_87' title='bbox 899 1683 1120 1751; x_wconf 82' lang='lat' dir='ltr'><strong>adumbrasse</strong></span> <span class='ocrx_word' id='word_1_88' title='bbox 1142 1680 1234 1750; x_wconf 87' lang='lat' dir='ltr'><strong>vide-</strong></span> 
     </span>
     <span class='ocr_line' id='line_1_12' title="bbox 188 1790 1234 1888; baseline 0.003 -31"><span class='ocrx_word' id='word_1_89' title='bbox 188 1807 246 1858; x_wconf 90' lang='lat' dir='ltr'><strong>tur</strong></span> <span class='ocrx_word' id='word_1_90' title='bbox 258 1802 279 1858; x_wconf 91' lang='lat'><strong>¹.</strong></span> <span class='ocrx_word' id='word_1_91' title='bbox 295 1796 345 1860; x_wconf 85' lang='lat' dir='ltr'><strong>Ex</strong></span> <span class='ocrx_word' id='word_1_92' title='bbox 360 1791 413 1861; x_wconf 89' lang='lat' dir='ltr'><strong>his</strong></span> <span class='ocrx_word' id='word_1_93' title='bbox 431 1808 544 1861; x_wconf 75' lang='lat' dir='ltr'><strong>mmen</strong></span> <span class='ocrx_word' id='word_1_94' title='bbox 563 1793 694 1863; x_wconf 89' lang='lat' dir='ltr'><strong>indiciis</strong></span> <span class='ocrx_word' id='word_1_95' title='bbox 710 1811 743 1862; x_wconf 87' lang='lat' dir='ltr'><strong>et</strong></span> <span class='ocrx_word' id='word_1_96' title='bbox 756 1819 796 1862; x_wconf 83' lang='lat' dir='ltr'><strong>er</strong></span> <span class='ocrx_word' id='word_1_97' title='bbox 818 1797 899 1888; x_wconf 89' lang='lat' dir='ltr'><strong>ipsis</strong></span> <span class='ocrx_word' id='word_1_98' title='bbox 917 1795 1113 1888; x_wconf 70' lang='lat' dir='ltr'><strong>fragmentis</strong></span> <span class='ocrx_word' id='word_1_99' title='bbox 1131 1790 1234 1887; x_wconf 88' lang='lat' dir='ltr'><strong>hujus</strong></span> 
     </span>
     <span class='ocr_line' id='line_1_13' title="bbox 188 1903 1234 1999; baseline 0.001 -29"><span class='ocrx_word' id='word_1_100' title='bbox 188 1920 297 1996; x_wconf 86' lang='lat' dir='ltr'><strong>poetae</strong></span> <span class='ocrx_word' id='word_1_101' title='bbox 316 1905 481 1998; x_wconf 86' lang='lat' dir='ltr'><strong>probabili</strong></span> <span class='ocrx_word' id='word_1_102' title='bbox 497 1903 622 1999; x_wconf 84' lang='lat' dir='ltr'><strong>judicio</strong></span> <span class='ocrx_word' id='word_1_103' title='bbox 637 1906 816 1999; x_wconf 78' lang='lat' dir='ltr'><strong>colligitur,</strong></span> <span class='ocrx_word' id='word_1_104' title='bbox 831 1911 952 1976; x_wconf 86' lang='lat' dir='ltr'><strong>Satiras</strong></span> <span class='ocrx_word' id='word_1_105' title='bbox 973 1905 1047 1999; x_wconf 88' lang='lat' dir='ltr'><strong>ejus</strong></span> <span class='ocrx_word' id='word_1_106' title='bbox 1063 1906 1164 1974; x_wconf 88' lang='lat' dir='ltr'><strong>fuisse</strong></span> <span class='ocrx_word' id='word_1_107' title='bbox 1179 1930 1234 1971; x_wconf 87' lang='lat' dir='ltr'><strong>va·</strong></span> 
     </span>
     <span class='ocr_line' id='line_1_14' title="bbox 187 2014 1235 2111; baseline 0 -29"><span class='ocrx_word' id='word_1_108' title='bbox 187 2021 251 2082; x_wconf 85' lang='lat' dir='ltr'><strong>rios</strong></span> <span class='ocrx_word' id='word_1_109' title='bbox 265 2019 452 2085; x_wconf 87' lang='lat' dir='ltr'><strong>carminum</strong></span> <span class='ocrx_word' id='word_1_110' title='bbox 465 2016 577 2099; x_wconf 90' lang='lat' dir='ltr'><strong>lusus,</strong></span> <span class='ocrx_word' id='word_1_111' title='bbox 589 2042 711 2111; x_wconf 86' lang='lat' dir='ltr'><strong>magna</strong></span> <span class='ocrx_word' id='word_1_112' title='bbox 726 2035 759 2086; x_wconf 90' lang='lat' dir='ltr'><strong>et</strong></span> <span class='ocrx_word' id='word_1_113' title='bbox 769 2021 870 2086; x_wconf 90' lang='lat' dir='ltr'><strong>metri</strong></span> <span class='ocrx_word' id='word_1_114' title='bbox 881 2035 915 2085; x_wconf 91' lang='lat' dir='ltr'><strong>et</strong></span> <span class='ocrx_word' id='word_1_115' title='bbox 927 2020 1116 2108; x_wconf 90' lang='lat' dir='ltr'><strong>argumenti</strong></span> <span class='ocrx_word' id='word_1_116' title='bbox 1128 2014 1235 2083; x_wconf 86' lang='lat' dir='ltr'><strong>diver·</strong></span> 
     </span>
     <span class='ocr_line' id='line_1_15' title="bbox 189 2104 1236 2224; baseline -0.002 -29"><span class='ocrx_word' id='word_1_117' title='bbox 189 2129 285 2195; x_wconf 89' lang='lat' dir='ltr'><strong>sitate</strong></span> <span class='ocrx_word' id='word_1_118' title='bbox 300 2132 518 2221; x_wconf 87' lang='lat' dir='ltr'><strong>conspicuos,</strong></span> <span class='ocrx_word' id='word_1_119' title='bbox 536 2146 570 2196; x_wconf 91' lang='lat' dir='ltr'><strong>et</strong></span> <span class='ocrx_word' id='word_1_120' title='bbox 590 2154 660 2197; x_wconf 90' lang='lat' dir='ltr'><strong>non</strong></span> <span class='ocrx_word' id='word_1_121' title='bbox 678 2131 779 2223; x_wconf 84' lang='lat' dir='ltr'><strong>plane</strong></span> <span class='ocrx_word' id='word_1_122' title='bbox 796 2104 934 2224; x_wconf 87' lang='lat' dir='ltr'><strong>quidem</strong></span> <span class='ocrx_word' id='word_1_123' title='bbox 952 2143 1149 2221; x_wconf 88' lang='lat' dir='ltr'><strong>respuentes</strong></span> <span class='ocrx_word' id='word_1_124' title='bbox 1168 2127 1236 2194; x_wconf 88' lang='lat' dir='ltr'><strong>dia·</strong></span> 
     </span>
     <span class='ocr_line' id='line_1_16' title="bbox 189 2234 1234 2330; baseline 0.002 -26"><span class='ocrx_word' id='word_1_125' title='bbox 189 2234 256 2330; x_wconf 90' lang='lat' dir='ltr'><strong>logi</strong></span> <span class='ocrx_word' id='word_1_126' title='bbox 274 2237 436 2320; x_wconf 87' lang='lat' dir='ltr'><strong>formam,</strong></span> <span class='ocrx_word' id='word_1_127' title='bbox 455 2237 514 2306; x_wconf 90' lang='lat' dir='ltr'><strong>sed</strong></span> <span class='ocrx_word' id='word_1_128' title='bbox 532 2239 721 2306; x_wconf 84' lang='lat' dir='ltr'><strong>animandis</strong></span> <span class='ocrx_word' id='word_1_129' title='bbox 741 2255 872 2307; x_wconf 91' lang='lat' dir='ltr'><strong>tantum</strong></span> <span class='ocrx_word' id='word_1_130' title='bbox 889 2242 1048 2306; x_wconf 88' lang='lat' dir='ltr'><strong>orationis</strong></span> <span class='ocrx_word' id='word_1_131' title='bbox 1066 2237 1234 2306; x_wconf 91' lang='lat' dir='ltr'><strong>coloribus</strong></span> 
     </span>
     <span class='ocr_line' id='line_1_17' title="bbox 188 2348 1235 2443; baseline -0.001 -28"><span class='ocrx_word' id='word_1_132' title='bbox 188 2348 404 2431; x_wconf 86' lang='lat' dir='ltr'><strong>adhibentes,</strong></span> <span class='ocrx_word' id='word_1_133' title='bbox 419 2372 530 2443; x_wconf 87' lang='lat' dir='ltr'><strong>neque</strong></span> <span class='ocrx_word' id='word_1_134' title='bbox 548 2353 713 2418; x_wconf 90' lang='lat' dir='ltr'><strong>comicum</strong></span> <span class='ocrx_word' id='word_1_135' title='bbox 734 2350 898 2432; x_wconf 89' lang='lat' dir='ltr'><strong>derisum,</strong></span> <span class='ocrx_word' id='word_1_136' title='bbox 920 2348 979 2417; x_wconf 91' lang='lat' dir='ltr'><strong>sed</strong></span> <span class='ocrx_word' id='word_1_137' title='bbox 999 2350 1104 2416; x_wconf 89' lang='lat' dir='ltr'><strong>risum</strong></span> <span class='ocrx_word' id='word_1_138' title='bbox 1122 2351 1235 2440; x_wconf 89' lang='lat' dir='ltr'><strong>potius</strong></span> 
     </span>
     <span class='ocr_line' id='line_1_18' title="bbox 189 2461 1237 2552; baseline -0.002 -24"><span class='ocrx_word' id='word_1_139' title='bbox 189 2462 360 2528; x_wconf 88' lang='lat' dir='ltr'><strong>satiricum</strong></span> <span class='ocrx_word' id='word_1_140' title='bbox 373 2476 562 2528; x_wconf 84' lang='lat' dir='ltr'><strong>sectantes²</strong></span> <span class='ocrx_word' id='word_1_141' title='bbox 579 2463 614 2528; x_wconf 95' lang='lat' dir='ltr'><strong>in</strong></span> <span class='ocrx_word' id='word_1_142' title='bbox 627 2461 746 2544; x_wconf 90' lang='lat' dir='ltr'><strong>rebus,</strong></span> <span class='ocrx_word' id='word_1_143' title='bbox 764 2464 861 2530; x_wconf 89' lang='lat' dir='ltr'><strong>evita</strong></span> <span class='ocrx_word' id='word_1_144' title='bbox 874 2464 1046 2529; x_wconf 90' lang='lat' dir='ltr'><strong>communi</strong></span> <span class='ocrx_word' id='word_1_145' title='bbox 1058 2463 1188 2552; x_wconf 89' lang='lat' dir='ltr'><strong>petitis,</strong></span> <span class='ocrx_word' id='word_1_146' title='bbox 1203 2475 1237 2526; x_wconf 92' lang='lat' dir='ltr'><strong>et</strong></span> 
     </span>
    </p>
   </div>
   <div class='ocr_carea' id='block_1_3' title="bbox 188 2549 1236 2747">
    <p class='ocr_par' dir='ltr' id='par_1_3' title="bbox 188 2549 1236 2747">
     <span class='ocr_line' id='line_1_19' title="bbox 188 2549 1236 2667; baseline 0.001 -30"><span class='ocrx_word' id='word_1_147' title='bbox 188 2570 232 2638; x_wconf 91' lang='lat' dir='ltr'><strong>ad</strong></span> <span class='ocrx_word' id='word_1_148' title='bbox 253 2549 430 2640; x_wconf 85' lang='lat' dir='ltr'><strong>utilitatem</strong></span> <span class='ocrx_word' id='word_1_149' title='bbox 452 2596 668 2640; x_wconf 89' lang='lat' dir='ltr'><strong>communem</strong></span> <span class='ocrx_word' id='word_1_150' title='bbox 689 2596 868 2667; x_wconf 87' lang='lat' dir='ltr'><strong>moresque</strong></span> <span class='ocrx_word' id='word_1_151' title='bbox 884 2573 1060 2640; x_wconf 89' lang='lat' dir='ltr'><strong>bominum</strong></span> <span class='ocrx_word' id='word_1_152' title='bbox 1081 2586 1236 2663; x_wconf 89' lang='lat' dir='ltr'><strong>spectan-</strong></span> 
     </span>
     <span class='ocr_line' id='line_1_20' title="bbox 190 2679 289 2747; baseline 0.01 -1"><span class='ocrx_word' id='word_1_153' title='bbox 190 2679 289 2747; x_wconf 75' lang='lat' dir='ltr'><strong>tibus,</strong></span> 
     </span>
    </p>
   </div>
   <div class='ocr_carea' id='block_1_4' title="bbox 188 2784 1238 3217">
    <p class='ocr_par' dir='ltr' id='par_1_4' title="bbox 188 2784 1238 3217">
     <span class='ocr_line' id='line_1_21' title="bbox 236 2784 1237 2882; baseline -0.005 -21"><span class='ocrx_word' id='word_1_154' title='bbox 236 2784 1237 2882; x_wconf 81' lang='lat' dir='ltr'><strong>AbhacSotiraEnnianadifferebatLuciliana‚cujusauctor</strong></span> 
     </span>
     <span class='ocr_line' id='line_1_22' title="bbox 191 2902 1237 2998; baseline -0.003 -31"><span class='ocrx_word' id='word_1_155' title='bbox 191 2903 226 2968; x_wconf 88' lang='lat' dir='ltr'><strong>C.</strong></span> <span class='ocrx_word' id='word_1_156' title='bbox 239 2903 400 2985; x_wconf 81' lang='lat' dir='ltr'><strong>Lucilius,</strong></span> <span class='ocrx_word' id='word_1_157' title='bbox 420 2909 533 2998; x_wconf 88' lang='lat' dir='ltr'><strong>Eques</strong></span> <span class='ocrx_word' id='word_1_158' title='bbox 549 2910 722 2973; x_wconf 87' lang='lat' dir='ltr'><strong>Romanus</strong></span> <span class='ocrx_word' id='word_1_159' title='bbox 736 2925 947 2998; x_wconf 87' lang='lat' dir='ltr'><strong>magnusque</strong></span> <span class='ocrx_word' id='word_1_160' title='bbox 960 2903 1108 2993; x_wconf 91' lang='lat' dir='ltr'><strong>Pompeii</strong></span> <span class='ocrx_word' id='word_1_161' title='bbox 1123 2902 1237 2992; x_wconf 87' lang='lat' dir='ltr'><strong>Magni</strong></span> 
     </span>
     <span class='ocr_line' id='line_1_23' title="bbox 188 3013 1238 3108; baseline -0.002 -30"><span class='ocrx_word' id='word_1_162' title='bbox 188 3013 392 3098; x_wconf 86' lang='lat' dir='ltr'><strong>avunculus,</strong></span> <span class='ocrx_word' id='word_1_163' title='bbox 412 3017 470 3108; x_wconf 90' lang='lat' dir='ltr'><strong>qui</strong></span> <span class='ocrx_word' id='word_1_164' title='bbox 489 3040 510 3082; x_wconf 88' lang='lat' dir='ltr'><strong>a</strong></span> <span class='ocrx_word' id='word_1_165' title='bbox 525 3018 650 3107; x_wconf 91' lang='lat' dir='ltr'><strong>patria,</strong></span> <span class='ocrx_word' id='word_1_166' title='bbox 670 3017 790 3084; x_wconf 88' lang='lat' dir='ltr'><strong>Suessa</strong></span> <span class='ocrx_word' id='word_1_167' title='bbox 806 3021 981 3096; x_wconf 81' lang='lat' dir='ltr'><strong>Aurunca,</strong></span> <span class='ocrx_word' id='word_1_168' title='bbox 1002 3037 1082 3106; x_wconf 91' lang='lat' dir='ltr'><strong>opp.</strong></span> <span class='ocrx_word' id='word_1_169' title='bbox 1097 3015 1238 3102; x_wconf 88' lang='lat' dir='ltr'><strong>Campa·</strong></span> 
     </span>
     <span class='ocr_line' id='line_1_24' title="bbox 189 3121 1237 3217; baseline -0.002 -28"><span class='ocrx_word' id='word_1_170' title='bbox 189 3126 268 3204; x_wconf 83' lang='lat' dir='ltr'><strong>niae,</strong></span> <span class='ocrx_word' id='word_1_171' title='bbox 289 3127 409 3192; x_wconf 84' lang='lat' dir='ltr'><strong>Juven.</strong></span> <span class='ocrx_word' id='word_1_172' title='bbox 438 3130 471 3208; x_wconf 93' lang='lat' dir='ltr'><strong>l,</strong></span> <span class='ocrx_word' id='word_1_173' title='bbox 501 3150 558 3210; x_wconf 85' lang='lat'><strong>20,</strong></span> <span class='ocrx_word' id='word_1_174' title='bbox 584 3151 718 3217; x_wconf 76' lang='lat' dir='ltr'><strong>magnus</strong></span> <span class='ocrx_word' id='word_1_175' title='bbox 746 3129 906 3191; x_wconf 74' lang='lat' dir='ltr'><strong>Aurunca</strong></span> <span class='ocrx_word' id='word_1_176' title='bbox 929 3127 1078 3191; x_wconf 85' lang='lat' dir='ltr'><strong>alumnus</strong></span> <span class='ocrx_word' id='word_1_177' title='bbox 1101 3121 1237 3204; x_wconf 91' lang='lat' dir='ltr'><strong>dicitur,</strong></span> 
     </span>
    </p>
   </div>
   <div class='ocr_carea' id='block_1_5' title="bbox 189 3233 1238 3310">
    <p class='ocr_par' dir='ltr' id='par_1_5' title="bbox 189 3233 1238 3310">
     <span class='ocr_line' id='line_1_25' title="bbox 189 3233 1238 3310; baseline 0.001 -12"><span class='ocrx_word' id='word_1_178' title='bbox 189 3234 273 3299; x_wconf 82' lang='lat' dir='ltr'><strong>vixit</strong></span> <span class='ocrx_word' id='word_1_179' title='bbox 287 3233 329 3298; x_wconf 85' lang='lat' dir='ltr'><strong>ab</strong></span> <span class='ocrx_word' id='word_1_180' title='bbox 343 3256 372 3298; x_wconf 94' lang='lat' dir='ltr'><strong>a.</strong></span> <span class='ocrx_word' id='word_1_181' title='bbox 386 3239 427 3301; x_wconf 94' lang='lat' dir='ltr'><strong>U.</strong></span> <span class='ocrx_word' id='word_1_182' title='bbox 443 3238 479 3300; x_wconf 91' lang='lat' dir='ltr'><strong>C.</strong></span> <span class='ocrx_word' id='word_1_183' title='bbox 498 3238 599 3310; x_wconf 83' lang='lat' dir='ltr'><strong>DCVl</strong></span> <span class='ocrx_word' id='word_1_184' title='bbox 613 3233 657 3301; x_wconf 90' lang='lat' dir='ltr'><strong>ad</strong></span> <span class='ocrx_word' id='word_1_185' title='bbox 672 3239 769 3303; x_wconf 90' lang='lat' dir='ltr'><strong>DCLl</strong></span> <span class='ocrx_word' id='word_1_186' title='bbox 784 3254 817 3301; x_wconf 86' lang='lat' dir='ltr'><strong>et</strong></span> <span class='ocrx_word' id='word_1_187' title='bbox 832 3238 1013 3304; x_wconf 83' lang='lat' dir='ltr'><strong>Satirarum</strong></span> <span class='ocrx_word' id='word_1_188' title='bbox 1028 3234 1132 3301; x_wconf 90' lang='lat' dir='ltr'><strong>libros</strong></span> <span class='ocrx_word' id='word_1_189' title='bbox 1147 3237 1238 3300; x_wconf 88' lang='lat' dir='ltr'><strong>XXX</strong></span> 
     </span>
    </p>
   </div>
   <div class='ocr_carea' id='block_1_6' title="bbox 189 3342 1239 3660">
    <p class='ocr_par' dir='ltr' id='par_1_6' title="bbox 189 3342 1239 3660">
     <span class='ocr_line' id='line_1_26' title="bbox 189 3342 1238 3440; baseline 0 -30"><span class='ocrx_word' id='word_1_190' title='bbox 189 3342 261 3429; x_wconf 86' lang='lat' dir='ltr'><strong>(vel</strong></span> <span class='ocrx_word' id='word_1_191' title='bbox 273 3342 411 3411; x_wconf 88' lang='lat' dir='ltr'><strong>totidem</strong></span> <span class='ocrx_word' id='word_1_192' title='bbox 429 3344 544 3411; x_wconf 85' lang='lat' dir='ltr'><strong>forsan</strong></span> <span class='ocrx_word' id='word_1_193' title='bbox 559 3347 701 3434; x_wconf 77' lang='lat' dir='ltr'><strong>Satires)</strong></span> <span class='ocrx_word' id='word_1_194' title='bbox 721 3348 871 3439; x_wconf 87' lang='lat' dir='ltr'><strong>scripsit,</strong></span> <span class='ocrx_word' id='word_1_195' title='bbox 892 3356 1036 3440; x_wconf 88' lang='lat' dir='ltr'><strong>quarum</strong></span> <span class='ocrx_word' id='word_1_196' title='bbox 1051 3345 1238 3436; x_wconf 77' lang='lat' dir='ltr'><strong>Fragmenta</strong></span> 
     </span>
     <span class='ocr_line' id='line_1_27' title="bbox 189 3450 1239 3548; baseline 0 -28"><span class='ocrx_word' id='word_1_197' title='bbox 189 3469 338 3533; x_wconf 83' lang='lat' dir='ltr'><strong>tanturn,</strong></span> <span class='ocrx_word' id='word_1_198' title='bbox 360 3450 420 3521; x_wconf 90' lang='lat' dir='ltr'><strong>sed</strong></span> <span class='ocrx_word' id='word_1_199' title='bbox 444 3477 512 3520; x_wconf 92' lang='lat' dir='ltr'><strong>uon</strong></span> <span class='ocrx_word' id='word_1_200' title='bbox 532 3479 656 3548; x_wconf 88' lang='lat' dir='ltr'><strong>pauca,</strong></span> <span class='ocrx_word' id='word_1_201' title='bbox 682 3471 865 3548; x_wconf 89' lang='lat' dir='ltr'><strong>supersunt</strong></span> <span class='ocrx_word' id='word_1_202' title='bbox 874 3456 897 3520; x_wconf 82' lang='lat'><strong>³.</strong></span> <span class='ocrx_word' id='word_1_203' title='bbox 922 3460 955 3522; x_wconf 92' lang='lat' dir='ltr'><strong>ls</strong></span> <span class='ocrx_word' id='word_1_204' title='bbox 978 3457 1068 3522; x_wconf 88' lang='lat' dir='ltr'><strong>anim</strong></span> <span class='ocrx_word' id='word_1_205' title='bbox 1089 3459 1239 3548; x_wconf 91' lang='lat' dir='ltr'><strong>primum</strong></span> 
     </span>
     <span class='ocr_line' id='line_1_28' title="bbox 189 3563 1238 3660; baseline 0.004 -29"><span class='ocrx_word' id='word_1_206' title='bbox 189 3563 324 3632; x_wconf 92' lang='lat' dir='ltr'><strong>heroico</strong></span> <span class='ocrx_word' id='word_1_207' title='bbox 342 3565 543 3660; x_wconf 87' lang='lat' dir='ltr'><strong>plerumque</strong></span> <span class='ocrx_word' id='word_1_208' title='bbox 564 3583 672 3634; x_wconf 87' lang='lat' dir='ltr'><strong>metro</strong></span> <span class='ocrx_word' id='word_1_209' title='bbox 691 3590 772 3652; x_wconf 80' lang='lat' dir='ltr'><strong>usus</strong></span> <span class='ocrx_word' id='word_1_210' title='bbox 787 3585 855 3652; x_wconf 89' lang='lat' dir='ltr'><strong>est,</strong></span> <span class='ocrx_word' id='word_1_211' title='bbox 873 3582 907 3634; x_wconf 89' lang='lat' dir='ltr'><strong>et</strong></span> <span class='ocrx_word' id='word_1_212' title='bbox 922 3589 999 3633; x_wconf 90' lang='lat' dir='ltr'><strong>raro</strong></span> <span class='ocrx_word' id='word_1_213' title='bbox 1011 3581 1144 3633; x_wconf 91' lang='lat' dir='ltr'><strong>tantum</strong></span> <span class='ocrx_word' id='word_1_214' title='bbox 1158 3571 1238 3635; x_wconf 90' lang='lat' dir='ltr'><strong>iam·</strong></span> 
     </span>
    </p>
   </div>
   <div class='ocr_carea' id='block_1_7' title="bbox 129 3783 1237 4176">
    <p class='ocr_par' dir='ltr' id='par_1_7' title="bbox 129 3783 1237 3937">
     <span class='ocr_line' id='line_1_29' title="bbox 227 3783 1236 3858; baseline 0.002 -22"><span class='ocrx_word' id='word_1_215' title='bbox 227 3783 322 3836; x_wconf 72' lang='lat' dir='ltr'><strong>cvtd.</strong></span> <span class='ocrx_word' id='word_1_216' title='bbox 334 3783 426 3856; x_wconf 77' lang='lat' dir='ltr'><strong>Fliigel</strong></span> <span class='ocrx_word' id='word_1_217' title='bbox 444 3798 508 3837; x_wconf 87' lang='lat' dir='ltr'><strong>tom.</strong></span> <span class='ocrx_word' id='word_1_218' title='bbox 520 3788 558 3851; x_wconf 88' lang='lat'><strong>11,</strong></span> <span class='ocrx_word' id='word_1_219' title='bbox 579 3801 640 3858; x_wconf 84' lang='lat' dir='ltr'><strong>pag.</strong></span> <span class='ocrx_word' id='word_1_220' title='bbox 657 3803 689 3858; x_wconf 84' lang='lat'><strong>7,</strong></span> <span class='ocrx_word' id='word_1_221' title='bbox 734 3786 893 3858; x_wconf 80' lang='lat' dir='ltr'><strong>stephanis,</strong></span> <span class='ocrx_word' id='word_1_222' title='bbox 917 3786 1010 3840; x_wconf 87' lang='lat' dir='ltr'><strong>deinde</strong></span> <span class='ocrx_word' id='word_1_223' title='bbox 1037 3806 1052 3839; x_wconf 89' lang='lat' dir='ltr'><strong>a</strong></span> <span class='ocrx_word' id='word_1_224' title='bbox 1077 3790 1119 3840; x_wconf 82' lang='lat' dir='ltr'><strong>Fr.</strong></span> <span class='ocrx_word' id='word_1_225' title='bbox 1145 3789 1236 3840; x_wconf 86' lang='lat' dir='ltr'><strong>Dousa</strong></span> 
     </span>
     <span class='ocr_line' id='line_1_30' title="bbox 129 3863 1237 3937; baseline 0.003 -22"><span class='ocrx_word' id='word_1_226' title='bbox 129 3929 130 3932; x_wconf 8' lang='grc' dir='ltr'><strong>Ἴ</strong></span> <span class='ocrx_word' id='word_1_227' title='bbox 189 3863 487 3936; x_wconf 82' lang='lat' dir='ltr'><strong>atBlanlrenburgtom.</strong></span> <span class='ocrx_word' id='word_1_228' title='bbox 500 3865 688 3937; x_wconf 68' lang='lat' dir='ltr'><strong>lV,pag.143.</strong></span> <span class='ocrx_word' id='word_1_229' title='bbox 735 3866 819 3937; x_wconf 84' lang='lat' dir='ltr'><strong>bugd.</strong></span> <span class='ocrx_word' id='word_1_230' title='bbox 832 3869 887 3920; x_wconf 86' lang='lat' dir='ltr'><strong>Bat.</strong></span> <span class='ocrx_word' id='word_1_231' title='bbox 903 3865 984 3937; x_wconf 82' lang='lat'><strong>1597,</strong></span> <span class='ocrx_word' id='word_1_232' title='bbox 998 3871 1023 3935; x_wconf 74' lang='grc'><strong>4.</strong></span> <span class='ocrx_word' id='word_1_233' title='bbox 1039 3868 1125 3934; x_wconf 87' lang='lat' dir='ltr'><strong>Quarn</strong></span> <span class='ocrx_word' id='word_1_234' title='bbox 1141 3867 1237 3918; x_wconf 77' lang='lat' dir='ltr'><strong>editio-</strong></span> 
     </span>
    </p>

    <p class='ocr_par' dir='ltr' id='par_1_8' title="bbox 189 3943 1236 4176">
     <span class='ocr_line' id='line_1_31' title="bbox 226 3943 1236 4015; baseline 0.005 -22"><span class='ocrx_word' id='word_1_235' title='bbox 226 3959 250 3995; x_wconf 81' lang='lat' dir='ltr'><strong>n.</strong></span> <span class='ocrx_word' id='word_1_236' title='bbox 265 3947 304 3996; x_wconf 87' lang='lat' dir='ltr'><strong>lta</strong></span> <span class='ocrx_word' id='word_1_237' title='bbox 324 3947 402 3999; x_wconf 78' lang='lat' dir='ltr'><strong>risum</strong></span> <span class='ocrx_word' id='word_1_238' title='bbox 427 3963 443 3998; x_wconf 84' lang='lat' dir='ltr'><strong>a</strong></span> <span class='ocrx_word' id='word_1_239' title='bbox 465 3946 549 3998; x_wconf 80' lang='lat' dir='ltr'><strong>derisu</strong></span> <span class='ocrx_word' id='word_1_240' title='bbox 572 3945 691 3998; x_wconf 76' lang='lat' dir='ltr'><strong>distinxit</strong></span> <span class='ocrx_word' id='word_1_241' title='bbox 733 3963 794 3998; x_wconf 87' lang='lat' dir='ltr'><strong>nem</strong></span> <span class='ocrx_word' id='word_1_242' title='bbox 805 3945 981 3999; x_wconf 84' lang='lat' dir='ltr'><strong>recudendam</strong></span> <span class='ocrx_word' id='word_1_243' title='bbox 992 3943 1236 4015; x_wconf 85' lang='lat' dir='ltr'><strong>curaruntVulpiua</strong></span> 
     </span>
     <span class='ocr_line' id='line_1_32' title="bbox 189 4020 1234 4097; baseline 0.004 -25"><span class='ocrx_word' id='word_1_244' title='bbox 189 4020 340 4076; x_wconf 83' lang='lat' dir='ltr'><strong>Eicbstnedt</strong></span> <span class='ocrx_word' id='word_1_245' title='bbox 352 4044 413 4097; x_wconf 87' lang='lat' dir='ltr'><strong>pag.</strong></span> <span class='ocrx_word' id='word_1_246' title='bbox 427 4025 478 4090; x_wconf 78' lang='lat'><strong>62,</strong></span> <span class='ocrx_word' id='word_1_247' title='bbox 494 4025 562 4078; x_wconf 85' lang='lat' dir='ltr'><strong>duce</strong></span> <span class='ocrx_word' id='word_1_248' title='bbox 579 4025 689 4094; x_wconf 83' lang='lat' dir='ltr'><strong>Quintil.</strong></span> <span class='ocrx_word' id='word_1_249' title='bbox 735 4027 834 4078; x_wconf 86' lang='lat' dir='ltr'><strong>Patavii</strong></span> <span class='ocrx_word' id='word_1_250' title='bbox 854 4029 929 4096; x_wconf 84' lang='lat'><strong>1739.</strong></span> <span class='ocrx_word' id='word_1_251' title='bbox 944 4026 1092 4078; x_wconf 83' lang='lat' dir='ltr'><strong>Maittarins</strong></span> <span class='ocrx_word' id='word_1_252' title='bbox 1108 4027 1135 4076; x_wconf 93' lang='lat' dir='ltr'><strong>in</strong></span> <span class='ocrx_word' id='word_1_253' title='bbox 1154 4024 1234 4097; x_wconf 87' lang='lat' dir='ltr'><strong>Corp.</strong></span> 
     </span>
     <span class='ocr_line' id='line_1_33' title="bbox 189 4100 1235 4176; baseline 0.006 -26"><span class='ocrx_word' id='word_1_254' title='bbox 189 4100 254 4151; x_wconf 80' lang='lat' dir='ltr'><strong>lnst.</strong></span> <span class='ocrx_word' id='word_1_255' title='bbox 268 4102 301 4154; x_wconf 91' lang='lat'><strong>0.</strong></span> <span class='ocrx_word' id='word_1_256' title='bbox 318 4105 366 4168; x_wconf 84' lang='lat' dir='ltr'><strong>Vl,</strong></span> <span class='ocrx_word' id='word_1_257' title='bbox 380 4104 653 4176; x_wconf 80' lang='lat' dir='ltr'><strong>3,etinpr.Platnero</strong></span> <span class='ocrx_word' id='word_1_258' title='bbox 663 4107 688 4155; x_wconf 94' lang='lat' dir='ltr'><strong>in</strong></span> <span class='ocrx_word' id='word_1_259' title='bbox 727 4105 791 4158; x_wconf 85' lang='lat' dir='ltr'><strong>·Lat.</strong></span> <span class='ocrx_word' id='word_1_260' title='bbox 807 4109 879 4158; x_wconf 85' lang='lat' dir='ltr'><strong>Poat.</strong></span> <span class='ocrx_word' id='word_1_261' title='bbox 894 4109 1067 4175; x_wconf 82' lang='lat' dir='ltr'><strong>Havercamp.</strong></span> <span class='ocrx_word' id='word_1_262' title='bbox 1083 4102 1117 4156; x_wconf 85' lang='lat' dir='ltr'><strong>ad</strong></span> <span class='ocrx_word' id='word_1_263' title='bbox 1133 4103 1235 4156; x_wconf 84' lang='lat' dir='ltr'><strong>calcem</strong></span> 
     </span>
    </p>
   </div>
   <div class='ocr_carea' id='block_1_8' title="bbox 188 4179 1235 4338">
    <p class='ocr_par' dir='ltr' id='par_1_9' title="bbox 188 4179 1235 4338">
     <span class='ocr_line' id='line_1_34' title="bbox 188 4179 1235 4257; baseline 0.006 -27"><span class='ocrx_word' id='word_1_264' title='bbox 188 4179 263 4232; x_wconf 72' lang='lat' dir='ltr'><strong>Nova</strong></span> <span class='ocrx_word' id='word_1_265' title='bbox 274 4179 432 4254; x_wconf 82' lang='lat' dir='ltr'><strong>Anthropol.</strong></span> <span class='ocrx_word' id='word_1_266' title='bbox 444 4199 463 4236; x_wconf 89' lang='lat' dir='ltr'><strong>t.</strong></span> <span class='ocrx_word' id='word_1_267' title='bbox 474 4187 494 4248; x_wconf 89' lang='lat' dir='ltr'><strong>l,</strong></span> <span class='ocrx_word' id='word_1_268' title='bbox 502 4205 529 4257; x_wconf 91' lang='lat' dir='ltr'><strong>p.</strong></span> <span class='ocrx_word' id='word_1_269' title='bbox 540 4185 688 4254; x_wconf 69' lang='lat'><strong>389-406.</strong></span> <span class='ocrx_word' id='word_1_270' title='bbox 732 4185 872 4238; x_wconf 81' lang='lat' dir='ltr'><strong>Censorini</strong></span> <span class='ocrx_word' id='word_1_271' title='bbox 890 4184 973 4256; x_wconf 81' lang='lat' dir='ltr'><strong>bugd.</strong></span> <span class='ocrx_word' id='word_1_272' title='bbox 990 4185 1046 4236; x_wconf 78' lang='lat' dir='ltr'><strong>Bat.</strong></span> <span class='ocrx_word' id='word_1_273' title='bbox 1065 4184 1144 4254; x_wconf 65' lang='lat'><strong>1743,</strong></span> <span class='ocrx_word' id='word_1_274' title='bbox 1158 4185 1182 4238; x_wconf 83' lang='lat'><strong>8.</strong></span> <span class='ocrx_word' id='word_1_275' title='bbox 1201 4185 1235 4238; x_wconf 80' lang='lat' dir='ltr'><strong>Et</strong></span> 
     </span>
     <span class='ocr_line' id='line_1_35' title="bbox 225 4259 1204 4338; baseline 0.007 -27"><span class='ocrx_word' id='word_1_276' title='bbox 225 4259 252 4312; x_wconf 85' lang='lat'><strong>3.</strong></span> <span class='ocrx_word' id='word_1_277' title='bbox 271 4260 389 4317; x_wconf 81' lang='lat' dir='ltr'><strong>Collacta</strong></span> <span class='ocrx_word' id='word_1_278' title='bbox 407 4279 469 4318; x_wconf 82' lang='lat' dir='ltr'><strong>sunt</strong></span> <span class='ocrx_word' id='word_1_279' title='bbox 487 4283 518 4318; x_wconf 85' lang='lat' dir='ltr'><strong>ea</strong></span> <span class='ocrx_word' id='word_1_280' title='bbox 538 4267 653 4338; x_wconf 86' lang='lat' dir='ltr'><strong>primum</strong></span> <span class='ocrx_word' id='word_1_281' title='bbox 673 4283 687 4317; x_wconf 91' lang='lat' dir='ltr'><strong>a</strong></span> <span class='ocrx_word' id='word_1_282' title='bbox 733 4262 848 4318; x_wconf 80' lang='lat' dir='ltr'><strong>editores</strong></span> <span class='ocrx_word' id='word_1_283' title='bbox 859 4265 963 4336; x_wconf 83' lang='lat' dir='ltr'><strong>bipont.</strong></span> <span class='ocrx_word' id='word_1_284' title='bbox 974 4265 1068 4317; x_wconf 80' lang='lat' dir='ltr'><strong>Juveu.</strong></span> <span class='ocrx_word' id='word_1_285' title='bbox 1080 4265 1204 4318; x_wconf 81' lang='lat' dir='ltr'><strong>etPersii.</strong></span> 
     </span>
    </p>
   </div>
   <div class='ocr_carea' id='block_1_9' title="bbox 0 0 1583 4950">
    <p class='ocr_par' dir='ltr' id='par_1_10' title="bbox 0 0 1583 4950">
     <span class='ocr_line' id='line_1_36' title="bbox 0 0 1583 4950; baseline 0 0"><span class='ocrx_word' id='word_1_286' title='bbox 0 0 1583 4950; x_wconf 95' lang='lat' dir='ltr'><strong> </strong></span> 
     </span>
    </p>
   </div>
  </div>
 </body>
</html>
