3116 4934
340 344 405 410 558
771 345 944 408 VlllETl

336 471 427 545 (luri,
443 489 538 550 quam
553 470 615 549 peti
627 468 785 528 literarum
799 469 946 530 studiosos
961 467 1078 528 diutius
1091 466 1184 550 hujus
1199 487 1390 532 commenta-

335 571 373 628 rii
388 566 537 628 desiderio
551 587 582 626 se
595 579 749 646 torquere.

376 663 466 742 Quod
483 677 585 724 autem
596 665 635 724 ad
649 684 755 724 vocem
770 679 983 725 commentum
997 665 1125 742 attinet,
1139 686 1232 746 quam
1247 669 1280 727 in
1294 669 1388 728 titulo

337 765 434 844 legisti
449 764 695 837 Commentarius,
711 783 745 823 ac
759 777 869 824 neutro
882 785 993 845 genere
1012 767 1288 842 commentarium,
1303 768 1388 828 unde

335 860 626 922 commentariolum
646 859 716 922 fecit
733 864 854 939 Cicero,
876 877 920 923 est
940 864 1087 944 scriptum
1105 862 1246 944 aliquod,
1264 879 1294 924 et
1309 865 1392 926 liber

336 959 375 1019 ad
390 959 561 1019 subsidium
573 961 732 1020 memoriae
748 975 960 1042 comparatus,
982 961 1098 1035 brevis,
1112 963 1188 1020 etin
1204 982 1267 1042 quo
1284 983 1390 1024 rerum

335 1071 456 1116 tantum
469 1057 587 1136 capita,
604 1077 785 1138 summaque
796 1069 983 1139 ponuntur,
1000 1077 1075 1138 quas
1090 1059 1268 1133 memorias,
1287 1073 1316 1119 et
1337 1063 1390 1120 iu-

334 1159 515 1216 structiones
529 1175 614 1216 nunc
630 1153 692 1214 fere
705 1154 813 1246 vulgus
828 1154 973 1238 appellat.
995 1154 1180 1237 Hujusmodi
1198 1156 1258 1216 fuit
1273 1158 1389 1220 Valerii

335 1255 429 1314 Probi
442 1256 679 1313 commentarius
690 1252 729 1312 de
739 1253 860 1312 occulta
873 1252 1031 1314 literarum
1044 1251 1285 1334 significatione,
1299 1253 1390 1337 cujus

335 1354 477 1411 meminit
494 1349 589 1411 Aulus
607 1349 725 1410 Gellius
743 1351 825 1411 libro
847 1353 978 1433 septimo
1000 1351 1142 1412 decimo:
1162 1372 1198 1410 ac
1214 1351 1274 1410 tale
1293 1354 1388 1412 etiam

334 1447 426 1531 paulo
441 1448 563 1532 plenius
580 1449 728 1508 orationis
749 1461 859 1507 contra
880 1449 1051 1508 Domitium
1070 1445 1182 1508 babitae
1199 1464 1388 1510 commenta-

334 1547 433 1622 rium,
450 1543 535 1626 cujus
555 1546 744 1604 mentionem
766 1545 800 1602 in
819 1547 913 1604 Bruto
930 1544 1003 1605 facit
1017 1546 1134 1606 Cicero.
1150 1545 1272 1606 Horum
1287 1549 1389 1607 uomi-

335 1665 411 1706 num
429 1643 574 1727 pluralia,
588 1643 802 1703 commentarii
819 1655 851 1702 et
865 1643 1104 1718 commentaria,
1118 1644 1172 1704 etsi
1184 1644 1248 1702 vim
1262 1647 1309 1704 sui
1326 1667 1388 1704 nu-

335 1745 410 1802 meri
422 1741 604 1824 plerumque
618 1743 768 1816 retinent,
782 1755 887 1801 tamen
901 1762 937 1802 ea
951 1739 1029 1800 nihil
1042 1761 1104 1801 esse
1113 1739 1198 1802 aliud
1213 1741 1386 1817 interdum,

334 1859 426 1920 quam
446 1837 531 1920 quod
550 1839 644 1898 unius
664 1858 796 1898 numero
820 1836 1028 1919 significatur,
1046 1839 1253 1918 grammaticis
1275 1841 1388 1900 nostris

331 1935 518 2018 jampridem
536 1937 673 2020 placuit:
690 1937 907 2020 quindecim,
925 1957 1020 2016 quam
1032 1949 1112 1996 recte
1128 1935 1178 1995 hic
1194 1938 1385 2019 praecipiant.

334 2039 448 2094 'Vereor
457 2036 552 2109 enim,
561 2057 599 2094 ne
611 2046 709 2116 quum
717 2036 817 2095 Cesar
827 2035 1055 2096 Commentaria
1064 2055 1118 2094 sua
1129 2035 1292 2118 inscripsit,
1305 2055 1387 2115 quos

332 2131 415 2214 apud
429 2133 608 2192 Ciceronem
621 2134 859 2193 commentarios
873 2132 1003 2214 legimus
1016 2131 1200 2214 appellatos,
1215 2131 1386 2192 multorum

331 2228 484 2289 librorum
498 2251 575 2312 opus
590 2229 789 2307 intellexerit,
805 2251 941 2314 quorum
952 2233 1082 2312 quisque
1094 2231 1306 2291 commentarii
1326 2251 1386 2290 no-

333 2330 418 2388 mine
432 2329 622 2412 appelletur,
637 2331 797 2411 quomodo
810 2329 963 2404 Euclidis,
983 2328 1180 2389 Alexandrini
1200 2342 1384 2410 geometrae,

332 2428 510 2504 Elementa,
532 2429 602 2488 libri
623 2443 696 2490 sunt
713 2429 880 2504 tredecim,
900 2431 954 2510 qui
975 2428 1174 2511 appellantur
1196 2427 1384 2490 elementum

333 2528 486 2610 primum,
501 2528 688 2589 elementum
699 2528 882 2604 secundum,
896 2528 1040 2604 tertium,
1053 2541 1217 2609 quartum,
1229 2525 1385 2609 etreliqua

332 2625 474 2710 deinceps
486 2625 593 2687 eodem
614 2627 748 2687 nomine.
765 2628 1011 2686 Commentarius
1031 2647 1135 2687 rursus
1151 2639 1179 2686 et
1196 2639 1386 2686 commenta·

331 2725 430 2800 rium,
445 2746 479 2784 ac
494 2724 703 2786 multitudinis
721 2746 852 2785 numero
870 2726 1082 2786 commentarii
1100 2739 1129 2784 et
1145 2725 1384 2798 commentaria,

331 2822 500 2903 sepiusque
514 2822 754 2896 commentaria,
767 2822 846 2881 sicut
858 2821 950 2880 iidem
965 2821 1077 2881 volunt
1087 2834 1301 2903 praeceptores,
1313 2841 1383 2879 eam

330 2916 588 2997 significationem
613 2916 746 2994 liabent,
770 2933 805 2976 ut
834 2918 1034 3000 expositiones
1060 2918 1384 2999 interpretationesque

330 3031 494 3076 auctorum
518 3019 550 3075 in
574 3017 674 3077 literas
696 3017 812 3092 relatas,
834 3019 876 3076 ita
900 3032 1058 3078 vocentur.
1075 3018 1195 3078 Servius
1217 3018 1249 3076 in
1265 3017 1382 3076 librum

331 3116 495 3196 septimum
516 3112 661 3174 AEneidos
674 3137 681 3172 :
694 3115 778 3174 Dicit
799 3116 891 3174 etiam
914 3115 1040 3196 quidam
1057 3115 1296 3174 commentarius
1314 3133 1383 3173 con·

298 3205 302 3212 ’
330 3225 411 3270 vecta
428 3211 603 3293 legendum.
628 3211 722 3271 Aulus
738 3211 855 3272 Gellius
867 3210 949 3271 libro
965 3213 1109 3271 vicesimo
1128 3234 1135 3269 :
1156 3210 1245 3294 Apud
1262 3208 1381 3270 Plutar-

329 3309 424 3369 chum
434 3312 467 3369 in
478 3323 589 3392 quarto
603 3309 635 3369 in
648 3308 818 3370 Hesiodum
828 3310 1061 3369 commentario.
1075 3308 1161 3369 ldem
1172 3307 1252 3368 libro
1262 3309 1380 3389 primo:

331 3407 479 3466 Praeterea
493 3408 527 3465 in
548 3406 778 3466 commentariis
793 3405 962 3482 Labeonis,
975 3425 1046 3487 quae
1063 3403 1102 3463 ad
1119 3403 1282 3464 duodecim
1296 3403 1383 3462 tabu-

330 3503 372 3562 las
388 3506 573 3587 composuit.
589 3505 645 3579 Et,
660 3505 803 3586 Hyginus
817 3517 919 3563 autem
932 3523 996 3563 non
1011 3500 1113 3562 hercle
1126 3500 1271 3582 ignobilis
1281 3519 1383 3582 gram-

330 3605 486 3678 maticus,
511 3605 543 3661 in
570 3603 825 3677 commentariis,
848 3623 918 3684 quse
937 3602 971 3661 in
995 3601 1162 3683 Virgilium
1185 3601 1266 3661 fecit.
1291 3597 1380 3678 Quod

330 3703 425 3782 igitur
437 3702 667 3761 commentariis
679 3715 812 3782 utroque
826 3721 953 3781 genere,
967 3715 997 3759 et
1007 3701 1249 3760 commentarios
1263 3713 1292 3758 et
1300 3719 1381 3760 com.

330 3803 480 3860 menteria
498 3821 559 3860 esse
578 3799 687 3859 debere
700 3798 826 3858 tradunt
842 3799 938 3857 nostri
957 3799 1165 3878 grammatici,
1181 3797 1212 3856 id
1226 3817 1380 3856 commen-

328 3913 395 3959 turn
409 3899 467 3960 luit
481 3901 514 3958 in
530 3899 661 3980 Aquensi
674 3896 801 3971 Codice,
815 3897 893 3956 sicut
907 3915 1014 3955 omnes
1030 3893 1209 3977 hujusmodi
1221 3895 1380 3977 expositio·

331 4019 382 4056 nes
413 4008 588 4056 commenta
610 3993 704 4073 vulgo
727 3992 908 4053 dicebantur
932 4015 981 4052 me
1003 4013 1108 4074 puero.
1130 3993 1220 4052 Tunc
1246 4011 1379 4071 namque
1435 4055 1438 4059 ⁴
