3006 4934
338 473 389 536 ΙΝ
412 470 625 536 SATIRAM
649 470 921 538 SECUNDAM.
1057 505 1062 516 ·
1110 474 1152 541 85

104 600 144 654 illi
159 597 227 652 mihi
242 599 413 669 interpretari
429 595 562 662 videntur,
581 599 628 667 qui
646 598 786 649 minimum
804 595 857 650 dici
872 597 966 651 volunt
982 598 1016 652 sd
1032 601 1157 674 impium,

106 678 181 750 qnod
191 677 302 732 minima
315 695 440 729 curarunt
454 677 479 727 ei
491 677 525 730 sit
536 678 567 729 de
578 678 643 728 Jove
656 676 776 748 capitone.

142 792 209 843 Nor.
226 792 264 844 18.
272 787 553 862 Delovepuidsentis?
560 800 630 841 estne
638 793 1156 866 utproeponerecures....-De.lovepuid

106 869 200 922 sentis?
208 869 293 934 ldem‚
304 887 334 920 sc
345 870 367 920 si
378 867 501 920 dixisset:
515 867 608 940 quanti
616 870 708 920 Jovem
719 868 903 941 oestimmiquo
911 868 968 923 ioco
977 871 1054 924 illum
1063 873 1156 925 habes?

107 951 179 1020 Seps
188 951 283 1020 saepius
293 951 363 1000 euim
372 949 467 1000 sentire
476 946 548 1000 idern
557 945 640 1012 valet,
650 965 681 999 sc
688 947 827 1013 estimare,
834 948 1071 1019 facere.—·Estnc‚·
1083 952 1155 1004 scili.

107 1043 148 1082 cet
159 1041 229 1082 estne
238 1029 305 1080 tanti
315 1028 361 1080 tibi
368 1028 448 1099 pretii
457 1027 570 1098 Jupiter,
582 1038 639 1078 ut...
652 1025 695 1078 vel
705 1036 776 1078 estne
785 1026 832 1078 tibi
842 1027 921 1095 locus,
931 1033 999 1083 unde
1008 1051 1092 1096 cures,
1103 1045 1154 1083 etc.

104 1137 140 1148 —
148 1109 225 1161 Cures
231 1125 382 1182 preponere
389 1105 534 1178 elegantius
541 1107 673 1176 positum,
683 1118 763 1176 qnam
773 1109 794 1158 si
804 1108 958 1178 simpliciter
966 1111 1156 1164 dixissetante·

101 1207 193 1260 ponas.
210 1189 318 1242 Summe
330 1191 400 1241 inest
413 1187 476 1240 huic
488 1186 600 1288 loco'vis
614 1187 714 1238 ironias.

134 1379 197 1424 Van.
218 1393 253 1440 ¹9·
268 1380 338 1425 Hunc
349 1381 437 1426 cuinam
448 1381 539 1425 cuinam
552 1381 587 1425 vis
597 1380 660 1426 Staio
670 1395 701 1426 an
712 1379 797 1427 scibeet
811 1377 893 1426 ltoeres.
904 1403 934 1417 -
944 1382 981 1428 Sic
995 1381 1066 1429 edunt
1080 1381 1156 1431 lthS.

101 1448 196 1495 codices
206 1451 303 1496 omnino
314 1465 408 1507 omnes,
419 1452 463 1497 nisi
473 1451 538 1513 qnod
546 1452 571 1496 in
580 1450 719 1514 quibusdum
729 1453 828 1498 recurrit
837 1453 925 1516 Stupro,
936 1451 1000 1514 quod
1007 1453 1101 1500 videtur
1110 1471 1159 1504 cor-

102 1533 199 1582 ruptum
209 1536 254 1581 pro
266 1521 344 1581 Stayo.
358 1524 416 1581 Qun
429 1525 459 1568 sit
473 1522 631 1582 interpunctio
641 1521 760 1584 disputent
770 1524 919 1585 interpretes.
933 1523 1023 1583 Legunt
1036 1525 1156 1573 nonnulli:

101 1593 172 1637 Haste
181 1594 495 1660 caripuomi-7cuincmi-
503 1596 536 1638 vis
546 1595 635 1640 Staio?.
644 1627 649 1639 .
659 1628 663 1638 .
672 1611 703 1639 an
711 1591 797 1640 sci'l'eet
805 1593 885 1640 hiem.
896 1593 942 1640 Sed
951 1591 1074 1641 lectionem
1082 1595 1157 1655 illem,
1183 1639 1186 1644 .

100 1663 210 1726 alioquin
226 1675 345 1724 apertam,
363 1663 513 1727 rejiciendum
527 1676 607 1710 censet
621 1663 784 1719 Csmuhonut,
802 1664 842 1726 qui
854 1665 920 1726 prius
932 1664 1069 1723 admiserat,
1081 1681 1159 1716 motus

100 1749 188 1797 nempe
200 1736 338 1780 auctoritate
350 1737 424 1782 MMS.
438 1736 478 1798 qui
490 1736 640 1782 consentiunt
651 1737 677 1782 in
688 1735 798 1782 edendo:
811 1738 903 1781 cuiriam
915 1737 1015 1783 cuinam.
1029 1739 1161 1786 Potuerunt

100 1806 155 1854 atii:
168 1807 248 1852 Hanc.
257 1841 263 1850 .
271 1839 290 1851 ..
303 1831 335 1842 -
343 1803 451 1853 cuinam?
461 1832 493 1844 -
504 1811 594 1854 cuinam
605 1809 655 1854 uis?
667 1793 761 1854 Sutor?
766 1842 770 1852 .
780 1841 786 1852 .
798 1824 829 1852 an
839 1803 926 1854 scilieet
936 1805 1017 1854 iroeres.
1030 1808 1075 1855 Alii
1087 1826 1158 1859 rerot

100 1877 200 1923 Hune?.
211 1901 272 1922 ..-
283 1877 389 1922 cuinam?
400 1879 516 1923 cumani.
526 1911 531 1922 .
540 1911 545 1921 .
554 1880 628 1921 —vis
640 1877 721 1923 Staio?
731 1893 761 1922 on
772 1873 857 1922 scilr'cet
868 1875 948 1923 hares.
967 1878 1102 1925 Lectionem
1114 1897 1159 1942 ego

101 1947 207 2010 praetnli,
221 1949 245 1994 in
256 1965 301 2011 qua
312 1949 461 1995 consentiunt
469 1949 545 1994 tute.
559 1963 641 1996 omnes
653 1947 817 2012 editorumque
825 1947 987 2005 laudatissimi,
998 1965 1097 2012 queque
1106 1967 1160 1998 scn-

101 2035 155 2066 snm
164 2016 430 2082 hebetspertissimum:
445 2019 768 2064 Hunci...·-curirans?...
780 2019 967 2064 -cuinam?...
981 2023 1014 2064 uis
1024 2020 1101 2066 Staio?
1114 2023 1159 2068 lle-

101 2089 168 2152 liqnu
180 2105 237 2136 vero
248 2104 329 2137 versus
342 2089 413 2136 verbs
427 2105 486 2135 unus
500 2089 604 2135 omnium
620 2090 691 2134 Persii
705 2089 837 2136 adversario
852 2087 976 2136 tribuenda
989 2107 1088 2147 censeo,
1104 2093 1158 2156 quis

102 2162 137 2206 sic
145 2160 317 2224 panlolonpius
323 2161 461 2223 producitur
471 2160 634 2222 dialogismus,
645 2162 686 2223 qui
695 2162 732 2206 vir
742 2176 787 2206 una
795 2177 854 2208 rore
864 2162 941 2224 potuit
950 2163 1078 2218 contineri;
1090 2163 1159 2211 simul

102 2236 159 2297 quis
172 2236 272 2280 recurrit
283 2235 342 2280 infra
355 2233 396 2280 hoc
408 2237 485 2298 ipitur,
497 2249 550 2295 quar
561 2233 632 2280 verba
644 2232 726 2280 melius
735 2235 864 2296 jungentur
874 2249 927 2280 eum
939 2235 1016 2282 verbis
1027 2238 1160 2285 conlitentis

102 2303 242 2360 adversarii,
255 2321 324 2368 (Ῑιιιω
335 2321 389 2351 cum
399 2305 475 2351 verbis
487 2305 559 2366 ipsius
572 2303 652 2350 Persii.

140 2415 213 2466 Nor.
228 2431 267 2482 19·
279 2414 406 2466 Hunci...
417 2443 451 2454 -
463 2414 625 2466 cuinaml-
632 2415 764 2468 catsant,
773 2453 793 2464 ..
809 2417 846 2468 oie
859 2415 931 2468 Staio
940 2418 994 2465 Ρ-
1003 2415 1097 2481 Hunc,
1112 2419 1158 2468 io-

104 2511 168 2546 vem
180 2509 276 2562 nempe
287 2492 418 2564 optimum
431 2492 783 2563 maximum-Appellatus
795 2493 855 2559 ille,
867 2496 974 2563 ignarus
987 2512 1041 2565 quo
1054 2496 1158 2548 Persius

106 2570 220 2635 tendat,
234 2571 299 2622 scire
311 2572 384 2641 cupit
397 2569 461 2642 quid
475 2571 555 2636 velit,
571 2587 773 2640 sermonemque
786 2573 915 2642 arripiens
927 2573 985 2642 ipse
997 2575 1158 2642 interroget:

106 2650 237 2703 cuinam?
246 2675 282 2688 -
293 2648 356 2715 Vis,
366 2647 480 2702 subaud.
494 2661 659 2722 anteponere.
672 2678 708 2688 —
718 2649 809 2711 Staio,·
819 2667 918 2702 nomen
928 2651 1032 2716 lictum,
1046 2651 1083 2702 ait
1094 2652 1161 2704 Cor-

104 2741 203 2795 nutus,
215 2727 351 2799 quomodo
363 2747 444 2799 supra
457 2730 553 2791 Nerio,-
565 2748 599 2782 nn
608 2729 660 2780 fuit
669 2730 719 2782 ists
730 2729 817 2782 Staius
828 2730 947 2782 famosus
960 2732 1016 2800 ejus
1028 2732 1110 2783 aetstis
1118 2733 1160 2801 ju·

104 2808 167 2862 dex.
181 2811 219 2862 Ex
230 2807 341 2861 historin
352 2809 524 2861 famosissimi
532 2805 745 2878 judiciilunisni
759 2807 832 2878 (Cic.
842 2807 947 2860 Cluent.
962 2807 1007 2874 πῂ
1025 2810 1094 2861 Brut.
1110 2810 1158 2873 683

104 2890 185 2942 Verr.
195 2889 282 2960 11‚32)
295 2902 446 2942 mutuatum
461 2906 519 2941 esse
532 2889 651 2940 Persium
660 2889 727 2941 Staii
734 2905 832 2940 nomen
842 2887 960 2943 indicare
970 2888 1075 2941 videtur
1084 2889 1161 2942 scho-

103 2968 433 3041 lisstes,cujusverbal1.
447 2969 464 3021 l.
478 2982 605 3040 corrupta
622 2983 648 3021 et
663 2967 783 3024 mutilato
800 2982 875 3032 sunt;
890 2967 1120 3042 Cnsaubonusque
1135 2984 1161 3023 et

102 3052 184 3105 multi
199 3051 243 3104 ulii
257 3071 318 3104 eum
330 3053 414 3104 secuti
426 3062 497 3104 suut.
506 3053 606 3102 Verum
618 3048 690 3121 apud
703 3050 859 3103 Ciceronem
871 3062 911 3103 est
926 3052 953 3103 C.
966 3050 1101 3112 Staienus,
1114 3064 1160 3104 sut

101 3133 242 3197 Staienus,
256 3144 286 3184 ut
298 3131 343 3184 elii
354 3130 457 3203 legunt3
472 3129 544 3202 quod
557 3147 655 3182 nomen
667 3128 746 3200 longe
759 3129 832 3182 aliud
846 3144 887 3182 est
898 3148 930 3182 ac
941 3147 1039 3183 nomen
1050 3132 1146 3188 Staius.

134 3322 201 3368 Vn.
222 3337 262 3383 19,
279 3337 316 3367 no.
331 3323 369 3366 An
383 3319 470 3366 scilicet
483 3321 565 3375 mres,
579 3321 636 3378 Quis
648 3322 724 3382 potior
731 3319 806 3384 judex
818 3321 922 3380 pisen'sve
935 3319 986 3381 quis
998 3319 1074 3380 optior
1086 3315 1162 3364 orbis?

103 3419 135 3432 -
150 3413 162 3436 ι
174 3393 232 3440 Haec
246 3394 279 3439 ita
294 3407 342 3438 nno
356 3394 438 3455 spiritu
452 3391 624 3446 continuanda,
640 3391 672 3437 sit
688 3390 854 3445 Cossubonus,
869 3387 961 3435 sublate
973 3389 1162 3451 interrogationis

101 3477 174 3520 notu,
189 3479 241 3527 qua
250 3463 320 3526 vulgo
329 3465 425 3526 ponitur
433 3475 487 3526 post
497 3461 576 3508 lares.
585 3481 595 3502 ι
607 3461 660 3507 Plus
669 3461 731 3508 enim
740 3458 812 3506 habet
821 3460 964 3505 constructio
973 3460 1082 3505 veritatis.

137 3574 213 3626 Nor.
230 3591 275 3644 19,
290 3589 331 3624 no.
346 3571 389 3623 An
403 3572 501 3624 scilieet
512 3571 605 3635 tores,
618 3569 680 3640 Quis
690 3569 778 3640 potior
780 3567 865 3642 judex
877 3568 996 3641 puerisve
1009 3567 1066 3639 puis
1076 3567 1162 3638 aptior

102 3653 344 3720 orout-Quane
355 3669 416 3722 pars
429 3664 468 3703 est
477 3650 640 3720 dialogismi,
654 3649 792 3721 responsio
804 3646 839 3699 ad
851 3648 1096 3718 interrogationem,
1108 3663 1164 3718 qun

102 3735 210 3801 Staius,
220 3733 343 3804 judicum
352 3733 578 3803 corruptissimus,
588 3745 614 3783 et
623 3748 766 3801 puerorum
781 3727 907 3780 orborum
919 3729 1015 3802 pestis,
1027 3745 1087 3779 cum
1097 3727 1162 3778 Jove

104 3829 299 3888 componatur.
314 3845 350 3856 -
363 3815 485 3865 Puerisne
499 3813 557 3886 quis
572 3813 661 3886 aptior
671 3812 750 3876 orbis,
767 3812 877 3882 respicit
892 3810 1006 3862 fortusse
1021 3807 1067 3862 ille
1081 3824 1162 3877 supe-

104 3897 196 3948 riora:
212 3919 224 3942 ι
233 3893 399 3968 Pupillunive
410 3895 527 3959 utinam,
538 3911 617 3964 quem
629 3893 779 3964 proximus,
793 3905 891 3943 etc....·

144 4009 215 4060 Nor.
230 4025 271 4060 αι.
287 4008 346 4060 Hoc
359 4007 447 4081 igitur,
460 4024 512 4080 quo
525 4016 554 4058 tu
564 4007 636 4059 Jovis
647 4025 736 4060 aurem
747 4003 880 4078 impellere
890 4015 973 4056 tentas
980 3999 1101 4066 ,·-Hoc,
1113 4016 1162 4050 ro·

106 4101 168 4138 turn
183 4085 291 4138 scilicet.
303 4117 339 4128 —-
349 4087 449 4159 Ipitur,·
467 4086 593 4156 quoniam
607 4087 643 4136 ita
658 4086 753 4149 sentis,
769 4085 895 4154 quonism
911 4084 1005 4135 iovem
1025 4075 1161 4148 aliquanto

104 4165 245 4237 potiorem
261 4165 334 4218 Staio
351 4178 439 4240 putes.
451 4163 594 4216 -Aurem
612 4163 758 4236 tmpettere‚·
773 4162 871 4213 dicitur
885 4159 965 4230 vulgo
982 4155 1016 4208 de
1031 4173 1112 4224 sono,
1127 4154 1162 4206 do
