3176 4954
360 383 425 452 366
594 383 631 446 C.
657 381 843 446 LUCILII
870 378 1160 444 FRAGMENTA

816 506 933 569 XXIX.

361 674 721 693 ...........
748 628 825 716 Ipsa
836 623 865 689 si
876 645 912 688 se
924 623 1014 688 corio
1025 624 1136 690 omnia
1150 620 1231 688 lora.

823 742 924 804 XXX.

359 869 405 932 Ut
415 863 582 954 discrepat
593 862 656 928 hac
667 884 770 955 quem
783 863 893 952 rapuit
905 858 1024 952 Apollo
1035 857 1094 926 fiat
1105 846 1196 951 ergo.

761 1119 992 1142 mm

532 1309 606 1386 nx
630 1247 794 1386 sinuo
821 1312 859 1386 x
885 1307 1216 1387 sirmiensi.

402 1550 538 1612 Veteres
550 1543 669 1636 glossae
681 1547 715 1612 in
727 1546 794 1610 vita
807 1549 843 1611 A.
857 1547 977 1611 Persii:
991 1543 1054 1614 Sed
1063 1567 1142 1612 mox
1153 1561 1191 1612 ut
1202 1569 1222 1610 a
1235 1543 1348 1614 schola
1360 1563 1394 1614 et

357 1659 522 1749 magistris
534 1655 726 1738 diverterat,
739 1653 824 1721 lecto
836 1653 921 1721 libro
931 1654 1049 1723 Lucilii
1060 1653 1205 1738 decimo,
1217 1655 1393 1724 vehemen-

357 1785 407 1836 ter
419 1770 535 1836 satiras
545 1790 746 1860 componere
758 1765 900 1849 studuit,
916 1766 1011 1860 cujus
1024 1767 1100 1834 libri
1109 1768 1309 1859 principium
1320 1769 1392 1834 imi·

356 1895 444 1945 tatus
454 1893 519 1959 est,
533 1876 595 1945 sibi
606 1879 725 1968 primo,
738 1900 815 1942 mox
828 1875 983 1944 omnibus
994 1876 1200 1959 detractatis,
1211 1900 1289 1943 cum
1300 1891 1392 1943 tanta

355 1989 541 2056 recentium
562 2002 737 2079 poetarum
755 2003 789 2054 et
801 2003 973 2057 oratorum
988 1989 1222 2068 insectatione,
1240 2002 1279 2052 ut
1293 1987 1392 2054 etiam
1403 2035 1419 2052 .

356 2099 522 2163 Neronem
534 2095 730 2190 culpaverit.

863 2217 887 2279 I.

280 2361 282 2366 ’
358 2384 364 2396 .
393 2383 400 2396 .
428 2384 471 2426 ,1.
500 2383 506 2396 .
536 2341 570 2398 .’
570 2380 932 2397 ...........
959 2333 1195 2398 Honorumest

354 2437 522 2509 Iudicium
534 2443 679 2524 Crassis,
693 2457 731 2507 ut
746 2463 807 2508 nos
819 2439 1037 2509 describimus
1049 2457 1137 2510 ante.

355 2553 426 2616 Hoc
438 2567 504 2633 est,
517 2548 598 2644 quid
610 2573 758 2636 sumam,
770 2549 853 2644 quid
867 2573 950 2632 non,
965 2553 999 2617 in
1013 2574 1148 2644 quoque
1160 2548 1319 2616 locemus.

847 2673 890 2734 Il.

355 2789 443 2852 Pone
457 2811 463 2849 :
478 2782 657 2876 paludatus
672 2785 780 2852 stabat
792 2783 929 2851 rorariu'
941 2782 1048 2853 velox.

838 2911 897 2973 Ill.

352 3028 511 3112 Quamvis
523 3024 676 3111 desubito
687 3028 783 3094 trinis
798 3026 964 3095 deducere
977 3027 1085 3094 scalis.

386 3249 480 3303 XXIX.
491 3248 638 3318 Charisius,
654 3249 700 3304 lib.
715 3255 726 3306 I
745 3275 751 3305 ι
766 3255 849 3322 Lora,
894 3253 1056 3308 adversarius
1069 3273 1132 3310 suus
1146 3257 1230 3327 rapit,
1241 3253 1390 3326 Apollinem

351 3342 469 3400 correpta
479 3330 561 3400 prima
576 3329 689 3404 syllaba,
704 3346 729 3384 ct
743 3333 849 3386 femiui—
893 3334 1017 3387 inritatus.

351 3427 386 3460 no
404 3426 498 3478 genere
516 3406 628 3460 dicenda
645 3423 701 3474 est3
718 3411 848 3482 producta
926 3412 947 3462 I.
957 3412 1060 3482 Nonius
1072 3433 1078 3462 :
1091 3413 1211 3477 Sumere,
1224 3409 1325 3480 eligere.

351 3499 438 3539 autem
452 3486 604 3540 neutraliter
615 3507 630 3538 e
643 3490 717 3540 corio
728 3489 848 3556 vincula,
926 3491 959 3540 II.
974 3490 1096 3542 Nonius.
1090 3511 1096 3522 ·
1110 3488 1213 3542 comiti
1223 3485 1388 3560 appellantur

351 3579 381 3616 ut
399 3578 424 3616 et
442 3564 555 3618 Lucilius
573 3568 600 3616 in
617 3568 652 3618 IX
656 3603 733 3620 ......
750 3569 848 3641 Ipsa
826 3587 847 3623 st
892 3565 1002 3632 milites,
1021 3570 1067 3637 qui
1085 3581 1225 3638 antequem
1244 3581 1387 3634 congressae

350 3664 389 3711 se,
404 3658 452 3696 ete.
891 3660 978 3698 essent
992 3647 1061 3699 acies
1067 3642 1355 3718 ,primononmultis'
1343 3660 1385 3714 Ja-

386 3723 467 3774 XXX.
477 3721 656 3794 Porphyrion,
666 3725 711 3777 lib.
722 3729 734 3777 I
738 3727 845 3794 ,Sat..9
892 3724 956 3777 nulla
980 3725 1083 3778 luibant
1104 3725 1244 3818 prelium.
1271 3736 1387 3774 tractum

349 3787 404 3854 lta'
397 3819 423 3853 m
433 3803 547 3852 Homero
557 3806 595 3850 τὸν
585 3803 763 3872 νδὶξηρπαρξιν
769 3808 847 3854 &Aeol
892 3802 964 3874 quod
973 3817 1033 3856 ante
1045 3808 1167 3858 maximas
1180 3820 1281 3874 pugnes
1294 3803 1384 3856 celum

349 3885 405 3933 lui·-
398 3878 530 3934 Lucilius
540 3877 592 3932 hoe
601 3880 704 3934 dicens
698 3882 751 3936 Ut
759 3883 847 3936 discre-
891 3901 981 3938 rorare
990 3885 1107 3954 incipiat

348 3972 405 4032 pat,
420 3974 468 4012 etc.
480 3958 640 4030 Significat
620 3977 657 4010 stc
667 3958 806 4013 liberatum
818 3979 845 4014 se
926 3965 967 4014 III.
980 3965 1099 4018 Nouius.
1111 3962 1250 4028 omitto,
1261 3981 1327 4034 pro:
1341 3980 1386 4017 tu-

350 4053 537 4093 acreereatum
548 4037 610 4090 dum
624 4038 697 4092 illum
709 4041 846 4094 molestum
890 4039 955 4095 bito.
992 4093 996 4102 ,
1363 4079 1365 4083 ⁷
