2970 4936
380 560 440 624 ios
639 603 643 609 .
687 561 725 621 a,
752 509 909 622 rn'usu
934 557 1102 624 resecr

375 685 542 764 Porticus3
555 684 720 749 insomnis
733 680 856 775 quihus
869 699 901 749 et
914 682 1053 750 detonsa
1061 681 1222 776 juventus

373 790 546 884 Invigilat,
560 791 689 885 siliquis
701 807 736 858 et
746 790 866 883 grandi
877 809 973 884 pasta
985 791 1131 885 polenta.

372 909 414 970 Et
426 903 504 986 tibi,
517 927 593 998 quae
605 907 732 973 Samios
745 901 877 970 diduxit
887 903 997 971 littera
1008 929 1139 987 ramos,

371 1018 568 1108 Surgentem
580 1015 698 1084 dextro
709 1017 909 1083 monstravit
920 1013 1025 1083 limite
1038 1016 1168 1084 callem.

370 1129 485 1194 Stertis
497 1125 629 1193 adhuc?
640 1125 821 1219 laxumque
832 1141 951 1218 caput,
966 1149 1126 1221 compage
1141 1125 1269 1210 soluta,

369 1239 496 1304 Oscitat
506 1234 722 1318 hesternum,
735 1235 871 1303 dissutis
883 1234 1035 1329 undique
1046 1235 1160 1304 malis!

369 1351 429 1414 Est
439 1345 566 1441 aliquid
579 1370 648 1441 quo
659 1345 787 1438 ¹tendis,
801 1361 835 1412 et
846 1347 881 1411 in
893 1344 985 1439 quod
997 1345 1114 1438 dirigis
1126 1371 1259 1416 arcum:
1375 1365 1411 1415 60

368 1463 418 1524 An
430 1460 558 1551 passim
570 1459 719 1551 sequeris
731 1479 849 1524 corvos
862 1472 1015 1549 testaque
1026 1455 1183 1550 lutoque,

367 1572 508 1637 Securus
521 1592 589 1664 quo
600 1591 660 1661 pes
672 1567 774 1648 ferat,
786 1582 888 1661 atque
900 1591 941 1636 ex
953 1583 1106 1661 tempore
1118 1557 1222 1636 vivis?

413 1680 630 1748 Helleborum
642 1680 784 1762 frustra,
797 1702 904 1774 quum
912 1676 984 1770 jam
996 1683 1082 1747 cutis
1095 1703 1184 1772 aegra
1196 1677 1352 1760 tumebit,

367 1798 545 1860 Poscentes
558 1791 849 1859 videas:venienti
860 1791 1026 1857 occurrite
1038 1790 1174 1874 morb03
1354 1861 1361 1873 ,

365 1909 425 1988 (Et
436 1904 518 1998 quid
530 1927 616 1997 opus
627 1907 763 1969 Cratero
775 1925 915 1994 magnos
928 1903 1125 1995 promittere
1137 1909 1307 1991 montes?)
1377 1917 1411 1970 65

366 2016 572 2107 Disciteque‚
585 2037 606 2080 ο
617 2016 750 2096 miseri,
764 2030 797 2080 et
808 2037 925 2080 causas
938 2017 1129 2104 cognoscite
1142 2039 1273 2082 rerum:

365 2125 454 2211 Quid
466 2149 602 2208 sumus,
614 2141 648 2192 et
658 2124 822 2220 quidnam
835 2126 956 2192 victuri
967 2127 1152 2216 gignimur3
1166 2127 1249 2194 ordo

364 2237 447 2320 Quis
460 2236 574 2322 datus,
587 2251 646 2304 aut
658 2253 756 2304 metae
769 2261 871 2332 quam
882 2235 994 2304 mollis
1007 2234 1132 2321 flexus,
1145 2254 1179 2304 et
1190 2238 1299 2323 unde;

364 2445 401 2501 ris
410 2439 631 2503 Atheniensium
640 2465 756 2526 pupnas
764 2465 831 2505 cum
841 2442 968 2522 Medis);
979 2457 1008 2503 ct
1017 2444 1129 2526 quibus
1140 2442 1323 2503 meditandis
1334 2444 1411 2503 invi·

363 2537 462 2619 gilant
472 2539 616 2622 juvenes,
631 2540 750 2624 capillis
764 2543 858 2601 tonsis
873 2541 999 2618 inculti,
1014 2555 1044 2602 et
1057 2561 1169 2601 somno
1183 2542 1233 2600 vix
1247 2539 1410 2621 indulgen·
1480 2549 1482 2560 '

362 2650 421 2712 tes,
435 2651 465 2696 et
474 2637 570 2698 crudo
580 2639 661 2699 olere
671 2639 831 2720 multaque
843 2637 951 2699 hordei
962 2637 1062 2700 farina
1073 2641 1160 2722 pasti.
1171 2641 1322 2698 Praeterea
1331 2661 1411 2722 sym-

363 2733 467 2793 bolica
475 2735 570 2793 Samii
580 2733 761 2817 philosophi
775 2735 875 2794 littera
887 2737 954 2816 (Y),
967 2737 1001 2795 in
1011 2737 1150 2816 geminos
1160 2755 1262 2794 ramos
1271 2733 1410 2810 diducta,

362 2819 543 2891 monstravit
561 2831 651 2892 illum
667 2833 724 2892 tibi
739 2833 896 2893 dexterum
910 2833 1037 2910 callem,
1054 2855 1116 2915 quo
1130 2835 1226 2895 virtus
1241 2855 1304 2894 sese
1317 2833 1409 2894 tollit.

361 2925 573 2989 Nihilominus
582 2942 616 2988 tu
627 2931 725 2989 stertis
736 2927 851 3002 adhuc3
863 2943 1017 3012 caputque
1026 2929 1134 2990 laxatis
1144 2929 1214 2990 colli
1223 2929 1357 2993 vinculis
1368 2951 1411 2990 re·

360 3025 511 3101 solutum,
522 3029 668 3108 genisque
679 3027 789 3086 rictum
800 3027 1176 3109 undiquediducentibus,
1186 3048 1220 3087 os
1229 3041 1332 3087 totum
1343 3049 1410 3110 ape·

360 3125 400 3182 rit
420 3121 562 3182 hesterna
574 3123 682 3205 vigilia
703 3113 884 3204 fatigatum!
904 3125 957 3184 Est
978 3124 1089 3205 aliquis
1108 3138 1212 3185 tamen
1233 3127 1410 3208 propositus

360 3220 415 3278 tibi
423 3265 431 3295 ‚
440 3233 473 3279 ut
484 3221 653 3302 sagittario,
665 3219 751 3297 finis,
760 3221 800 3280 ad
809 3241 901 3302 quem
909 3223 1005 3281 vitam
1015 3222 1172 3297 intendas,
1182 3234 1217 3281 ut
1226 3221 1277 3280 ille
1286 3241 1406 3282 arcum:

360 3337 400 3375 an
414 3330 526 3377 temere
540 3338 650 3379 corvos
664 3318 711 3379 vel
725 3311 816 3394 testa,
832 3318 879 3379 vel
893 3319 983 3400 gleba
997 3321 1170 3397 insectaris,
1185 3317 1264 3380 nihil
1279 3339 1407 3392 curans,

359 3437 422 3495 quo
435 3430 464 3477 te
476 3416 578 3477 ferant
590 3418 696 3500 pedes,
711 3419 889 3499 victitasque
903 3421 936 3478 in
950 3418 1047 3494 diem,
1061 3431 1156 3500 prout
1167 3417 1230 3476 fors
1244 3417 1372 3477 tulerit?

398 3517 446 3576 63,
471 3540 484 3570 u
497 3517 628 3577 Cernere
641 3531 685 3577 est
698 3517 869 3577 nonnullos
884 3516 1018 3577 remedia
1033 3516 1192 3576 medicinae
1206 3515 1300 3574 serius
1316 3513 1409 3574 advo-

359 3625 476 3690 cantes,
489 3636 586 3696 quum
594 3614 660 3697 jam
670 3614 771 3674 lurida
782 3617 858 3675 cutis
868 3616 1061 3674 intumescat.
1073 3613 1191 3674 Morbis
1201 3633 1273 3673 vero
1284 3611 1407 3672 obviam

359 3710 497 3770 eundum
511 3726 571 3786 est3
591 3734 743 3794 namque,
759 3713 813 3772 ubi
827 3713 1032 3786 invaluerint,
1047 3710 1123 3793 quid
1137 3732 1215 3794 opus
1228 3723 1274 3770 est
1287 3709 1406 3771 medico

357 3809 406 3870 vel
424 3809 623 3872 celeberrimo
642 3812 710 3871 auri
729 3824 849 3871 montes
871 3809 1066 3891 promittere?
1085 3811 1194 3872 Parate
1206 3809 1294 3868 vobis
1313 3809 1406 3888 igitur

358 3908 558 3990 sapientiam,
572 3930 592 3968 ο
607 3910 728 3980 miseri,
742 3923 772 3969 et
786 3909 890 3967 discite
902 3928 971 3988 quae
983 3909 1043 3967 sint
1054 3929 1153 3967 causae
1166 3927 1286 3966 rerum:
1302 3904 1407 3964 discite

358 4005 434 4084 quid
450 4007 488 4065 sit
500 4004 615 4082 homo,
629 4026 722 4086 quem
736 4004 775 4065 ad
790 4003 884 4065 finem
900 4021 1006 4078 nutus3
1027 4005 1096 4084 quis
1110 4003 1188 4073 ordo
1204 4003 1241 4062 sit
1254 4001 1404 4062 stabilitus

359 4101 594 4178 fatis‚autunde
604 4103 835 4186 proficiscamur
842 4118 871 4162 et
878 4123 941 4183 quo
950 4115 1318 4182 revertamur‚quamque
1326 4095 1403 4157 mol·

358 4197 428 4257 liter
446 4221 569 4260 cursum
588 4199 627 4259 ad
646 4221 713 4260 eam
734 4213 847 4258 metam
867 4197 1040 4274 flectamus,
1059 4219 1128 4276 quae
1149 4211 1192 4257 est
1214 4198 1247 4254 iu
1268 4209 1401 4254 extremo
