3148 4950
362 499 427 581 540
551 500 611 564 ns
634 499 726 565 sar.
752 499 960 580 nucinu,
986 500 1205 582 nostru,

360 624 535 717 cujusdam
550 628 676 692 nomini
689 625 926 708 inscribantur,
941 643 1054 694 tamen
1067 630 1240 719 inscriptio
1252 654 1321 698 non
1333 637 1397 701 nisi

360 759 421 827 pro
434 734 642 802 dedicatione
663 749 728 817 est,
751 757 827 828 quae
844 739 1037 828 argumenti
1059 742 1292 807 tractationem
1314 741 1397 809 nihil

358 845 492 912 afficiat.
516 843 579 914 Sed
605 867 680 939 quae
700 861 825 911 certam
847 862 880 912 et
900 863 1109 914 constantem
1133 847 1233 915 habet
1254 851 1396 918 formam

359 953 521 1048 Epistola,
543 954 660 1024 eadem
682 958 920 1046 integumento
941 961 1032 1025 varia
1046 962 1211 1050 reperitur
1232 977 1265 1029 et
1284 965 1398 1030 incon-

359 1069 571 1134 stantissima.
587 1069 719 1159 Quippe
733 1065 833 1158 hujus
848 1069 944 1160 copia
965 1085 998 1136 et
1018 1072 1159 1136 varietas
1173 1071 1275 1139 nullis
1292 1075 1398 1140 termi-

359 1193 459 1244 natur
470 1176 647 1258 limitibus,
663 1177 794 1269 nisiqui
807 1175 932 1267 abipsa
944 1195 1064 1244 natura
1073 1202 1213 1269 poeseos
1228 1185 1397 1250 constituti

359 1309 449 1360 sunt.
470 1295 701 1384 Quaecumque
723 1293 812 1356 enim
835 1293 1007 1356 materiem
1029 1291 1178 1382 praebent
1204 1292 1396 1383 vulgaribus

359 1400 529 1494 epistolis,
555 1424 613 1483 ea,
638 1402 702 1467 nisi
726 1402 891 1494 poeticam
919 1402 1161 1491 expositionem
1186 1425 1322 1492 prorsus
1344 1425 1398 1468 re-

359 1531 483 1605 spuant
500 1513 657 1606 cultaque
668 1514 875 1580 ornamentis
891 1513 1053 1578 nitescere
1070 1531 1254 1606 nequeant,
1271 1517 1398 1605 Episto-

280 1645 283 1654 ·
360 1624 467 1692 larum
490 1628 697 1718 poeticarum
716 1627 867 1715 scriptori
891 1639 1016 1714 patent.
1041 1627 1121 1690 Haec
1144 1622 1258 1691 reduci
1280 1649 1397 1692 omnes

360 1734 535 1804 commode
557 1751 697 1827 possunt
711 1732 753 1800 ad
777 1749 842 1800 tres
858 1735 1068 1824 potissimum
1090 1736 1234 1824 species3
1256 1758 1396 1827 quarum

362 1871 426 1914 una
442 1864 493 1913 est
510 1844 736 1936 Epistolarum
754 1842 1013 1924 didacticarum‚
1031 1841 1135 1909 altera
1157 1843 1396 1936 elegisset-um,

361 1960 456 2025 tertia
469 1954 681 2048 jocularium.
696 1954 745 2022 Ad
764 1953 856 2021 illam
874 1953 1115 2022 didacticarum
1138 1958 1282 2047 speciem
1303 1957 1400 2048 perti-

360 2085 442 2135 nent
464 2066 609 2135 morales
633 2089 693 2133 seu
715 2065 848 2148 ethicae,
874 2065 989 2158 quales
1018 2068 1173 2133 Horatius
1199 2070 1396 2160 composuit.

360 2181 484 2244 Earum
505 2180 641 2244 omnino
662 2193 712 2243 est
731 2178 896 2243 instruere
916 2172 1068 2242 homines
1083 2191 1117 2242 et
1130 2175 1269 2259 docere,
1285 2180 1400 2269 praeci-

361 2309 438 2380 pere
457 2291 631 2369 virtutem,
655 2285 697 2355 ad
719 2311 861 2382 eamque
881 2284 1150 2378 amplectendam
1172 2305 1205 2353 et
1223 2287 1397 2355 colendam

360 2399 515 2464 excitare.
537 2400 595 2464 His
614 2395 796 2464 moralibus
810 2395 967 2489 Epistolis
988 2401 1087 2481 (nam
1105 2395 1243 2490 reliquae
1260 2397 1340 2465 nihil
1353 2398 1397 2465 ad

361 2505 394 2572 h.
415 2505 454 2590 l.)
468 2530 671 2601 quamquam
687 2509 884 2600 propinquat
904 2523 984 2572 sunt
1000 2508 1128 2586 Satires,
1144 2509 1397 2599 propinquiores

359 2617 449 2708 apud
465 2620 656 2700 Horatium,
677 2621 734 2712 qai
753 2635 789 2684 et
808 2616 1030 2684 urbanissime
1053 2619 1131 2683 vitia
1152 2619 1290 2708 carpsit,
1313 2619 1397 2684 etin

361 2731 520 2795 virtutum
539 2727 828 2796 commendatione
842 2749 921 2794 cum
939 2724 1075 2793 illorum
1091 2723 1157 2792 levi
1175 2728 1337 2818 vituperio
1348 2751 1399 2794 so-

360 2837 478 2906 cianda
496 2834 647 2905 mirabile
661 2853 963 2928 temperamentum
976 2833 1127 2901 abhibuit
1140 2862 1146 2900 :
1161 2853 1272 2902 tamen
1287 2839 1400 2905 Satira·

361 2973 435 3016 rum
449 2951 556 3016 onmis
572 2950 620 3015 vis
635 2971 701 3014 non
716 2945 868 3014 docendo
882 2962 914 3013 et
927 2943 1114 3029 monendo,
1131 2971 1246 3014 verum
1259 2948 1397 3016 ridendo

361 3077 394 3126 et
408 3059 613 3151 increpando
628 3060 847 3150 expromitur,
866 3061 891 3124 si
906 3057 1042 3152 quidem
1059 3060 1093 3124 in
1108 3083 1148 3126 eo
1161 3077 1345 3142 versantur,
1359 3078 1398 3127 ut

361 3172 516 3236 vitiorum
535 3168 586 3236 vel
603 3171 791 3260 graviorum
808 3167 1067 3261 turpitudinem,
1080 3167 1131 3236 vel
1148 3168 1310 3237 leviorum
1325 3168 1399 3236 ridi-

361 3280 472 3348 culam
482 3281 658 3348 stultitiam
670 3297 803 3362 notent,
817 3279 1036 3372 redarguant,
1048 3284 1221 3373 castigent.
1235 3282 1330 3351 Unde
1340 3282 1399 3351 du·

362 3390 438 3484 plex
458 3415 571 3458 earum
594 3415 698 3484 genus
720 3394 904 3458 enascitur:
921 3415 1026 3457 unum
1041 3389 1196 3458 hilarium
1217 3417 1256 3460 ac
1272 3393 1398 3460 festiva-

363 3525 452 3582 rum,
464 3525 548 3595 quas
561 3501 717 3568 Venusini
730 3505 811 3568 vatis
823 3499 984 3594 elegantia
996 3497 1091 3584 lusit;
1102 3499 1245 3568 alterum
1254 3505 1398 3571 tristium

361 3627 627 3694 etausterarum,
641 3613 761 3705 quibus
776 3611 947 3678 luvenalis
963 3614 1191 3704 Persiiqueira
1201 3636 1236 3679 se
1246 3617 1396 3683 armavit.

362 3723 513 3817 Denique
534 3721 819 3818 quemadmodum
841 3722 993 3786 materies
1014 3720 1134 3788 horum
1155 3725 1340 3789 carminum
1355 3725 1400 3791 di·

363 3857 458 3902 versa
471 3851 537 3916 est,
549 3838 640 3901 itaet
654 3837 803 3900 orationis
818 3831 909 3901 color
922 3835 1071 3928 ratioque
1082 3847 1260 3900 uenarum.
1276 3838 1315 3900 ln
1326 3837 1398 3926 Epi·

293 3943 301 3964 ⁸
363 3943 455 4012 stolis
481 3947 570 4011 enim
591 3945 732 4034 gravitas
760 3942 870 4010 elucet
895 3941 1106 4034 Philosophi,
1132 3941 1241 4036 qualis
1261 3941 1399 4010 decebat

363 4057 554 4137 Horatium,
570 4068 603 4122 et
616 4055 741 4136 virum,
754 4067 788 4119 et
800 4077 887 4119 verae
899 4053 1068 4145 sapientiae
1083 4051 1286 4120 studiosum:
1302 4055 1336 4120 in
1347 4058 1398 4124 sa-
1438 4061 1441 4064 ’

363 4164 433 4230 tiris
445 4163 560 4232 levitas
576 4181 715 4257 apparet
727 4166 874 4257 ¹Comici,
888 4162 995 4256 qualis
1008 4187 1026 4229 a
1039 4179 1137 4257 poeta
1145 4161 1270 4255 juvene
1281 4189 1397 4256 exspe-
