3116 4934
321 515 388 580 550
512 514 690 579 unsar.
716 513 925 594 tunitii,
951 513 1173 594 uonnrn,

317 655 496 733 poetamm
513 636 662 706 studium
675 636 864 706 delicatulis
876 654 911 706 et
922 635 1104 720 mollibus,
1121 659 1206 733 quos
1222 638 1370 731 philostr

319 749 467 842 phorum
495 751 641 842 gravitas
664 746 877 844 dignitasque
903 765 1076 817 oratorum
1099 773 1276 846 nunquam
1298 751 1369 845 pel·

317 858 472 942 texisset,
491 857 535 926 ud
546 861 698 926 animum
714 883 815 927 suum
830 859 1004 952 impurum
1019 858 1227 952 pascendum
1244 866 1370 930 excita-

317 988 454 1056 verunt,
467 970 624 1040 obscoena
634 995 676 1040 ex
687 989 803 1040 nostro
813 994 915 1040 sensu
926 987 960 1040 et
971 975 1132 1064 turpia...
1148 977 1368 1055 Utomittnm,

318 1081 363 1149 ad
382 1080 549 1175 judicium
572 1081 614 1150 de
636 1099 737 1176 poete
760 1081 875 1179 aliquo
896 1080 1038 1178 ejusque
1061 1084 1239 1152 virtrnibus
1259 1084 1371 1152 feren-

319 1192 419 1279 dum,
435 1217 546 1289 neque
558 1219 670 1262 mores
685 1193 777 1290 ejuS,
793 1218 904 1289 neque
918 1197 1124 1288 argumenti,
1143 1192 1234 1290 quod
1248 1210 1371 1262 tracta-

319 1307 424 1386 verit,
453 1308 617 1374 rationem
638 1307 829 1399 pertinere,
851 1329 921 1373 uon
942 1328 1076 1398 semper
1098 1308 1211 1375 animo
1236 1303 1370 1373 videtur

320 1414 551 1498 obversatum,
565 1415 744 1512 pleraque,
757 1415 912 1512 aquibus
931 1415 1052 1484 cultior
1072 1431 1152 1484 aetas
1170 1413 1369 1497 abhorreat,

319 1523 449 1592 rudiori
469 1542 529 1594 eut
546 1527 685 1594 omniuo
707 1527 879 1594 remotiori
900 1549 1010 1620 neque
1029 1524 1123 1593 dictu
1147 1548 1258 1620 neque
1277 1525 1370 1592 factu

319 1637 431 1728 turpia
444 1636 547 1704 fuisse
559 1647 587 1720 ¹3
611 1660 786 1732 quumque
806 1639 919 1728 turpia
937 1639 1073 1731 proprie
1091 1653 1270 1717 vocentur,
1292 1659 1370 1729 quae

319 1843 456 1882 oratorum
477 1834 637 1884 monimenta
656 1849 671 1883 a
691 1844 764 1884 tactu
783 1843 823 1882 at·
870 1831 984 1899 Gresrrt,
1006 1833 1146 1891 Gdccun,
1165 1829 1307 1896 Choulien,
1331 1829 1372 1881 La

320 1929 372 1982 que
385 1911 468 1964 oculis
475 1913 622 1982 juventutis
633 1909 822 1983 proscribenda
868 1913 936 1966 Fore
944 1954 953 1981 ‚
970 1911 1071 1986 gallicis
1093 1913 1179 1984 poetis
1195 1909 1320 1988 (nequid
1336 1911 1372 1964 de

320 2003 397 2057 tunt,
407 1993 429 2043 si
441 1991 570 2058 credunt,
581 1989 687 2064 quando
699 1991 822 2043 vitiorum
868 1991 1014 2044 vernaculis
1024 1993 1121 2044 nostris
1131 1989 1229 2061 dicam)
1238 2029 1245 2055 ,
1255 2003 1373 2042 statuen-

318 2070 562 2141 turpitudinessuit
577 2071 663 2124 verbis
677 2089 823 2143 exsequun·
868 2069 932 2123 dum
951 2073 1001 2138 sit,
1022 2073 1117 2142 purtim
1140 2089 1202 2123 vero
1223 2072 1302 2124 etiarn
1324 2071 1373 2142 qui

321 2163 384 2218 tur,
411 2150 474 2204 talia
497 2154 525 2204 iu
551 2153 653 2204 animos
679 2151 824 2204 teneriores
868 2151 970 2202 fructus
985 2169 1016 2202 ex
1028 2148 1121 2201 iisdem
1136 2147 1254 2218 legendis
1270 2149 1373 2219 percipi

319 2227 452 2280 destillare
462 2228 615 2301 ibidemque
625 2229 778 2301 contagium
788 2226 825 2279 al·
868 2231 985 2302 possit·
1015 2229 1082 2281 Cum
1106 2227 1147 2280 hir
1172 2227 1373 2298 comparanda,

319 2307 410 2359 linere.
428 2309 596 2381 Ubicumque
612 2306 692 2360 dulce
711 2318 766 2375 est,
780 2308 825 2358 in·
869 2327 927 2381 qnae
948 2307 1076 2380 lligaltius
1094 2305 1238 2378 disputarit
1255 2309 1282 2358 in
1301 2309 1371 2360 Diss.

320 2389 377 2458 quit
385 2387 500 2454 Arbiter,
507 2388 543 2440 ibi
550 2403 577 2441 et
585 2387 823 2441 aciduminvenies.
868 2389 903 2441 de
916 2388 969 2442 Sat.
983 2388 1128 2441 luvenalis.

319 2466 423 2519 Idcirco
441 2466 552 2539 provide
566 2467 633 2519 boni
651 2481 746 2519 natura
764 2484 824 2517 sen·
866 2469 877 2481 '¹
909 2485 929 2520 ι.
944 2469 1025 2533 Iani,
1037 2467 1071 2520 de
1083 2466 1201 2519 moribus
1215 2467 1331 2532 Horatii,
1343 2467 1372 2518 in

319 2563 378 2597 sum
393 2545 512 2616 fugiendi
531 2549 609 2598 noxia
628 2544 752 2599 omnibus
767 2545 822 2596 ani·
869 2547 931 2601 e‘ilit,
955 2549 1034 2620 hujus
1058 2561 1144 2620 poete
1164 2561 1184 2600 t.
1204 2551 1230 2614 l,
1252 2568 1279 2620 p.
1305 2547 1371 2613 103,

319 2625 454 2678 montibus
464 2625 573 2689 indidit;
589 2626 743 2679 homiuibus
756 2641 825 2698 quo·
868 2627 930 2681 edit.
950 2647 992 2702 pr.
1016 2629 1066 2682 .si
1084 2629 1248 2698 cogitemus,
1268 2628 1372 2699 inquit,

261 2773 263 2780 Α
320 2723 372 2775 que
392 2704 559 2757 discernendi
575 2707 714 2758 rationem.
736 2705 824 2756 Poetis
869 2725 949 2779 quarn
973 2705 1102 2759 dissoluta
1124 2707 1204 2757 fuerit
1221 2707 1372 2756 Horatianae

319 2785 414 2836 uostris
427 2786 542 2855 inspersa
553 2784 824 2856 suntqnaedam,quae
869 2789 950 2839 etatis
966 2786 1087 2848 licentia;
1104 2803 1184 2858 quam
1199 2803 1306 2856 prorsus
1323 2782 1372 2834 ho·

318 2865 407 2934 pravis
421 2863 552 2916 mentibus
564 2863 760 2931 adhaerescunt,
777 2881 824 2932 ge·
869 2882 959 2919 neotus
971 2881 997 2919 et
1012 2867 1093 2918 avisii
1106 2865 1216 2916 crimine
1231 2863 1297 2917 liber
1310 2865 1371 2915 foe·
1393 2909 1396 2918 .

318 2961 429 2996 nerosos
441 2943 667 3014 preterlabentur.
681 2943 825 2996 Conlirruc·
869 2947 902 2999 rit
919 2964 994 2998 arnor
1013 2947 1213 3018 peregrinarum
1229 2958 1255 2996 et
1272 2943 1372 2996 liberti-

318 3033 360 3072 ωε
370 3021 403 3072 ud
418 3020 531 3074 honesta
542 3023 645 3075 animus
654 3023 765 3074 verbum
776 3020 824 3073 las·
868 3043 962 3078 narum
971 3047 978 3088 ;
997 3044 1076 3097 quarn
1092 3041 1206 3096 perum,
1225 3036 1295 3082 certe
1310 3036 1371 3076 ante

318 3101 491 3153 civiusculum
516 3101 594 3154 facile
620 3103 820 3153 transmittite..
866 3105 951 3177 legem
971 3103 1180 3170 tutaminum,
1200 3105 1256 3176 ipse
1274 3121 1372 3174 puero-

317 3177 364 3230 llln
384 3199 456 3232 nuuc
478 3183 515 3233 ita
534 3179 672 3234 toleranda
693 3195 774 3246 sunt,
793 3189 822 3232 ut
867 3201 925 3234 rurn
939 3201 1014 3234 amor
1026 3181 1131 3236 sceleris
1146 3180 1283 3244 habuerit3
1297 3181 1372 3232 deni·

316 3257 390 3310 bona
405 3259 521 3312 confinio
541 3261 672 3313 melorum
688 3259 822 3313 discerne·
867 3281 937 3335 que,
957 3281 1037 3336 quom
1053 3261 1142 3314 multae
1159 3273 1186 3313 et
1203 3262 1325 3313 notiones
1344 3274 1374 3312 et

318 3356 393 3400 mus;
407 3339 442 3390 itu
454 3338 579 3393 habenda
593 3353 618 3392 et
629 3338 782 3406 tractanda,
794 3352 822 3390 ut
866 3342 994 3414 loquendi
1007 3343 1098 3394 formae
1114 3359 1146 3393 eo
1157 3353 1277 3410 tempore
1288 3339 1373 3409 digni·

317 3431 422 3470 nosmet
437 3420 590 3472 innocentia
608 3430 733 3472 tutemur.
751 3420 821 3468 Prac-
866 3431 947 3473 tatem
969 3434 994 3472 et
1021 3419 1186 3471 honestatem
1210 3417 1369 3486 habuerint,

317 3499 389 3551 clere
401 3517 508 3573 quoque
521 3513 640 3554 nostram
654 3501 681 3552 iu
696 3519 751 3552 rem
763 3498 822 3550 Mil·
867 3519 933 3572 quas
947 3513 1040 3571 postea
1058 3497 1168 3570 politior
1187 3515 1264 3560 usus,
1283 3507 1313 3548 ut
1326 3497 1371 3562 lit,

316 3590 396 3631 tonus
408 3581 435 3631 in
446 3581 569 3634 Paradise
584 3581 648 3647 lost,
661 3579 700 3645 V,
718 3595 764 3648 117
780 3595 820 3650 sq.
866 3579 982 3650 respuit,
994 3591 1020 3629 et
1029 3577 1099 3628 iuter
1112 3573 1254 3628 illiberales
1266 3573 1370 3627 retulit:

319 3657 401 3710 «Evtt
409 3658 464 3712 into
475 3657 642 3730 themindof
649 3657 707 3710 God
714 3675 745 3710 or
754 3657 821 3709 Man
865 3659 922 3712 haec
932 3659 953 3711 ei
966 3659 1128 3730 cogitemus,
1142 3659 1198 3728 jam
1214 3656 1324 3708 multum
1338 3673 1371 3706 ex

316 3735 382 3807 May
404 3755 477 3789 come
494 3735 549 3788 and
564 3753 599 3810 qo
616 3753 643 3787 so
660 3731 823 3808 urtapprov'd
865 3737 911 3789 illo
933 3738 1036 3789 lloretii
1054 3737 1186 3810 vituperio
1208 3737 1293 3808 perire
1310 3751 1371 3787 sen-

314 3813 818 3888 ondlecueNcspotorblantehebind.s
866 3822 971 3870 tiamne.
987 3818 1058 3869 Loca
1075 3829 1103 3868 et
1121 3817 1237 3868 carmina
1255 3813 1371 3876 Horatii,

315 3895 393 3948 Conf.
415 3898 531 3968 lleynius
553 3897 581 3946 in
601 3893 704 3945 Prtelat.
723 3893 757 3946 ad
774 3894 819 3944 Ti·
865 3914 923 3968 quae
937 3911 984 3945 nos
998 3891 1076 3946 hodie
1089 3891 1245 3956 offendunt,
1258 3909 1290 3944 eo
1303 3903 1370 3941 tem-

314 3975 433 4044 bullum,
453 3977 521 4048 inpr.
538 3973 551 4048 §
571 3993 584 4027 a
605 3989 631 4027 et
651 3975 666 4026 3
673 4014 683 4041 ‚
703 3975 763 4027 edit.
778 3994 817 4046 pr.
864 3993 929 4046 pore
948 3991 1002 4024 non
1021 3976 1057 4025 ita
1078 3971 1272 4033 offendebant3
1293 3970 1369 4035 licet,

314 4053 361 4104 uhi
382 4053 514 4118 ostendit,
534 4052 612 4124 quale
633 4055 731 4124 partim
757 4073 820 4126 pre·
865 4050 998 4125 quodnos
1010 4049 1091 4103 hodie
1102 4053 1129 4103 in
1143 4051 1230 4103 verbis
1242 4053 1368 4102 certiores
1403 4048 1405 4051 ’

314 4135 380 4184 tium
401 4132 554 4204 hujusmodi
570 4135 673 4206 poetis,
689 4135 733 4206 qui
748 4147 818 4185 certe
864 4149 953 4184 sumus
968 4151 998 4184 ac
1011 4131 1192 4194 delicatiores,
1208 4149 1261 4182 non
1274 4149 1369 4200 sequa-

313 4213 429 4265 nonsint
443 4212 593 4265 lasciviores
612 4231 643 4263 ac
659 4211 816 4264 lubriciores
865 4225 924 4278 tur,
947 4226 976 4263 ut
999 4209 1069 4263 ideo'
1086 4225 1112 4263 et
1138 4229 1225 4263 mores
1247 4209 1368 4262 hodierni
