3038 4932
370 429 435 518 ηε
540 411 992 498 vonin'tncrionns
1016 431 1078 496 er
1102 434 1236 499 nore:

401 558 469 609 Nor.
486 553 528 608 38.
544 555 582 607 Et
593 553 692 608 Bestiru
709 565 783 628 urpet
799 554 921 608 Doctores
940 554 1161 610 Gerticos—lice
1173 558 1265 612 eadem
1278 566 1400 618 sententia
1501 585 1502 633 q

365 637 478 690 recurrit
490 633 561 706 apud
570 635 685 686 Persium
697 635 792 705 sepius
800 633 834 684 de
846 633 956 686 rudibus
968 635 1109 703 Romanis,
1122 636 1156 690 de
1165 641 1261 692 crassis
1273 641 1401 708 militibus,

365 715 398 768 de
411 713 522 766 hircosis
535 711 752 779 centurionibus,
766 711 913 765 doctrinam
929 727 956 766 et
968 718 1122 785 sapientiam
1136 717 1289 770 Graecorum
1300 721 1401 774 irriden-
1437 773 1442 783 ,
1501 739 1502 764 ³

365 793 444 848 tibus.
454 792 531 842 -Et
542 791 640 844 Bestius
653 801 739 863 terpen-
752 803 778 842 ct
791 791 867 842 simul
882 790 962 844 homo
974 793 1097 846 sordidus
1112 808 1138 846 et
1148 814 1241 863 vorax,
1256 811 1287 849 ut
1301 799 1401 864 Bestisu,

354 878 500 946 increpat,
514 869 632 942 jugulat,
648 871 869 924 etc—Doctores
886 873 1004 934 Grus‘cos,¹
1024 873 1063 926 vel
1077 877 1149 947 ipsos
1168 877 1276 930 Grecos
1290 877 1402 949 philoso-
1502 907 1503 914 ¹

365 954 447 1028 phos,
458 953 500 1006 rel
511 955 644 1004 Romanos
656 955 702 1023 qui
719 949 868 1005 Grecomm
882 951 1079 1027 philosophiam
1091 971 1263 1010 sectarentur.

400 1108 467 1159 Nor.
485 1105 528 1176 39.
548 1101 648 1176 ltofit,
665 1115 803 1176 postquam
821 1119 908 1175 sapere
927 1103 989 1155 Urbi
1003 1106 1069 1157 Cum
1079 1107 1168 1180 pipere
1186 1119 1212 1159 et
1224 1109 1323 1182 palmis
1340 1114 1403 1164 uenit
1501 1154 1505 1174 ,

309 1220 314 1228 ·
366 1199 480 1242 cosmum
502 1183 550 1236 hoc
569 1184 647 1235 muris
670 1201 765 1254 expers.
783 1184 989 1236 —Communis
1013 1183 1067 1236 haec
1089 1187 1140 1239 luit
1162 1188 1271 1259 querela
1291 1193 1403 1243 omnium

363 1271 556 1328 Romanorum,
566 1281 668 1314 morum
680 1260 818 1314 mollitiem
829 1275 855 1314 et
866 1282 1017 1335 perversam
1028 1267 1086 1316 vitre
1100 1265 1267 1338 disciplinam
1280 1289 1295 1321 a
1309 1270 1403 1322 Gracia
1504 1259 1506 1294 l

366 1367 427 1401 cum
438 1347 529 1398 litteris
541 1345 651 1396 Romam
666 1361 721 1394 essa
732 1340 891 1396 translatam.
903 1346 1023 1399 Juvenal,
1036 1347 1110 1414 xvi,
1124 1365 1170 1417 291
1182 1371 1189 1412 ;
1203 1349 1262 1416 XV,
1280 1367 1403 1423 rtosqq.;

366 1429 416 1490 nt,
431 1427 468 1480 oo
480 1444 536 1497 sqq.
555 1423 632 1475 Ridet
644 1423 745 1474 Persius
758 1423 853 1476 nimios
865 1425 928 1476 istas
942 1427 1081 1497 opiniones
1093 1445 1185 1480 eorum
1195 1431 1241 1500 qui
1254 1432 1333 1482 vitam
1345 1430 1405 1483 hor·

365 1505 491 1560 ridiorem
503 1505 699 1567 Romanorum,
712 1501 860 1555 traductam
871 1503 906 1556 ad
916 1502 1101 1559 humaniorem
1114 1508 1214 1560 cultum
1230 1508 1405 1579 indignaban-
1503 1556 1507 1576 ,

365 1599 423 1651 tur,
437 1601 520 1654 quum
536 1580 601 1633 nihil
613 1578 801 1650 intelligerent,
821 1593 947 1653 quantum
959 1584 1099 1653 proliciunt
1113 1585 1147 1636 ad
1167 1585 1235 1638 bene
1254 1605 1287 1639 ae
1307 1589 1406 1640 fortiter
1502 1590 1507 1604 “’

363 1663 504 1718 vivendum
523 1659 620 1714 littere.
633 1689 669 1699 -
681 1660 724 1712 Itu
735 1658 787 1733 ῥίς
807 1660 859 1714 hoc
875 1661 930 1714 lieri
947 1663 1080 1731 videmus,
1094 1666 1194 1724 scilicet
1206 1668 1328 1739 impendi
1338 1668 1404 1721 hona
1503 1697 1507 1728 s

364 1745 462 1798 amicis.
477 1743 537 1794 Non
551 1753 611 1810 opst
626 1737 768 1792 festivitate
779 1738 863 1792 locus.
875 1772 909 1782 -
919 1744 1061 1816 Postquam
1073 1761 1160 1816 supere
1171 1759 1302 1810 nostrum
1315 1761 1355 1800 cst
1366 1749 1404 1799 in-

364 1823 496 1892 dignnutis
511 1830 639 1884 nostrum,
654 1817 877 1889 quemadmodum
889 1821 915 1871 in
928 1822 953 1888 l,
965 1839 1001 1890 9:
1017 1824 1165 1876 ·N0urum
1180 1827 1299 1878 vivere..
1315 1826 1405 1898 Neque
1506 1827 1507 1904 l

366 1904 475 1955 omnino
490 1899 665 1953 necessarium
678 1910 717 1950 est
728 1900 880 1951 immutetur
891 1902 919 1952 in
930 1913 1040 1954 vestrum
1047 1937 1056 1967 ,
1069 1903 1142 1974 qnod
1156 1904 1223 1956 nulli
1234 1909 1354 1958 omnium
1368 1907 1404 1958 ie-
1506 1927 1508 1974 ᾗ

365 1995 427 2034 runt
444 1979 545 2042 Mtte,
558 1977 636 2030 nullae
649 1978 883 2030 vetustissimarum
896 1978 1054 2046 editionum,
1065 1983 1137 2054 quod
1149 1986 1337 2052 excogitaverit
1349 1987 1407 2036 ttei-
1506 1975 1507 2030 l

363 2063 418 2112 aius
437 2069 515 2130 atque
532 2057 708 2128 excogitatum
724 2054 869 2108 admiratur
884 2059 994 2128 Koeniq,
1010 2072 1035 2110 et
1047 2063 1290 2132 recepit-Maris
1303 2081 1404 2135 expett‚·
1506 2101 1507 2124 ,

364 2151 471 2210 torquet
482 2139 637 2207 interpretes
657 2153 686 2187 ea
699 2134 815 2200 locutio,
831 2155 863 2188 eo
878 2136 949 2209 quod
962 2151 1102 2211 utrumque
1115 2139 1225 2192 verbum
1241 2142 1356 2196 muriset
1366 2161 1404 2196 ex·
1506 2163 1507 2212 t

362 2237 421 2293 pers
434 2217 540 2290 gemino
550 2234 629 2270 sensu
643 2219 726 2288 possit
740 2213 835 2268 audiri.
849 2218 937 2269 Posuit
951 2218 1043 2270 Horat.
1058 2217 1110 2271 Sat.
1121 2221 1162 2286 ll,
1174 2222 1207 2286 8,
1227 2217 1277 2272 15:

773 2353 872 2398 Procedit
882 2353 957 2398 tuens
967 2355 1088 2413 Hydaspes,

548 2421 641 2465 (houba
649 2421 700 2465 sinc
710 2419 780 2465 ferens
789 2438 795 2474 ς
805 2421 873 2464 Alcon
880 2454 886 2476 ,
894 2421 975 2465 Chium
985 2426 1053 2466 maris
1064 2436 1149 2480 expers.

363 2547 425 2615 Quo
443 2542 504 2596 loco
516 2543 662 2595 Horatiano
680 2538 835 2594 vertendum
847 2553 903 2605 est3
922 2540 1017 2612 procul
1031 2540 1130 2609 dubio,
1145 2542 1224 2594 muris
1243 2560 1334 2614 expers
1347 2561 1402 2615 per:

364 2625 438 2698 quod
459 2643 595 2696 nunquam
616 2624 789 2692 navigaverit,
804 2641 940 2695 nunquam
953 2624 1085 2676 transierit
1098 2641 1178 2675 utum.
1197 2622 1249 2676 Sed
1262 2637 1340 2676 notat
1359 2626 1403 2677 Ca·
1505 2623 1507 2646 ⁷

365 2705 500 2758 saubonus
514 2721 593 2775 posse
605 2703 691 2772 accipi
704 2719 792 2773 expers
803 2720 852 2772 pro
864 2722 871 2751 .-
882 2701 954 2774 quod
967 2715 1102 2773 expertum
1114 2717 1169 2770 est,
1184 2703 1402 2774 quemadmodum
1506 2721 1507 2724 ¹

365 2784 417 2837 alia
429 2785 511 2836 multa
523 2781 651 2834 vocabula
666 2799 723 2851 quae
736 2781 868 2833 affirmant
880 2780 971 2834 eadem
986 2796 1012 2835 et
1025 2798 1139 2853 negant:
1155 2782 1305 2854 egelidum,
1317 2782 1403 2848 modo,

362 2863 495 2926 durum,
507 2877 647 2924 exornare,
657 2877 792 2920 exossare;
810 2878 922 2913 necnon
933 2862 1077 2930 insertum,
1095 2862 1239 2914 infractum
1254 2875 1322 2929 etc.,
1339 2863 1402 2914 utin
1474 2859 1479 2872 ⁸

272 3014 276 3021 Ι
365 2944 416 2996 hoc
428 2941 518 3013 Vir-pil
531 2940 593 2993 loco
606 2938 708 2992 AEneid.
722 2941 787 3006 Xll,
802 2958 813 2993 t
828 2962 835 2992 z

519 3072 605 3115 Turnus
615 3079 640 3115 ut
651 3072 760 3132 infractos
768 3075 857 3117 adverso
867 3075 935 3119 hlcrte
945 3077 1033 3120 Latinos

523 3137 630 3182 teneura
638 3139 703 3184 videt

361 3263 401 3312 lta
411 3259 490 3311 vertit
500 3255 673 3311 casaubonus
685 3259 764 3310 moris
774 3276 862 3330 expers
876 3277 937 3330 per:
951 3259 1023 3332 qnod
1032 3278 1103 3312 mare
1118 3272 1157 3311 est
1172 3269 1325 3330 expertum,
1335 3255 1402 3328 quod

362 3337 511 3409 navigavit,
523 3349 552 3388 ut
565 3337 598 3388 sit
606 3355 694 3409 supere
704 3348 818 3391 nostrum
830 3340 910 3392 muris
919 3358 1015 3412 expers,
1030 3341 1104 3412 quasi
1115 3341 1246 3410 posuisset
1258 3359 1264 3388 ι
1279 3353 1402 3391 transma-

365 3421 422 3471 rina
435 3420 485 3470 ista
497 3419 623 3488 sapientia
643 3431 751 3484 nostra,
766 3437 846 3490 quam
857 3416 956 3472 scilicet
967 3420 1077 3472 Athenis
1089 3422 1198 3472 Romam
1207 3419 1403 3490 importaverint

365 3516 426 3550 cum
441 3497 530 3568 pipere
544 3507 569 3548 et
581 3495 686 3568 palmis.
705 3501 795 3550 Potest
807 3511 833 3550 et
850 3501 935 3569 accipi
951 3500 1029 3552 maris
1041 3517 1129 3571 expers
1142 3498 1221 3566 longe
1235 3497 1321 3550 aliter.
1338 3497 1403 3547 Dixit

365 3577 457 3628 llorat.
466 3575 551 3647 Epnd.
561 3575 616 3640 XV,
632 3593 661 3628 tt
676 3599 682 3627 ι
698 3577 742 3628 «si
759 3575 822 3649 quid
834 3580 860 3628 in
870 3579 965 3630 Flacco
981 3579 1029 3630 uiri
1041 3593 1111 3630 est.»
1128 3580 1228 3630 Ponere
1242 3579 1332 3649 potuit
1342 3577 1403 3628 llos·

364 3670 404 3708 ter
418 3656 495 3708 muris
513 3653 735 3727 quemadmodum
747 3659 871 3709 Horatius
887 3659 949 3724 uiri,
962 3660 999 3709 ita
1012 3671 1042 3710 ut
1055 3658 1134 3710 muris
1151 3675 1240 3728 expers
1257 3656 1284 3708 h.
1296 3656 1313 3708 l.
1329 3655 1403 3727 signi·

365 3737 440 3802 licet,
452 3754 540 3808 expers
554 3737 638 3790 otonis
650 3736 753 3789 roboris
766 3737 892 3803 masculi,
903 3737 983 3790 molle
995 3752 1021 3790 et
1036 3739 1227 3791 effeminatum.
1242 3739 1279 3788 Ut
1289 3750 1320 3787 ut
1333 3733 1402 3788 sitde

365 3833 462 3880 sensu,
482 3811 582 3866 locutio
603 3827 673 3867 certe
694 3829 733 3868 eat
746 3816 832 3868 verbis
847 3815 929 3887 paulo
950 3817 1059 3884 durior,
1077 3817 1123 3870 sed
1144 3816 1209 3869 nihil
1229 3831 1268 3869 est
1289 3814 1360 3888 quod
1377 3815 1402 3864 in

365 3899 453 3949 Persio
467 3895 583 3959 mireris,
597 3899 739 3967 praesertim
750 3896 884 3950 hominem
897 3901 1016 3970 ineptum
1025 3911 1051 3950 et
1061 3897 1199 3951 horridum
1211 3897 1402 3970 loquentemin

365 3975 488 4028 ducente.
503 3977 576 4027 Prior
596 3977 700 4048 quidem
715 3995 825 4042 sensus,
839 3997 917 4048 quem
936 3981 1028 4030 retexit
1039 3977 1227 4044 Gasaubonus,
1246 3977 1307 4048 plus
1327 3975 1402 4028 habet

363 4055 470 4127 leporis.
485 4085 521 4096 -
538 4054 618 4108 Vertit
637 4056 714 4117 Ustu-
736 4058 819 4127 magis
833 4057 954 4128 elegans,
970 4075 1049 4130 qnam
1065 4060 1087 4109 si
1100 4057 1206 4110 dixisset
1217 4056 1289 4109 uenit
1305 4055 1399 4108 uitem

363 4135 434 4188 Nihil
446 4134 518 4190 aliud
530 4136 601 4191 enim
615 4133 769 4206 significavit
785 4137 855 4189 veuit
874 4137 969 4190 Urbem
983 4155 1062 4209 qnam
1079 4135 1179 4190 Urbem
1195 4138 1316 4200 intrarit,
1328 4149 1401 4205 pene·
1505 4129 1506 4132 ¹
