2986 4924
340 329 880 413 russrrnsMQnrnrrM.
1001 413 1002 416 Ν
1063 316 1131 421 '237

91 453 205 506 aliorum
218 469 299 525 super
309 450 389 504 nudis
401 451 526 504 tabulatis
539 452 684 504 triremium
698 451 822 520 cubaret,
835 451 881 505 sed
894 453 924 505 iis
938 455 1027 508 incisis
1040 457 1134 510 farcies

90 532 213 586 tenderet
223 534 251 584 in
262 551 341 584 usum
352 532 491 583 lectorum.

121 659 183 702 Vsu.
195 655 247 712 148·
259 655 358 702 Exhalat
368 655 449 720 vapida
463 654 542 701 lasum
550 657 599 719 piae
614 652 697 700 sessilis
707 653 772 701 obla.
783 679 813 689 -
824 655 890 716 Leqit
902 657 992 718 Koeuiq.
1009 673 1070 705 unus
1083 675 1134 706 onr-
1177 654 1180 671 ‘

90 727 168 784 uinus,
177 726 263 789 fissilis
273 744 318 790 pro
328 723 424 782 sessilis,
437 741 515 790 neqne
528 737 619 780 monet,
632 741 677 788 qux
689 725 713 770 id
725 725 792 772 faciat
803 725 876 770 fretus
891 729 1036 774 auctoritate.
1050 729 1137 776 sessilis

90 810 125 844 est
134 799 313 880 'probatissimas
332 797 450 845 letiuitstis
471 797 538 858 (rid.
557 796 657 856 Fqcciol.
684 797 789 855 lexicon)
811 811 951 860 sensumque
976 798 1046 846 efficit
1067 799 1136 865 longe

91 879 216 928 ponerent.

116 985 195 1035 Nor.
212 985 275 1054 ¹47,
292 984 349 1054 148.
363 984 587 1056 Veientanumque
600 982 731 1036 rubellum
746 957 968 1058 Exhaletuapida
980 984 1066 1039 lusum
1078 986 1138 1058 pice

90 1063 182 1118 sessilis
188 1065 260 1118 obla.
269 1096 303 1106 -
312 1065 535 1136 Veientanumque
544 1063 673 1116 rubellum
681 1085 691 1124 ,-
700 1065 790 1116 vinnm
799 1062 898 1118 vilioris
906 1067 986 1138 pretii
991 1068 1138 1138 ingratique

93 1145 210 1216 saporis,
221 1146 291 1198 circe
306 1143 386 1198 Veios
398 1145 426 1196 in
438 1146 550 1196 Etruria.
564 1147 655 1196 Horat.
668 1155 717 1197 snt.
729 1145 769 1212 11,
783 1145 814 1208 3,
829 1143 893 1210 1432

295 1268 338 1324 Qui
346 1271 492 1314 Veientanum
501 1267 561 1313 iestis
569 1277 645 1327 potere
654 1268 737 1312 diebus.

92 1369 208 1424 uttan
222 1371 247 1436 1,
265 1340 375 1439 104th

295 1493 323 1535 lte
332 1493 450 1536 Veientani
457 1491 541 1535 bibitur
550 1490 589 1535 irex
598 1505 669 1536 uena
677 1488 763 1537 ruletle‘.

93 1601 172 1654 Coni.
183 1600 317 1668 eumdem,
325 1601 360 1666 11,
372 1600 474 1666 53;1tt‚
486 1601 536 1671 49ς
548 1600 612 1654 Plin.
621 1604 653 1673 H
665 1603 699 1654 N.
711 1603 786 1668 XIV,
800 1605 1059 1677 2.-Vapidaloesum
1067 1610 1139 1680 μία,-

92 1681 239 1756 Hypallege
256 1699 306 1752 pro
320 1681 442 1752 vapidum
458 1680 518 1733 loesa
535 1683 609 1752 pice,
629 1695 659 1732 ut
674 1684 764 1734 vinnm
780 1682 832 1735 hoe
850 1683 953 1736 exhalet
963 1698 1060 1739 terrum
1076 1690 1141 1760 picis

92 1761 222 1813 adorem:
236 1760 358 1830 vapidum
376 1760 446 1810 enim
463 1771 646 1812 consecratum
663 1773 704 1812 est
723 1760 757 1812 de
775 1763 841 1812 vinis
857 1767 994 1833 corruptis.
1004 1767 1142 1819 —Sessilis

92 1841 171 1900 obla,-
185 1840 295 1912 proprie
309 1837 409 1890 dolium
426 1837 470 1889 vel
486 1849 573 1889 utrem
587 1837 733 1907 significan
746 1857 791 1890 ras
806 1852 845 1890 est
859 1841 989 1892 vinarium
1005 1844 1067 1895 obita
1082 1843 1109 1896 h.
1122 1842 1140 1894 Ι.

93 1920 177 1973 simile
196 1923 222 1973 ei
241 1919 314 1992 qnod
334 1937 384 1971 nos
404 1916 473 1970 Galli
485 1935 612 1970 vocamus
631 1917 706 1970 baril.
726 1919 836 1986 Sessilis,
859 1939 914 1991 qnae
932 1921 1043 1974 fundum
1062 1922 1142 1976 habet

94 2001 194 2065 letum,
205 2019 238 2052 ac
249 2019 298 2072 per
311 2017 338 2052 se
352 2009 402 2052 stet
414 2015 444 2049 ec
456 1998 524 2051 sedet
528 2017 539 2059 ς
549 1996 622 2069 qnod
633 2013 740 2050 necesse
751 1998 803 2058 fuit
814 2001 840 2050 in
852 2008 976 2068 transtris,
985 2002 1012 2053 in
1023 2005 1097 2069 usui,
1107 2021 1142 2055 ne

94 2095 169 2134 rnatu
180 2093 308 2134 vertatur.

130 2208 197 2258 Nor.
213 2205 272 2276 ¹49·
283 2203 352 2277 Quid
352 2203 436 2277 petis?
446 2203 480 2254 Ut
491 2203 593 2254 nummi
601 2221 664 2276 quos
674 2201 716 2256 lic
723 2203 868 2275 quincunce
876 2205 989 2259 modesto
998 2204 1141 2261 Nutrieras.

97 2318 131 2327 —
144 2287 215 2357 Quid
225 2286 310 2358 petis?
320 2297 361 2336 tot
372 2283 428 2336 edis
440 2285 539 2335 itineris
553 2282 737 2349 incommoda,
754 2281 827 2354 quoti
845 2284 951 2336 tandem
962 2284 998 2336 ob
1012 2287 1144 2356 pretium?

97 2397 131 2406 -
141 2367 176 2418 Ut
187 2367 289 2418 nummi
299 2382 362 2437 quos
373 2377 428 2426 etc;
437 2364 542 2434 poetica
554 2375 592 2414 est
601 2362 761 2433 periphrasis
773 2364 926 2434 exquisitior
938 2382 1030 2434 quam:
1042 2366 1144 2416 nummi

96 2448 175 2518 positi
187 2448 217 2497 in
235 2447 346 2499 foenore.
356 2475 392 2486 -
401 2444 468 2505 Hic,·
482 2445 510 2495 iit
524 2442 604 2508 urbe,
618 2443 646 2493 in
665 2443 729 2494 otio.
742 2445 853 2512 -Quos
865 2444 1004 2504 nutrieras;
1023 2445 1060 2496 sic
1072 2443 1143 2516 apud

98 2527 187 2578 Horat.
198 2523 310 2596 Epistol.
322 2525 347 2592 l,
360 2523 405 2594 18,
415 2522 464 2576 35:

415 2643 751 2702 ...mumanlienospercet

99 2757 180 2829 Quod
190 2761 311 2826 nutritur,
318 2761 435 2832 pascitur
446 2761 517 2830 capit
530 2761 734 2819 incrementum
747 2771 810 2829 ergo
823 2759 957 2826 nutrieras,
966 2775 1016 2828 pro
1023 2775 1144 2810 auxerre.

100 2871 136 2880 -
147 2842 294 2911 spineum
307 2841 435 2902 modesto;
456 2841 563 2910 proprie
575 2839 724 2911 quincunx,
737 2840 855 2910 quinque
871 2841 970 2902 uncioe,
987 2839 1039 2890 sire
1057 2853 1145 2910 partes

101 2923 177 2985 assis,
194 2923 236 2994 qni
252 2919 393 2974 constabat
407 2918 549 2971 duodecim
560 2919 651 2970 unciis.
668 2920 761 2972 Omnis
777 2930 865 2970 autern
875 2919 968 2972 divisio
981 2919 1022 2970 vel
1036 2918 1146 2971 aliarum

99 3019 187 3052 rernm
203 3001 381 3072 peragebatur
393 2999 544 3052 nominibus
558 3000 673 3069 partiunt
687 3000 764 3066 asur,
776 3001 811 3050 ita
825 3012 855 3051 ut
869 2996 895 3049 h.
914 2996 932 3050 l.
946 2999 1079 3073 quincunx
1091 3017 1146 3050 non

102 3083 133 3133 sit
145 3081 259 3152 quinque
270 3081 367 3146 uncie,
384 3079 431 3131 sed
445 3080 560 3152 quinque
575 3079 690 3144 nummi,
708 3092 737 3130 ut
749 3080 826 3131 vertit
845 3079 1037 3142 Gasaubouus;
1051 3080 1146 3150 quinos

101 3179 148 3231 pro
161 3161 279 3212 centenis
289 3155 452 3211 lucrifacere
465 3160 616 3230 quotannis.
624 3189 660 3198 -
669 3159 781 3211 modesto
787 3181 796 3220 ,·
806 3158 908 3211 videtur
917 3159 1051 3232 quincunx
1059 3158 1146 3210 ioenus

104 3240 180 3294 inisse
191 3241 312 3312 pecuniae
324 3237 476 3304 modicum,
488 3238 566 3311 quale
577 3251 669 3311 posset
679 3240 745 3310 exigi
753 3241 782 3290 in
793 3239 867 3292 urbe.

230 3316 244 3342 ⁸

133 3365 191 3410 vsu.
204 3364 266 3410 nio.
286 3364 384 3428 Perqant
401 3363 478 3409 anuos
490 3363 574 3408 sudare
593 3363 699 3409 deunces.
711 3365 785 3410 —Sie
801 3363 880 3409 terunt
898 3363 973 3409 Mus,
986 3366 1032 3409 mei
1051 3363 1148 3412 Codices

106 3444 195 3487 onsuest
207 3436 241 3480 tic
254 3433 336 3495 legant
348 3435 464 3484 editorum
476 3433 633 3480 laudatissimi.
646 3433 721 3479 Habet
730 3449 787 3480 vcro
802 3433 880 3480 Codex
891 3435 1007 3480 Puteanus
1019 3446 1043 3481 et
1050 3437 1148 3483 Codices

106 3505 227 3561 Nemini,
243 3518 336 3568 tresque
348 3506 397 3562 alii,
412 3517 435 3552 et
446 3505 517 3552 editio
533 3521 561 3551 ex
575 3505 666 3552 Gallicis
676 3507 831 3553 vetustissima
845 3521 851 3551 :
866 3507 1050 3570 peraqontavr'do
1066 3508 1149 3554 sudate

107 3575 203 3622 sicienter¹
214 3578 294 3623 Potest
304 3577 363 3624 terri
373 3587 472 3638 nti-aque
482 3575 566 3622 berum
574 3574 713 3631 lectionum,
723 3577 755 3622 sit
763 3577 926 3632 Ceseubonus‚
935 3577 976 3622 sed
987 3592 1038 3638 quar
1048 3593 1077 3624 ex
1085 3591 1150 3626 utre·

109 3659 150 3706 que
159 3657 213 3693 sunt
221 3646 297 3692 mixte
309 3662 390 3693 omnes
401 3644 559 3708 repudiendis.

139 3761 202 3812 Nor.
217 3761 276 3813 150.
287 3763 404 3833 Perqant
413 3759 502 3812 auidos
512 3759 601 3812 nudare
610 3759 726 3812 deunces.
735 3787 769 3798 -
779 3761 894 3831 Perqant
901 3759 992 3811 sudare
999 3758 1151 3829 simpliciter

111 3839 262 3908 protum,
270 3840 347 3890 aiunt
355 3840 450 3910 Koeniq
458 3837 677 3901 etCesanbo'nns3
688 3835 843 3889 crediderim
850 3853 911 3889 vero
920 3837 1027 3890 subesse
1035 3837 1150 3908 aliquam

112 3919 159 3968 rins
169 3917 230 3970 hnic
242 3919 303 3970 roci
310 3929 433 3994 perqann
447 3919 522 3989 qussi
535 3917 644 3970 dixisset
657 3920 789 3984 nitentur,
801 3917 975 3983 contendant,
987 3917 1148 3988 perveniant.

110 4026 144 4038 -
159 3999 291 4060 Beuum,-
308 4000 326 4052 i.
341 4017 364 4052 e.
385 3999 494 4069 singulis
513 4001 588 4052 annis
608 3997 729 4052 undenos
752 4015 821 4052 esses
838 4017 888 4070 pro
909 4000 1034 4052 centenis.
1052 3996 1151 4049 Sudore
