3026 4944
399 495 568 562 samua
592 500 756 564 PRIMA.
1064 529 1101 570 21

76 621 223 706 Plorabit,
238 625 298 717 qui
309 645 365 690 me
376 623 466 690 volet
478 627 672 692 incurvasse
684 607 830 720 querela.

117 772 157 783 -
166 732 224 800 Sed
237 735 390 800 numeris
402 732 503 801 decor
514 751 565 802 est
577 751 611 802 et
617 733 781 826 junctura
789 736 902 806 addita
915 739 1037 810 crudis.

79 884 120 895 —
128 843 282 912 Claudere
295 846 344 911 sic
356 867 490 912 versum
500 844 632 912 didicit:
647 847 910 934 «Berecynthius
923 851 1032 934 Attin,

82 987 93 1014 ι
104 961 138 1022 Et
146 958 199 1048 qui
210 952 402 1022 Caeruleum
413 954 591 1023 dirimebat
602 961 709 1024 Nerea
720 956 867 1052 Delphin
877 986 885 1043 ;

78 1067 145 1134 .sic
155 1081 284 1132 costam
295 1063 398 1156 longo
409 1062 631 1133 subduximus
644 1069 831 1158 Apennino.
850 1099 863 1128 ι
1074 1085 1107 1152 9⁵

71 1183 156 1243 laus
165 1199 286 1256 rrauu,
297 1199 411 1242 noune
423 1173 487 1242 hoc
498 1199 699 1268 spumosum
711 1193 745 1245 et
756 1181 878 1246 cortice
889 1181 1027 1272 pingui?

71 1291 111 1354 Ut
121 1283 245 1352 ramale
255 1301 351 1352 vetus
362 1283 553 1376 praegrandi
565 1286 686 1354 subere
698 1303 844 1356 coctum.

69 1398 229 1483 Quidnam
240 1400 342 1490 igitur
354 1413 522 1478 tenerum,
535 1413 569 1466 et
580 1397 655 1466 laxa
667 1403 797 1468 cervice
808 1399 1008 1494 legendum?

74 1541 85 1567 a
96 1514 202 1576 Torva
214 1507 439 1577 Mimalloneis
451 1508 637 1602 implerunt
647 1534 776 1579 cornua
786 1513 937 1596 bombis,

74 1624 134 1686 aEt
144 1637 280 1712 raptum
292 1617 398 1687 vitulo
407 1635 509 1712 caput
519 1618 673 1688 ablatura
685 1621 831 1714 superbo
1060 1653 1108 1690 ιοο

73 1734 253 1812 ιΒεεεειήε,
267 1749 301 1798 et
313 1730 448 1825 lyncem
460 1736 588 1798 Maenas
600 1729 731 1799 flexura
743 1735 932 1826 corymbis,

72 1845 196 1909 eEvion
208 1844 409 1932 ingeminat:
422 1839 619 1933 reparabilis
631 1859 768 1909 assonat
782 1842 883 1912 Echo.
898 1875 911 1904 s

69 1958 141 2022 Haec
153 1953 291 2035 fierent,
304 1955 332 2020 si
344 1950 488 2020 testiculi
500 1975 586 2019 vena
598 1951 669 2020 ulla
680 1957 812 2044 paterni

69 2069 197 2132 Viveret
207 2068 242 2132 in
255 2063 372 2131 nobis?
383 2086 515 2130 summa
527 2060 687 2132 delumbe
698 2063 804 2134 saliva

69 2182 135 2244 lloc
145 2179 286 2244 natatio
297 2175 415 2272 labris,
428 2179 508 2242 etin
521 2175 588 2244 udo
599 2192 651 2244 est
662 2178 783 2246 Moenas
795 2195 829 2246 et
839 2183 954 2264 Attin,
1063 2195 1111 2246 105

69 2437 170 2502 portas
181 2425 213 2483 in
224 2423 365 2485 humero.
383 2425 445 2502 Qui
455 2425 589 2486 voluerit
600 2447 650 2487 me
662 2425 793 2507 querelis
803 2447 1013 2501 commovere,
1025 2447 1111 2485 veras

70 2519 208 2580 effundet
220 2521 385 2604 lacrymas,
397 2545 496 2603 usqne
508 2523 650 2583 dolorem
660 2527 747 2604 quasi
764 2525 904 2584 recitabit
919 2545 973 2606 per
988 2536 1111 2583 noctem

70 2620 237 2680 accuratius
246 2622 463 2704 compositum.

101 2737 150 2796 92.
166 2715 250 2777 Mor.
265 2718 301 2776 At
310 2719 395 2777 enim
408 2739 526 2793 versus,
539 2719 593 2800 qui
604 2719 691 2801 prius
703 2731 791 2778 erant
803 2719 953 2800 incompti
966 2731 996 2778 ct
1007 2715 1112 2790 rudes,

71 2813 172 2875 lecore
182 2829 215 2874 et
225 2816 434 2875 concinnitate
450 2837 532 2876 nova
549 2837 633 2876 nunc
650 2830 813 2877 ornantur.
832 2851 872 2862 —
888 2819 975 2877 Pers.
995 2813 1112 2876 Scilicet

71 2932 164 2973 ’scens
177 2915 340 2973 inventum
352 2927 396 2974 est
407 2911 532 2995 hujusce
544 2915 630 2974 modi
642 2936 745 2975 versus
757 2913 888 2997 lingere:

507 3049 528 3062 ..
539 3050 545 3062 .
556 3011 760 3084 berecynthius
772 3013 861 3075 Attin,

204 3091 237 3142 Et
252 3093 298 3160 qui
312 3090 451 3144 ceruleum
464 3091 605 3144 dirimebat
618 3094 703 3144 Nerea
715 3089 847 3163 Delphin

204 3169 247 3221 Sic
261 3183 362 3222 costam
375 3169 456 3241 longo
470 3170 643 3223 subduximus
655 3171 804 3243 Apennino.

73 3257 194 3316 'tarmen
208 3256 435 3338 virgilianum,
451 3278 514 3339 pree
526 3258 610 3330 istis,
623 3278 732 3317 nonne
743 3277 789 3316 res
800 3269 846 3316 cst
855 3255 924 3315 vilis
935 3270 971 3314 ut
984 3274 1112 3336 spuma,

73 3353 187 3432 tinguis
207 3366 242 3412 ut
260 3373 376 3413 crassus
394 3352 515 3414 cortex?
533 3355 634 3414 Immo
651 3345 826 3412 etiam-vilis
842 3364 877 3411 ut
891 3353 999 3410 vetusti
1018 3351 1112 3422 rami,

74 3452 223 3533 aquibus
237 3465 334 3512 exstat
345 3452 436 3512 suber
454 3450 643 3534 praegrandis
662 3450 725 3512 sole
740 3465 771 3510 et
786 3464 924 3532 tempore
939 3461 1111 3510 concoctus.

74 3550 142 3626 laid
156 3563 263 3610 autem
275 3564 320 3609 est
331 3549 425 3611 molle
442 3571 476 3610 ac
493 3547 676 3610 delicatum?
686 3548 769 3626 Quid
787 3547 928 3630 estquod
943 3549 1047 3608 recites
1061 3567 1111 3606 su-

75 3650 151 3709 ›inus
164 3663 197 3709 et
208 3650 325 3709 cervice
337 3647 481 3709 blandius
493 3645 621 3729 rejecta?
633 3648 708 3707 llaec
719 3669 830 3729 nempe
842 3648 995 3708 carmina:

204 3749 290 3800 Torva
303 3747 478 3800 Mimalloneis
490 3746 632 3818 implerunt
643 3765 743 3798 cornua
755 3746 874 3812 bombis,

205 3829 237 3878 m
250 3841 355 3900 raptum
367 3829 448 3880 vitulo
460 3841 540 3902 capnt
550 3827 671 3879 ablatura
683 3828 797 3900 superbo

204 3911 334 3974 Bassaris,
348 3921 374 3959 et
385 3907 487 3981 lyncem
498 3909 597 3960 Maenas
610 3909 707 3960 llexura
722 3906 871 3981 corymbis,

204 3991 288 4043 Evion
301 3992 459 4060 ingeminum
474 3989 628 4062 reparabilis
641 4003 749 4042 assonat
759 3988 842 4041 Echo.

76 4095 107 4136 m
119 4077 221 4137 simile
233 4077 408 4159 quidquam
420 4078 614 4151 scriberetur,
627 4078 652 4135 si
665 4076 742 4157 quid
753 4077 981 4137 retinuissemus
993 4075 1111 4152 paterni

78 4175 196 4256 igoris?
208 4177 251 4236 lli
261 4197 366 4236 versus
380 4175 468 4235 fracti
481 4187 511 4236 et
521 4173 658 4234 elumbes
667 4175 795 4234 summis
804 4173 900 4232 labris
910 4171 1112 4228 innascuntur
