3148 4950
334 371 397 434 532
522 369 582 430 DE
607 291 699 432 SA'l.
725 307 1183 447 Luctnttsttoltnt'tl,

330 499 410 578 bat,
437 511 471 563 et
495 492 614 562 exindo
635 496 741 586 magis
770 515 857 560 vana
885 491 1073 561 eruditione
1100 509 1202 588 atque
1235 497 1373 562 Asiatico

331 627 462 676 tumore
482 603 534 674 vel
553 600 752 696 jejunitatc,
777 619 915 672 ornatus
933 601 1113 671 verborum
1135 602 1374 697 phrasiumque

329 721 473 810 aucupio
487 732 520 785 et
533 719 730 799 variatione,
744 712 854 783 servili
868 717 1048 782 imitatione
1059 713 1201 782 aliorum
1213 732 1246 782 et
1258 715 1374 806 frigida

331 830 493 896 sermonis
508 825 678 909 ubertate,
696 827 929 894 transitionem
944 823 1084 892 audacia
1098 842 1132 892 et
1149 827 1375 893 inversionum

331 938 465 1017 duritie,
491 933 662 1004 dialectico
683 937 922 1004 sententiarum
944 937 1096 1004 acumine
1117 959 1297 1030 rerumque
1318 936 1385 1003 ob-·

332 1051 490 1118 scuritate
511 1063 544 1114 et
568 1046 839 1139 amplificatione,
865 1048 1170 1138 comparationum,
1194 1045 1374 1136 figurarum

334 1178 574 1254 troporumque
604 1155 816 1224 multitudine
839 1173 873 1224 et
897 1155 1095 1240 insolentia,
1119 1157 1300 1226 verborum
1321 1155 1376 1224 vel

333 1275 547 1366 antiquorum
570 1265 861 1363 obsoletoruntque
884 1272 1086 1351 sectatione,
1110 1267 1165 1338 vel
1192 1268 1374 1362 vulgarium

330 1379 491 1476 perplexa
504 1394 690 1468 structura,
706 1374 941 1444 declamatoria
953 1380 1095 1446 vanitate
1106 1394 1140 1445 et
1155 1376 1291 1471 prolixis
1305 1381 1375 1445 sine

331 1516 433 1560 succo
447 1515 487 1558 ac
501 1491 664 1582 sanguine
678 1487 978 1580 disputationibus,
997 1513 1100 1584 quam
1113 1507 1241 1558 naturae
1254 1487 1377 1584 simpli-

331 1605 429 1670 citate
441 1625 482 1668 ac
499 1617 690 1676 venustate,
713 1601 858 1690 genuino
876 1599 1074 1669 urbanitatis
1091 1603 1303 1694 veritatisque
1320 1623 1375 1667 oo—

331 1710 421 1793 lore,
438 1707 531 1780 nullo
551 1709 627 1776 fuco
649 1705 749 1790 illito,
774 1711 896 1798 ingenii
920 1706 1070 1776 ubertate
1093 1725 1193 1803 atque
1215 1707 1378 1800 elegantia

333 1819 479 1915 quadarn
488 1815 688 1898 admirabili,
700 1819 900 1884 inventionis
911 1817 1159 1910 pulchritudine
1169 1841 1210 1886 ac
1220 1819 1375 1900 novitate,

333 1932 516 2021 imaginum
528 1929 683 2006 veritate,
697 1941 731 1992 et
741 1929 945 2018 proprietate
960 1931 1201 1996 sententiarum
1212 1951 1251 1995 ac
1262 1925 1377 1995 verbo-

333 2066 429 2122 rum,
455 2041 642 2132 argumenti
668 2039 832 2131 exquisito
853 2035 983 2106 delectu
1006 2055 1039 2106 et
1059 2043 1141 2108 scita
1163 2041 1375 2121 tractatione,
1429 2096 1440 2104 .

334 2165 411 2244 apta
424 2151 509 2217 serie
522 2165 555 2215 et
563 2145 780 2214 collocatione
792 2169 906 2214 rerum
919 2163 952 2214 et
962 2149 1120 2216 orationis
1130 2147 1174 2216 ad
1187 2172 1241 2216 aas
1253 2171 1378 2216 acoom

333 2259 524 2328 modatione
536 2255 779 2326 continebatur.
795 2261 875 2324 Haec
888 2259 1035 2350 corrupti
1049 2259 1212 2327 sermonis
1228 2255 1374 2340 indoles,

333 2369 406 2436 haec
432 2385 603 2435 oratorum
629 2379 871 2458 poetarumque
899 2367 1027 2448 oratio,
1056 2381 1279 2434 consentanea
1308 2381 1378 2433 erat

334 2482 433 2572 genio
455 2477 543 2545 illins
569 2477 651 2556 evi,
670 2499 737 2570 quo
763 2476 917 2544 homines
933 2479 968 2544 in
993 2475 1064 2544 dies
1091 2480 1196 2569 magis
1214 2503 1234 2544 a
1258 2493 1377 2544 natura

335 2589 558 2668 recedebant,
589 2610 773 2680 eorumque
801 2589 933 2679 ingenia
959 2611 1027 2655 non
1055 2585 1198 2681 amplius
1230 2586 1377 2680 diligenti

334 2703 529 2768 Graecorum
549 2695 690 2763 lectione
709 2713 742 2762 et
759 2713 915 2764 accurata
930 2697 1086 2765 humanae
1106 2713 1235 2766 naturoe
1252 2721 1377 2764 rerum-

334 2836 400 2906 que
417 2809 604 2902 cognitione
617 2805 807 2887 alebantur,
822 2806 881 2874 sed
893 2813 1183 2901 grammaticorum
1194 2808 1379 2878 rhetorum·

335 2915 616 3017 que,stolid0rum
628 2913 826 3012 plerumque
837 2919 944 2986 inanis
954 2918 1112 2988 doctrinae
1124 2935 1377 3002 ostentatorum,

333 3030 540 3099 institutione
554 3040 759 3118 praepostera
778 3040 812 3092 et
830 3026 965 3095 assidua
978 3025 1188 3096 declamandi
1205 3028 1378 3096 recitandi-

335 3164 401 3234 que
415 3135 657 3208 consuetudine
669 3136 900 3205 formabantur
911 3154 930 3202 ¹.

374 3343 395 3376 ι.
406 3325 491 3395 Digna
502 3337 564 3376 sunt
576 3341 632 3394 quse
641 3327 766 3394 juvenum
777 3341 836 3374 cau·
881 3343 939 3376 rom
949 3339 1051 3377 tumore
1064 3341 1090 3378 et
1099 3329 1286 3379 sententiarum
1294 3329 1379 3380 venis·

335 3423 364 3457 sa
389 3402 573 3455 adscribantur
602 3401 684 3454 verba
711 3403 834 3454 Petronii.
881 3407 946 3456 simo
972 3405 1082 3474 strepitu
1103 3405 1155 3457 hoc
1172 3419 1274 3457 tantum
1294 3406 1378 3477 proli-

334 3484 433 3536 Confer
459 3482 538 3552 hujus
559 3483 610 3534 Sat.
634 3483 662 3532 in
686 3484 834 3552 principio:
880 3485 1379 3554 ciunt,ut,quutninforumvenerint,

339 3588 349 3610 ι
366 3563 436 3615 Num
458 3561 509 3614 ulio
529 3580 625 3632 genere
646 3561 771 3612 furiarum
790 3561 837 3612 de·
881 3575 974 3634 putent
985 3565 1048 3616 sein
1061 3564 1140 3615 alium
1151 3577 1278 3616 terrarum
1289 3563 1379 3616 orbem

336 3645 493 3696 clamatores
514 3645 708 3714 inquietantur,
726 3645 771 3714 qui
787 3641 837 3695 cla·
881 3640 990 3694 delatos.
1006 3644 1039 3694 Et
1054 3641 1112 3694 ideo
1130 3662 1180 3711 ego
1197 3643 1380 3696 adolescentu-

335 3737 407 3778 mant
425 3747 431 3774 :
448 3725 508 3776 Hac
527 3721 634 3774 vulnera
653 3741 701 3793 pro
716 3722 836 3774 libertate
881 3720 920 3772 los
935 3723 1054 3774 existimo
1063 3724 1091 3773 in
1103 3721 1201 3774 scholis
1213 3722 1378 3775 stultissimos

335 3803 443 3878 publica
457 3803 565 3874 excepi,
580 3801 651 3852 huuc
663 3799 768 3852 oculum
786 3821 835 3872 pro
881 3799 950 3864 fieri,
963 3802 1022 3870 quia
1035 3799 1098 3853 nibil
1113 3821 1143 3853 ex
1157 3803 1203 3866 iis,
1216 3822 1273 3874 que
1289 3806 1314 3854 in
1328 3820 1379 3854 usu

334 3885 408 3936 vobis
428 3880 546 3954 impendi
554 3884 565 3920 l
623 3883 681 3931 Hac
698 3882 755 3951 ipsa
772 3880 836 3931 tole·
879 3877 1021 3942 habemus,
1033 3879 1210 3946 autaudiunt,
1224 3881 1378 3944 autvident3

334 3962 429 4016 rabilia
442 3974 542 4026 essent,
561 3962 582 4011 si
602 3959 636 4010 ad
653 3959 834 4030 eloquentiam
879 3956 926 4008 ted
940 3959 1039 4028 pirates
1058 3977 1119 4009 cum
1141 3961 1240 4012 catenis
1257 3962 1283 4011 in
1301 3959 1379 4011 litore

333 4043 408 4094 rtorls
427 4044 495 4094 viam
510 4039 645 4090 facerent:
662 4056 733 4089 nune
753 4051 779 4090 et
796 4058 834 4088 re·
881 4051 979 4090 stantes
992 4053 1017 4090 et
1029 4051 1153 4110 tyrannos
1166 4039 1249 4092 edicta
1260 4039 1378 4092 scribon·
1405 4039 1407 4044 ’
