3116 4934
355 483 419 550 582
759 481 993 546 PERSlANA

391 613 439 672 5ο.
453 612 671 690 Summumque
683 629 801 691 qmvem
814 619 910 668 noum
924 607 1171 689 lmefiunqimus
1185 629 1255 670 sota.
1268 643 1305 653 —
1318 609 1388 668 Sub·

348 707 453 790 jungit
468 707 630 780 Horatius,
644 704 697 766 lib.
713 705 756 780 11,
771 705 830 768 od.
849 726 901 788 17,
914 725 958 766 vs.
975 699 1031 779 πάι

731 821 1016 883 ......Telotisimpio

536 892 620 940 Tutela
628 895 742 950 Saturno,
755 891 871 955 refulgent

531 966 638 1028 Eripuit.
650 999 669 1010 ..
679 998 685 1009 .
694 997 716 1011 ..

393 1099 441 1159 51.
460 1100 562 1158 Nescio
577 1096 673 1179 quod,
691 1109 764 1157 cette
777 1109 833 1172 est,
845 1095 923 1176 quod
935 1116 981 1156 me
992 1094 1044 1156 tibi
1058 1109 1212 1178 temperat,
1228 1109 1344 1158 mmm.
1359 1133 1392 1143 —

352 1198 389 1258 ln
403 1196 541 1280 Epistola
556 1197 596 1257 ed
609 1195 731 1257 lulium
746 1195 889 1270 Florum,
905 1215 948 1256 vs.
968 1195 1041 1277 187:

538 1345 585 1390 Seis
594 1345 696 1400 θοιιὶιιι,
706 1342 784 1389 nutele
793 1357 871 1390 eomes
879 1344 920 1405 qui
929 1353 1043 1406 tempent
1051 1354 1147 1390 uuum.

392 1473 441 1531 52.
454 1467 540 1531 Mille
554 1469 707 1531 hominum
718 1471 823 1552 species
829 1515 839 1544 ‚
851 1481 880 1529 et
888 1490 982 1528 rerum
995 1465 1117 1528 discolor
1128 1491 1211 1528 usto:
1228 1466 1309 1529 Velle
1318 1489 1394 1528 suum

350 1571 454 1650 cuique
472 1581 529 1645 est,
547 1590 600 1628 nec
619 1582 683 1628 voto
698 1569 805 1627 vivitur
818 1588 885 1627 uno.
903 1601 943 1612 —-
958 1567 1077 1626 Horum
1098 1586 1244 1626 versuum
1262 1566 1337 1627 alter
1352 1587 1395 1625 su·

350 1663 487 1748 perfluus
506 1678 536 1724 et
548 1665 612 1724 sine
629 1685 720 1725 causa
731 1662 869 1739 additus;
886 1683 950 1722 non
968 1665 1052 1722 enim
1063 1663 1111 1722 bis
1121 1662 1203 1722 idem
1215 1661 1306 1737 dicit,
1318 1661 1395 1744 quod

351 1765 384 1823 in
399 1759 542 1845 AEschylo
560 1764 696 1823 comicus
720 1759 932 1844 reprehendit3
956 1760 1006 1821 sed
1028 1773 1075 1820 ter
1089 1777 1251 1842 quaterve3
1272 1783 1337 1821 non
1359 1761 1397 1819 ita

350 1863 516 1936 Horatius3
538 1863 592 1944 qui
613 1875 814 1944 posteaquam
834 1859 1037 1921 universalem
1055 1859 1168 1920 thesim
1188 1862 1310 1942 posuit,
1331 1861 1397 1942 Quot

351 1961 480 2042 capitum
491 1963 605 2034 vivunt,
617 1959 734 2021 totidem
742 1958 900 2020 studiorum
912 1959 1026 2033 Miltia,
1040 1960 1142 2018 statim
1155 1958 1194 2019 ad
1204 1957 1398 2041 particularia

352 2056 489 2139 exempla
503 2057 623 2115 transit.

392 2151 440 2227 54.
468 2151 616 2212 Mercibus
639 2149 686 2212 tic
713 2149 794 2210 italis
820 2163 915 2212 mutat
937 2150 990 2212 sub
1014 2149 1083 2212 Sole
1110 2153 1224 2211 secerni.
1248 2185 1287 2196 -—
1307 2150 1398 2210 Satira
1505 2205 1506 2208 ,

351 2261 462 2330 quarta
483 2248 556 2309 libri
579 2251 688 2332 primi,
703 2270 746 2311 vs.
759 2269 815 2329 29:

537 2403 580 2449 liic
590 2411 665 2448 mutat
673 2416 762 2450 meroes
772 2411 878 2465 tergente
887 2416 900 2445 s
910 2401 975 2456 Sole,
987 2401 1017 2446 ed
1026 2415 1081 2448 eum
1089 2415 1139 2463 quo

540 2472 676 2534 Vespertine
685 2483 750 2534 tepet
759 2473 829 2533 regio.

393 2603 440 2664 58.
463 2602 514 2664 lile
535 2607 573 2664 ln
597 2605 737 2666 Venerem
762 2618 802 2665 est
821 2608 920 2686 putris.
942 2637 981 2649 -
999 2602 1141 2678 Flaccus,
1167 2603 1229 2664 ode
1251 2604 1290 2665 36
1311 2603 1396 2686 primi

352 2701 406 2761 lib.
423 2702 624 2777 carminum,
638 2723 681 2761 vs.
701 2723 755 2783 17:

618 2811 703 2856 Omnes
713 2812 735 2855 in
748 2809 852 2856 Damalin
862 2820 943 2873 putres

619 2883 743 2942 Deponent
752 2879 840 2926 oculos.

392 3012 442 3072 63.
458 3013 557 3074 Cultor
568 3015 648 3072 enim
664 3033 693 3072 es
696 3009 859 3094 juvenum,
873 3024 1011 3094 pueyatas
1024 3015 1124 3072 inseris
1141 3033 1226 3072 aures
1243 3018 1348 3096 que.
1363 3045 1396 3056 -

354 3108 492 3190 Epistola
508 3114 627 3191 prima,
640 3108 694 3169 lib.
710 3109 738 3185 l,
753 3130 795 3168 vs.
811 3129 847 3190 7:

539 3263 578 3310 Est
587 3261 644 3308 mihi
652 3273 772 3327 purgatam
782 3260 865 3310 crebro
873 3263 914 3327 qui
924 3273 1034 3326 persomt
1043 3277 1133 3309 eurem.

263 3412 264 3418 ν
358 3377 455 3439 Paulo
470 3391 558 3461 post,
571 3398 615 3439 vs.
629 3376 686 3454 40:

540 3512 641 3560 culture
650 3515 775 3578 patientem
784 3513 916 3562 commodet
925 3529 1015 3562 mrem.

395 3642 444 3704 66.
460 3646 550 3726 Quasi
571 3666 712 3728 maenum
725 3647 835 3727 Nempe
852 3645 929 3708 diem
942 3643 1058 3708 donas?
1072 3681 1110 3694 -
1124 3647 1222 3709 Satira
1235 3661 1344 3728 quarte
1365 3643 1395 3702 li-

354 3739 402 3802 bri
420 3741 530 3820 primi,
544 3762 587 3804 vs.
606 3763 659 3802 10:

779 3874 864 3890 ......
876 3843 941 3905 sepe
951 3841 1064 3890 ducentos

543 3913 693 3973 Ulmegnnm
704 3927 782 3958 versus
791 3909 901 3960 dictabat.
978 3913 981 3926 '

396 4063 444 4126 77·
463 4045 585 4125 Vam,
604 4057 633 4105 et
648 4041 751 4127 lippus·
771 4081 809 4092 -
827 4049 918 4107 Amet
930 4047 1077 4106 Horatius
1089 4042 1137 4108 his
1160 4043 1287 4106 vocibus
1306 4039 1394 4102 animi
1435 4071 1436 4076 κ

353 4138 430 4198 vitia
443 4139 634 4220 significare,
649 4155 684 4200 ut
695 4141 792 4203 Satira
803 4145 902 4224 prima
912 4155 942 4203 et
955 4142 1039 4204 alibi.
1051 4145 1153 4204 Danu
1166 4140 1275 4204 servile
1286 4155 1393 4200 nomen
