3026 4944
386 418 424 484 16
694 421 732 482 A.
758 417 916 484 Pnnsll
941 420 1108 485 FLacct

377 544 561 618 Auricnlis.
574 543 696 640 quibus
709 561 743 612 et
753 542 844 612 dicas
856 561 932 612 cute
943 544 1113 637 perditus,
1127 547 1214 614 ohe?

379 697 425 709 -
435 663 510 744 Quo
522 655 693 739 didicisse,
706 658 771 723 nisi
782 655 847 723 hoc
859 656 1077 740 fermentum,
1089 675 1122 726 et
1132 681 1208 752 quae
1216 657 1321 726 semel
1330 661 1422 730 intus

378 773 500 836 Innata
511 764 812 858 est,rupt0jecore
823 768 940 835 exierit
951 766 1148 858 caprificus?
1386 781 1421 835 25

376 915 424 928 -—
435 881 485 944 En
498 874 606 969 pallor
617 877 829 969 seniumque!
843 899 863 942 o
875 883 1000 943 mores!
1015 876 1262 971 usqueadeone

377 987 466 1056 Scire
477 1003 575 1052 tuum
587 983 669 1052 nihil
681 1001 747 1066 est,
760 986 868 1052 uisite
881 987 966 1053 scire
977 985 1042 1052 hoc
1055 988 1136 1052 sciat
1146 985 1253 1054 alter?

375 1137 423 1148 -
434 1103 476 1164 At
487 1095 667 1190 pulchrum
680 1111 732 1162 est
741 1093 846 1186 digito
859 1099 1053 1176 monstrari,
1067 1112 1100 1164 et
1111 1095 1232 1181 dicier,
1244 1095 1299 1166 hic
1311 1105 1377 1167 est!

276 1187 280 1196 ⁸
376 1205 458 1276 Ten'
471 1210 669 1274 cirratorum
680 1223 818 1274 centum
829 1206 952 1275 dictata
963 1208 1066 1275 fuisse

376 1322 440 1384 Pro
452 1315 557 1384 nihilo
568 1315 730 1409 pendasi’.
741 1367 765 1382 ..
780 1320 922 1386 -Ecce
935 1317 1324 1413 interpoculaqnaerunt
1383 1335 1419 1389 3ο

240 1447 248 1458 ·
374 1426 561 1496 Romulidas
573 1429 693 1509 saturi,
704 1425 785 1521 quid
796 1425 849 1494 dia
863 1445 1017 1520 poemata
1028 1444 1176 1498 narrent.

374 1540 437 1606 Hic
447 1537 585 1632 aliquis,
598 1540 652 1604 cui
664 1539 790 1604 circum
802 1537 961 1606 humeros
973 1538 1191 1632 hyacinthina
1202 1539 1288 1608 laena
1300 1555 1364 1622 est,

373 1647 597 1716 Rancidulum
609 1644 770 1740 quiddam
785 1647 883 1716 balba
895 1647 937 1716 de
949 1673 1029 1717 nare
1040 1649 1189 1735 locutus,

373 1758 559 1853 Phyllidas,
572 1758 792 1852 Hypsipyles,
806 1775 921 1826 vatum
933 1778 966 1828 et
976 1759 1139 1854 plorabile
1150 1763 1179 1830 si
1190 1760 1289 1856 quid,

372 1871 569 1966 Eliquat,et
581 1886 697 1938 tenero
709 1869 904 1962 supplantat
915 1872 1016 1939 verba
1026 1871 1149 1964 pelato.
1381 1885 1415 1938 ³5

372 1989 553 2050 Assensere
564 1984 645 2063 viri;
659 2004 751 2048 nunc
762 2005 831 2048 non
843 1983 928 2049 cinis
940 1981 996 2050 ille
1007 1999 1115 2076 poetae

372 2092 483 2161 Felix?
494 2114 564 2160 non
575 2089 680 2159 levior
691 2093 811 2184 cippus
824 2115 916 2162 nunc
927 2095 1090 2186 imprimit
1100 2097 1198 2161 ossa?

371 2271 442 2311 rans
452 2253 600 2312 intercute
610 2249 753 2334 superbia
760 2248 860 2310 dicere
869 2253 1002 2332 cogaris,
1013 2250 1086 2327 ohe,
1096 2252 1217 2313 satisest
1224 2252 1411 2314 landum?-

369 2349 454 2410 Mon.
474 2348 558 2426 Quid
572 2361 673 2409 autem
685 2347 775 2428 juvet
787 2347 962 2408 doctrinam
977 2351 1175 2430 conquirere,
1194 2352 1253 2410 nisi
1272 2350 1412 2413 doctrina

369 2443 424 2505 illa
436 2446 519 2506 intus
532 2457 680 2526 concepta
694 2457 836 2526 erumpat
848 2443 987 2526 disrupto
1001 2443 1119 2526 jecore,
1138 2448 1355 2528 perveniatque
1373 2449 1411 2510 ad

369 2541 460 2620 alios,
472 2556 507 2603 ut
518 2541 704 2602 fermentum
716 2541 802 2622 quod
815 2541 974 2617 exuberat,
988 2555 1023 2601 ut
1034 2541 1245 2618 ficussterilis,
1258 2565 1341 2624 quae,
1358 2545 1410 2605 ubi

368 2639 460 2703 semel
472 2643 579 2701 innata
591 2653 635 2700 est
645 2641 727 2700 intra
738 2627 866 2721 parietes
876 2684 884 2714 ,
895 2641 952 2699 sibi
961 2641 1046 2700 viam
1056 2644 1168 2722 aperit,
1178 2643 1298 2724 exitque
1311 2643 1350 2704 ad
1359 2664 1411 2703 au·

368 2759 427 2798 ras.
439 2771 478 2782 -
490 2739 579 2818 reas.
598 2736 646 2796 En
664 2737 760 2816 igitur
778 2755 834 2795 cur
859 2735 946 2796 libris
966 2736 1168 2818 impallescis?
1184 2739 1218 2798 in
1236 2737 1297 2799 hoc
1317 2741 1410 2821 igitur

367 2832 574 2895 consenuisti?
591 2853 610 2892 o
625 2835 712 2915 pravi
727 2853 827 2893 mores
836 2833 851 2891 !‘
861 2833 964 2916 Usque
976 2834 1093 2895 adeone
1104 2836 1244 2897 doctrina
1256 2848 1311 2896 tua
1325 2837 1409 2900 nulla

366 2931 462 3009 foret,
471 2933 530 2992 nisi
538 2930 590 2992 alii
598 2929 795 2991 scirenthanc
803 2951 865 2991 esse
873 2919 1273 2993 intedoctrinaml—Mon.
1281 2935 1408 2996 dtenim

366 3028 537 3112 gloriosum
558 3043 620 3102 est,
645 3021 669 3088 si
687 3039 718 3087 te
735 3026 834 3109 digito
852 3027 1012 3110 designent
1033 3041 1244 3104 transeuntes,
1265 3044 1299 3088 ut
1316 3031 1408 3090 virum

365 3147 450 3210 quem
459 3151 471 3202 ‚-
491 3127 515 3185 si
532 3125 636 3186 dicant
653 3124 691 3184 de
702 3137 750 3199 te,
770 3123 819 3184 hic
836 3124 887 3185 ille
898 3137 950 3185 est
963 3126 1045 3186 Num
1060 3138 1095 3184 tu
1107 3123 1198 3184 nihili
1210 3145 1271 3184 esse
1283 3137 1372 3205 punse
1382 3125 1406 3186 si

366 3227 476 3308 scripta
486 3239 540 3285 tua
549 3222 689 3284 dictitent
701 3224 734 3283 in
746 3222 857 3284 scholis
867 3225 1004 3306 magistri
1017 3222 1160 3304 plurimis
1169 3222 1327 3282 nobilibus
1336 3222 1408 3284 edo·

363 3319 606 3383 lescentibusl...
617 3357 655 3366 —
666 3323 753 3383 Pans.
764 3322 841 3382 Ecce
850 3323 947 3382 nostri
958 3333 1099 3404 proceres
1106 3320 1202 3380 saturi
1210 3335 1322 3401 rogant
1328 3321 1406 3380 inter

363 3419 477 3504 pocula
487 3419 562 3500 quid
572 3433 744 3480 memorent
752 3421 873 3502 egregia
883 3421 1019 3480 carmina
1028 3419 1233 3500 poetarum‚i.
1244 3439 1270 3477 e.
1281 3419 1407 3478 reciten-

363 3535 416 3582 tnr
422 3521 627 3604 rogant'l'um
635 3519 836 3579 convivarum
844 3517 1131 3598 aliquiscoenatoria
1138 3514 1225 3575 molli
1231 3515 1406 3576 vesteindu·

361 3633 411 3679 tus
421 3613 1192 3697 colorisviolecei‚balbutiens‚etpraelatiunculam
1199 3612 1404 3692 nescioquam

354 3716 503 3800 'putidam
513 3715 698 3799 premissam
710 3715 881 3775 recitationi
890 3712 1011 3773 locutus
1020 3733 1037 3772 e
1046 3733 1136 3786 naso,
1144 3710 1241 3784 clara,
1251 3723 1404 3790 quantum

360 3809 1053 3898 valet‚etliqnidavocerecitatPhyllidas‚aut
1062 3805 1403 3893 Hypsipyles,aut=nliat

359 3913 512 3997 quaslibet
528 3912 715 3996 lacrymosas
729 3924 891 3993 poetarum
907 3907 1051 3992 elegeias,
1070 3922 1101 3969 et
1118 3902 1197 3968 in'ter
1208 3903 1400 3966 recitandum

359 4013 453 4073 verba
470 4011 572 4073 mollit
589 4011 766 4092 frangitque
783 4008 887 4092 palato
906 4006 1014 4070 leniter
1030 4005 1162 4066 illidens.
1182 4002 1321 4064 Probent
1336 3999 1400 4062 hec

360 4129 474 4189 magno
487 4128 636 4168 consensu
648 4106 814 4166 auditores.
831 4105 908 4186 Age,
922 4124 1028 4165 nonne
1043 4114 1089 4162 est
1104 4113 1196 4183 poeta
1211 4097 1298 4174 felix,
1315 4109 1400 4180 poste
