3116 4934
583 339 827 404 urrs'rom.
1164 344 1229 432 5⁵9

177 465 357 546 prostabant
374 463 489 546 passim
503 463 665 546 Virgilius,
686 465 830 540 Ovidius,
848 465 944 526 etalii
959 469 1138 550 scriptores,
1159 491 1228 530 cunr

169 551 371 639 ¹comment03
390 561 442 621 sed
458 573 580 642 postea,
599 582 692 641 quarn
714 561 869 643 politiores
880 560 975 622 literae
998 561 1105 624 florere
1122 567 1230 647 coepis-

176 675 243 719 sent
262 704 270 734 ,
289 660 415 720 cedente
438 660 551 720 sensim
575 659 736 736 barbarie,
753 681 823 741 quae
844 675 1017 722 commenta
1032 664 1169 744 primurn
1187 668 1229 724 vi·

177 759 300 832 deram,
320 779 355 817 ea
376 757 436 816 dici
452 759 673 817 commentaria
687 753 886 841 eoepta'sunt.
907 760 953 820 Sic
972 760 1080 838 multi,
1099 765 1151 842 qui
1171 764 1228 823 sibi

176 854 294 935 aliquid
313 875 377 936 prae
394 855 510 914 caeteris
533 875 638 936 sapere
658 855 860 932 videbantur,
881 858 1133 918 existimaverunt
1155 861 1230 940 ista,

176 967 351 1012 commenta
364 951 493 1011 barbare
506 950 583 1024 dici,
598 953 819 1011 commentaria
832 953 943 1013 Latine
953 954 1138 1036 appellanda
1156 980 1162 1014 :
1179 957 1228 1016 sed

177 1048 288 1108 vellem
307 1061 411 1108 tamen
436 1067 511 1127 ego,
533 1062 583 1121 ut,
607 1048 661 1126 qui
686 1049 766 1107 inter
786 1049 916 1109 audaces
937 1051 1009 1110 istos
1023 1051 1230 1113 emendatores

104 1215 108 1224 ,
176 1147 349 1207 eruditione
359 1145 558 1228 praecellunt,
572 1143 763 1220 docuissent,
782 1147 866 1236 unde
877 1147 991 1222 sciant,
1008 1154 1230 1210 commentaria

178 1241 228 1302 hic
241 1243 350 1302 rectius
361 1241 440 1319 dici,
460 1247 556 1322 quam'
575 1255 758 1303 commenta.
776 1241 937 1302 Veteribus
953 1243 1102 1322 librariis,
1120 1249 1231 1328 quibus

176 1355 299 1400 strenue
316 1341 423 1400 omnia
440 1340 588 1422 perdendi
609 1355 766 1400 summum
782 1342 918 1402 studium
936 1343 1028 1404 fuisse
1046 1343 1178 1424 diceres,
1196 1369 1231 1407 ex

177 1454 352 1502 commento
373 1441 648 1515 commentarium,
670 1461 704 1499 ac
725 1461 761 1500 ex
781 1444 1004 1503 commentario
1022 1460 1231 1506 commentum

178 1539 280 1598 lacere
292 1537 381 1598 facile
393 1538 471 1598 fuit:
485 1539 543 1620 ipsi
555 1540 734 1619 interpretes
749 1537 936 1622 scriptorum
951 1539 1143 1619 alienorum,
1157 1565 1233 1626 quo·

178 1633 274 1694 modo
295 1657 363 1696 suas
381 1635 583 1719 expositiones
602 1635 789 1723 appellarint
807 1633 869 1697 hoc
895 1658 953 1698 nos
976 1641 1151 1718 quar-imus.
1168 1641 1233 1700 Pri·

178 1733 298 1792 scianus
318 1731 400 1792 libro
420 1744 502 1792 sexto
522 1755 529 1791 ι
548 1734 668 1793 Servius
685 1735 719 1792 in
738 1746 916 1794 commento
929 1735 1065 1816 Virgilii.
1080 1739 1119 1797 Et
1136 1737 1231 1818 paulo

179 1842 248 1912 post
266 1851 272 1886 :
291 1829 411 1888 Servius
433 1829 467 1888 iu
493 1833 719 1890 commentario
740 1832 823 1890 tertii
847 1828 920 1890 libri
947 1832 1120 1912 virgiliani.
1145 1833 1230 1894 ldem

178 1926 261 1986 libro
284 1925 417 1987 decimo.
441 1928 562 1986 Servius
585 1928 619 1985 in
640 1929 867 1988 commentario
888 1929 1041 1990 AEneidos.
1066 1932 1113 1990 lta
1134 1931 1230 1991 modo

179 2037 410 2099 commentum,
422 2023 518 2084 modo
537 2027 798 2084 commentarium
815 2047 862 2085 res
877 2026 984 2086 eadem
1003 2029 1085 2112 apud
1103 2028 1232 2090 Priscia-

179 2146 276 2202 num,
302 2127 469 2206 antiquum
490 2138 520 2185 et
542 2124 679 2185 nobilem
698 2128 955 2206 grammaticum,
975 2128 1156 2212 appellatur.
1179 2129 1232 2190 Est

179 2237 283 2282 autem
298 2224 498 2283 Commeatum
513 2223 634 2305 proprie
646 2243 693 2282 res
707 2224 851 2301 invento,
868 2225 1038 2305 excogitata
1051 2225 1178 2304 callide,
1197 2249 1232 2288 ac

179 2319 250 2380 fieta
269 2345 275 2380 :
296 2320 380 2380 unde
400 2333 430 2380 et
448 2321 578 2381 verbum
599 2323 788 2380 commentari
806 2342 865 2403 pro
885 2323 1034 2399 invenire,
1053 2328 1231 2406 excoqiture,

171 2420 307 2502 finqere:
321 2434 352 2479 at
364 2421 441 2480 sicut
454 2407 666 2480 commentum
684 2440 741 2502 pro
759 2422 949 2503 expositione
965 2424 1096 2485 auctoris
1112 2424 1231 2485 dictum

180 2533 240 2593 est,
255 2521 301 2578 uti
311 2518 518 2593 ostendimus,
534 2520 578 2578 ita
593 2520 686 2579 etiam
704 2519 764 2579 hoc
781 2521 978 2580 commentari
995 2542 1052 2602 pro
1071 2543 1126 2599 eo,
1146 2525 1229 2605 quod

180 2630 224 2676 est
234 2630 463 2684 commentum,
479 2618 542 2676 sive
558 2617 816 2676 commentarium
832 2615 946 2694 facere,
963 2632 993 2678 et
1009 2620 1230 2702 interpretatio-

181 2736 252 2774 nem
267 2735 454 2797 componere
475 2717 508 2774 in
523 2716 704 2795 scriptorem
723 2715 875 2796 aliquem,
890 2715 1021 2796 legimus
1038 2731 1230 2801 usurpatum.

180 2811 274 2872 dulus
295 2811 428 2888 Gellius,
451 2810 504 2869 lib.
528 2812 570 2870 lll
592 2833 599 2869 :
619 2811 749 2872 Sabinus
768 2811 921 2888 medicus,
938 2813 992 2893 qui
1014 2814 1231 2896 Hippocratem

180 2907 427 2968 commodissime
442 2921 669 2967 commentatus
681 2921 741 2982 est,
755 2905 803 2966 his
815 2909 916 2968 verbis
928 2911 1091 2969 enarravit.
1107 2913 1145 2969 Et
1157 2910 1231 2970 hinc

181 3009 397 3066 Commentator
416 3026 472 3086 pro
491 3006 660 3086 interprete
680 3021 710 3064 et
724 3006 893 3065 commenti
908 3008 1069 3088 scriptore,
1087 3007 1232 3090 frequens

181 3104 214 3160 in
230 3102 325 3159 Servii
337 3102 579 3161 commentariis.
594 3101 687 3178 Quod
700 3121 774 3180 ergo
788 3101 850 3160 fuit
865 3105 898 3161 in
910 3104 1114 3183 antiquissimi
1131 3126 1230 3164 exeru-

181 3198 274 3280 plaris
292 3196 381 3255 titulo
401 3212 628 3272 commentum,
645 3198 739 3279 siquis
760 3199 864 3256 minus
886 3199 1013 3279 probet,
1034 3199 1066 3258 id
1091 3201 1124 3258 in
1150 3221 1231 3260 com·

181 3295 367 3355 mentarium
384 3294 466 3355 illico
479 3308 617 3368 mutare,
632 3293 710 3352 mihi
728 3314 794 3353 non
810 3293 874 3353 leve
891 3296 992 3354 visum
1007 3310 1051 3356 est
1067 3297 1229 3378 flagitium.
