3148 4950
340 431 403 517 472
539 423 655 489 AULt
681 423 836 488 Pssnsn
862 421 1029 487 FLAGCI
1055 425 1178 488 vth.

338 554 415 614 serio
430 561 617 632 repeterent,
634 567 689 608 uec
709 545 929 627 intelligerent,
946 565 982 604 ex
999 547 1083 605 varia
1094 545 1234 606 codicum
1248 546 1387 606 lectione

337 646 573 731 grammaticum
585 646 791 726 nescioquem
807 641 883 704 iliud
898 643 1064 704 somniasse
1074 655 1094 705 ¹.
1105 669 1119 700 a

674 797 705 848 A.
718 799 750 848 U.
764 795 792 848 C.
807 793 854 847 sn
867 835 874 862 ,
889 793 987 848 Christi
999 796 1047 860 58,

790 884 873 935 Persii
889 883 930 950 24.
1045 885 1046 890 ’

377 1027 481 1087 Floret
496 1028 530 1087 L.
546 1029 626 1086 Anu.
644 1027 773 1098 Seneca,
792 1044 913 1106 magne
934 1024 1036 1086 laudis
1055 1021 1276 1107 philosophus,
1289 1045 1391 1106 quem

337 1145 404 1186 sero
414 1125 560 1204 cognovit
575 1123 707 1198 Persius,
717 1143 780 1184 non
791 1124 834 1182 its
843 1137 949 1185 tamen
961 1137 996 1183 ut
1007 1133 1166 1205 caperetur
1176 1120 1405 1204 ejusiugenio.¹

674 1278 704 1328 Δ.
717 1278 750 1328 U.
764 1278 794 1328 C.
807 1277 875 1342 816,
891 1275 986 1331 Christi
999 1278 1049 1342 δα,

791 1364 871 1416 Persii
886 1365 929 1417 28.

379 1507 511 1566 Decessit
523 1506 641 1566 Persius
654 1505 700 1569 vel
712 1507 856 1588 septimo,
875 1503 922 1565 vel
934 1519 1042 1565 octavo
1053 1524 1138 1564 anno
1157 1503 1276 1585 imperii
1291 1503 1394 1562 Nero-

341 1603 404 1676 nis,
417 1615 560 1662 octavum
574 1622 667 1682 agens
684 1615 715 1662 et
732 1601 910 1662 vicesimum
926 1619 1063 1674 anuum,
1078 1619 1143 1658 non
1159 1613 1262 1659 autem
1277 1597 1394 1657 tricesi-

341 1717 447 1772 mum,
463 1713 497 1758 ut
508 1699 551 1757 ait
565 1711 672 1758 auctor
686 1699 764 1758 Vitoe
776 1697 933 1758 iuvenalis
946 1717 999 1778 per
1013 1717 1110 1756 annos
1121 1694 1261 1774 digestoe3
1281 1710 1316 1752 ut
1333 1713 1394 1774 per

340 1813 486 1854 numeros
497 1793 587 1854 facile
600 1793 705 1874 liquet.
720 1795 755 1855 P.
770 1795 871 1854 Mario
883 1793 987 1868 Celso,
1001 1795 1036 1852 L.
1050 1793 1155 1852 Asinio
1167 1792 1257 1852 Gallo
1274 1811 1394 1852 consu-

341 1888 431 1950 libus.

683 2027 762 2078 Persii
777 2027 911 2092 amicitia,
924 2025 1043 2091 indoles,

818 2130 908 2184 opera.

384 2253 505 2313 Amicos
523 2254 643 2314 Persius
660 2251 773 2314 habuit
792 2275 810 2314 a
829 2255 930 2336 prima
944 2251 1148 2314 adolescentia
1169 2251 1301 2312 Cesium
1319 2251 1395 2309 Bas·

343 2370 411 2410 sum
422 2357 452 2426 ¹,
465 2364 496 2411 et
510 2352 661 2411 Annaeum
676 2353 854 2428 Lucanum,
868 2370 960 2433 quem
978 2371 1032 2432 per
1047 2349 1221 2408 Cornutum
1237 2367 1396 2428 cognove-

343 2461 408 2524 rat,
426 2462 546 2531 poetas,
566 2469 702 2530 quorum
714 2449 767 2509 ille
780 2447 928 2532 lyricum,
943 2446 993 2507 hic
1013 2449 1134 2529 epicum
1153 2466 1277 2528 poeseos
1293 2465 1394 2524 genus

343 2558 489 2626 sequutus
507 2558 561 2606 est.
578 2547 652 2606 Erat
664 2547 802 2621 Persius,
816 2561 851 2606 ut
863 2545 997 2606 auctoris
1013 2543 1076 2625 ejus
1097 2542 1165 2610 vitae
1184 2539 1284 2601 verbis
1301 2555 1393 2616 utar,

347 2661 499 2702 umorum
521 2641 767 2716 leuissirnorum,
787 2640 947 2722 virginalis
966 2639 1030 2698 fere
1050 2637 1260 2712 verecundiae,
1280 2636 1392 2696 formae

344 2737 498 2820 pulchre,
522 2757 711 2821 summeque
731 2739 853 2821 pietatis
874 2738 907 2798 in
929 2750 1077 2810 matrem,
1094 2754 1246 2812 sororem,
1267 2748 1297 2794 et
1315 2734 1395 2793 ami·

383 2936 405 2972 1.
416 2919 481 2972 vius
497 2934 589 2972 auctor
600 2931 724 2989 praterea
736 2915 847 2971 bache·
890 2931 953 2970 tam.
971 2917 1053 2970 Addit
1068 2932 1212 2990 pmterea:
1234 2917 1313 2968 «Etsi
1329 2936 1394 2969 vero

345 2997 846 3068 bete-Huncipsumlibrumimperfe-
890 3013 991 3050 certum
1015 3011 1071 3065 est,
1097 3009 1169 3050 recte
1192 2999 1273 3049 Persii
1295 2996 1394 3048 librum

345 3089 417 3128 ctnnr
427 3075 646 3146 reliquit.Versus
656 3075 738 3147 ntiqui
747 3075 847 3148 dempti
891 3077 970 3130 hodie
986 3080 1012 3130 in
1033 3095 1080 3131 sax
1095 3080 1187 3130 satiras
1205 3076 1346 3147 distingui3
1366 3078 1395 3129 iu

345 3165 408 3208 suut
423 3153 517 3206 ultimo
531 3153 608 3220 libri,
622 3169 650 3207 ut
669 3157 743 3227 qussi
758 3158 846 3210 linitus
891 3158 1079 3228 antiquissimis
1112 3169 1199 3208 tomen
1237 3155 1397 3208 membranis

346 3246 423 3285 esset.
448 3233 550 3286 Leviter
571 3237 720 3287 retractavit
744 3236 848 3288 Coruu-
892 3237 969 3289 aliam
984 3235 1179 3290 distinctionem
1191 3237 1396 3288 invenimus:in

346 3325 405 3377 tus,
422 3324 472 3364 etc.
486 3337 497 3362 ι
519 3313 560 3366 Sic
576 3313 632 3366 huc
646 3316 758 3368 Reitaius
777 3314 848 3368 exhi·
892 3315 982 3380 multis
993 3318 1063 3367 enirn
1073 3313 1209 3367 codicibus
1221 3317 1339 3386 quinque
1349 3331 1397 3365 so·

346 3387 419 3455 butt,
434 3408 491 3461 quta
508 3391 581 3444 aliter
596 3391 667 3463 apud
686 3393 767 3459 alios,
781 3413 848 3446 sem·
892 3395 945 3446 lum
957 3397 1042 3447 satira
1056 3409 1242 3460 numerantur,
1255 3407 1349 3466 quarta
1358 3393 1397 3444 ad

345 3487 394 3541 per
410 3480 499 3521 tamen
514 3473 550 3522 its
567 3470 702 3540 leguntur,
715 3486 745 3524 nt
760 3472 847 3525 nullus
893 3476 996 3526 tertiam
1020 3473 1165 3546 adjuncta:
1190 3473 1218 3525 in
1236 3473 1396 3546 quibusdam

346 3563 439 3600 sensus
459 3546 570 3601 idonens
593 3549 654 3602 iude
674 3549 732 3602 elici
754 3554 846 3621 possit.
892 3555 1035 3606 continuus
1047 3567 1087 3606 est
1100 3571 1167 3606 unus
1177 3551 1258 3620 iiber,
1271 3551 1343 3605 nulls
1356 3571 1398 3604 ss-

347 3626 475 3678 Coeterum
485 3625 849 3701 bocitauouesseoccipieu-
892 3633 1002 3684 tirsrum
1032 3631 1100 3682 facta
1124 3630 1301 3684 distinctione.
1327 3631 1397 3683 Saue

346 3703 426 3771 dum,
438 3707 592 3780 quasinunc
605 3711 683 3760 satira
694 3723 766 3760 sextu
777 3727 848 3760 msu-
894 3711 1053 3777 Priscianus,
1068 3723 1149 3781 atque
1167 3709 1211 3761 alii
1229 3711 1397 3781 grammatici

347 3797 379 3835 ca
398 3785 446 3848 sit,
459 3802 516 3854 quoe
535 3785 628 3855 procul
644 3785 726 3837 dubio
747 3788 849 3856 integra
894 3790 994 3859 antiqui
999 3829 1008 3855 ,
1023 3791 1127 3859 quoties
1137 3789 1255 3840 Persium
1269 3788 1398 3855 laudaut,

346 3875 405 3928 est,
435 3865 491 3932 J'aur
522 3862 694 3916 Casaubonus
726 3866 847 3927 monnit;
891 3867 986 3919 librum
1004 3868 1156 3934 nominant,
1172 3887 1227 3920 non
1243 3872 1397 3922 satirasnu-

345 3941 471 4014 idemque
482 3945 625 4011 existimat,
638 3963 728 3997 versus
738 3944 797 3998 ilios
805 3944 850 3998 ds·
892 3960 1027 4018 metent-⁸
1406 4001 1408 4005 ,

345 4018 412 4073 letos
425 4021 460 4074 ad
469 4043 565 4076 novam
575 4027 681 4078 satiram
691 4025 847 4096 pertinuisse
931 4025 1005 4078 a.'De
1017 4025 1069 4076 hoc
1082 4025 1143 4078 virle
1158 4044 1215 4098 quas
1227 4025 1320 4080 notata
1333 4037 1397 4078 sunt

346 4098 497 4154 inchoatam
516 4115 619 4155 tantum
639 4121 688 4154 nec
707 4102 770 4156 dum
791 4103 848 4156 fini·
894 4104 927 4156 ad
941 4104 994 4158 Sat.
1009 4106 1052 4156 Vl.
