3148 4950
379 522 444 601 534
571 525 631 589 DE
654 524 747 600 SAT.
773 525 979 604 LUClLll,
1004 526 1225 605 HORATll,

377 667 509 717 mortuo
526 645 799 740 divulgabantur,
821 673 922 744 quam
940 649 985 717 oh
1005 675 1141 718 causam
1160 649 1264 718 libere
1284 668 1398 743 poterat

376 756 536 839 scribere,
549 758 712 853 quidquid
721 759 905 850 indignatio
916 759 1068 828 dictaret.
1079 760 1250 830 luvenalis
1262 761 1358 844 nulli,
1369 781 1400 830 ut

376 871 552 951 Horatius,
567 869 842 963 philosophorum
860 888 959 939 sectae
971 871 1035 938 fuit
1053 869 1204 942 addictus
1214 889 1243 954 ¹,
1259 897 1319 941 nec
1333 873 1401 940 infe

377 980 445 1046 rior
466 979 599 1070 ingenio
620 1005 660 1048 ac
684 983 835 1073 superior
855 979 968 1047 forsan
989 983 1153 1076 exquisita
1172 1005 1282 1049 rerum
1304 987 1402 1075 cogni·

376 1093 468 1159 tione
481 1106 583 1186 atque
596 1091 764 1168 doctrina,
781 1091 840 1160 sed
854 1091 1028 1162 affectator
1045 1117 1300 1188 nonnumquam
1316 1099 1401 1176 artis,

261 1285 264 1293 Ι
378 1225 480 1295 quam
496 1203 553 1272 diu
571 1202 814 1297 diligenterque
832 1207 865 1272 in
888 1204 1059 1272 rhetorum
1076 1201 1197 1272 scholis
1214 1221 1401 1273 exercuerat.

379 1310 472 1380 ldem
486 1337 555 1381 non
572 1315 704 1382 funesta
721 1309 848 1382 tantum
869 1313 1061 1408 reipublicae
1072 1331 1224 1407 tempora
1239 1314 1337 1397 vidit,
1354 1315 1404 1381 sed

377 1422 484 1493 felicia
497 1449 632 1520 quoque
644 1476 652 1506 ‚
665 1425 787 1519 quibus
799 1447 838 1492 ea
850 1447 891 1492 ex
905 1424 1063 1492 diuturno
1079 1429 1174 1518 quasi
1191 1424 1336 1493 morboa
1353 1431 1404 1491 Ve

379 1540 533 1630 spasiano
545 1539 691 1630 primum
705 1561 745 1604 ac
755 1539 851 1617 Tito,
865 1553 900 1604 et
914 1533 1036 1604 deinde
1049 1561 1069 1603 a
1083 1539 1209 1619 Nerva,
1229 1533 1367 1630 Trojano
1379 1553 1407 1602 et

379 1648 566 1730 Hadriano,
583 1648 737 1717 remediis
752 1647 920 1715 interdum
934 1647 1239 1716 vehementioribus
1255 1663 1405 1725 recreata,

379 1759 535 1828 omnibus
553 1760 622 1828 lere
641 1758 792 1852 partibus
811 1757 980 1826 convaluit
997 1783 1005 1824 t
1022 1756 1112 1824 unde
1131 1760 1250 1824 satiras
1269 1781 1406 1852 quoqne,

380 1891 463 1960 quas
477 1865 611 1959 juvenis
628 1871 806 1959 scripserat
817 1885 851 1934 et
863 1864 919 1932 diu
940 1888 982 1932 ne
997 1865 1129 1933 modico
1144 1865 1281 1960 quidem
1297 1864 1409 1933 audito-

380 1981 429 2045 rio
441 1981 648 2047 committere
659 2001 762 2045 ausus
775 1991 862 2054 erat,
877 1993 947 2042 tum
959 1978 995 2042 in
1005 1974 1125 2068 vulgus
1136 1992 1208 2044 tuto
1220 1975 1336 2057 edere,
1347 1991 1408 2042 tum

379 2088 514 2182 politius
526 2088 642 2156 limare
656 2093 772 2182 potuit.

428 2197 476 2266 Ex'
489 2199 556 2282 his,
573 2224 648 2296 quae
663 2198 706 2268 de
718 2200 942 2295 temporibus,
956 2202 1112 2292 ingeniis,
1128 2198 1248 2268 studiis
1264 2199 1410 2267 moribus

381 2333 447 2402 que
461 2312 606 2390 Horatii,
623 2314 725 2382 Persii
737 2327 771 2378 et
781 2309 951 2379 luvenalis
964 2304 1127 2392 diximus,
1139 2308 1300 2380 facile'vel
1313 2307 1409 2400 colligi

380 2419 435 2488 vel
449 2419 606 2512 explicari
623 2438 766 2515 possunt
776 2424 918 2490 virtutes
927 2436 961 2488 et
971 2419 1181 2506 vitiosorum
1193 2436 1264 2486 tam
1278 2443 1410 2487 commu·

381 2533 454 2611 nia,
469 2555 573 2624 quam
584 2534 688 2601 cuivis
701 2535 853 2625 propria,
867 2553 944 2625 quae
955 2553 1047 2597 nunc
1065 2530 1183 2599 eadem
1196 2529 1355 2598 brevitate
1366 2551 1409 2594 re·

334 2691 340 2703 .
381 2642 603 2710 censebimus.
766 2650 770 2659 '

426 2753 624 2822 Triumviris
638 2749 773 2846 quidem
786 2751 851 2828 illis
866 2751 1042 2819 consilium
1060 2771 1242 2818 commune
1263 2765 1333 2818 erat
1344 2770 1410 2815 cum

382 2860 537 2928 omnibus
553 2863 659 2954 poetis
672 2863 809 2928 satiricis
821 2887 828 2926 ε
840 2875 874 2928 et
888 2860 1009 2929 docere
1023 2875 1057 2928 et
1068 2856 1235 2928 delectare
1247 2877 1412 2952 moresque

382 2971 558 3039 hominum
571 2987 733 3064 tanquam
745 2973 779 3038 iu
794 2973 881 3064 picta
895 2969 1010 3041 tabula
1023 2969 1240 3054 adumbrare,
1262 2971 1320 3040 sed
1334 2969 1413 3036 varia

382 3085 528 3161 ratione,
544 3105 606 3173 pro
618 3097 809 3173 temporum
821 3083 1100 3175 ingeniorumque
1111 3081 1319 3162 diversitate,
1330 3101 1413 3147 oona·

381 3191 514 3258 bantur.
528 3195 613 3258 Nam
627 3193 764 3284 Augusti
777 3209 894 3272 aetate,
909 3189 1009 3260 rebus
1021 3190 1133 3259 adhuc
1146 3191 1228 3260 laetis
1239 3209 1274 3259 et
1285 3189 1412 3284 imperio

382 3299 579 3396 legibusque
601 3300 804 3391 vigentibus,
826 3300 935 3369 ridere
958 3299 1098 3383 licebat;
1121 3303 1263 3392 Neronis
1286 3323 1361 3368 vero
1385 3311 1414 3362 et

382 3412 561 3477 Domitiani
577 3411 800 3504 temporibus,
813 3434 919 3503 quum
931 3411 1043 3477 omnia
1057 3433 1194 3502 pessum
1211 3412 1316 3490 irent,
1329 3408 1412 3473 vitia-

330 3535 333 3540 ·
383 3545 449 3614 que
462 3523 497 3588 in
510 3525 669 3615 praecipiti
684 3517 755 3614 jam
772 3537 897 3590 starent
910 3538 948 3587 et
959 3519 1092 3590 acribus
1108 3538 1168 3588 aut
1182 3520 1334 3590 violentis
1350 3541 1415 3608 ege·
1527 3505 1528 3532 ¹

383 3645 459 3697 rent
479 3629 634 3700 remediis
650 3631 733 3718 (vid.
756 3630 909 3698 Juvenal.
926 3635 953 3711 l,
977 3629 1018 3713 45
1042 3655 1113 3724 seq.
1131 3633 1174 3698 63
1197 3655 1267 3727 seq.
1293 3633 1334 3722 73
1353 3651 1414 3718 scq-

389 3745 449 3828 ¹⁴l'l
464 3761 532 3834 seq.
546 3747 595 3823 ll,
618 3741 658 3808 25
673 3764 743 3834 seq.
762 3763 822 3807 121
841 3765 909 3832 seq.
928 3741 989 3808 162
1005 3765 1073 3836 seq.
1089 3745 1147 3822 111,
1165 3741 1339 3832 150,seq.),
1354 3737 1415 3803 risu

383 3871 503 3943 parum
517 3851 765 3944 proficiebatur,
778 3866 811 3917 et
822 3851 918 3941 probi
932 3852 1158 3944 sapientisque
1170 3849 1315 3918 hominis
1328 3867 1415 3916 meus

384 3959 568 4052 angebatur
579 3960 709 4043 dolore,
728 3963 786 4054 qui
801 3960 859 4027 diu
873 3958 1006 4052 alteque
1020 3983 1157 4052 pressus
1171 3957 1214 4027 ad
1229 3953 1416 4049 indignatio-

386 4089 463 4135 nem
484 4087 518 4140 et
538 4073 622 4138 iram
643 4069 890 4139 exardescebat.
918 4075 1081 4140 Praeterea
1101 4070 1230 4137 Horatii
1254 4067 1414 4160 ingenium
1448 4068 1450 4072 ”
1527 4139 1528 4162 3

424 4217 445 4250 1.
458 4202 517 4253 vid.
530 4206 620 4254 Horat.
630 4206 712 4276 Epist.
724 4209 748 4271 l,
761 4223 787 4271 r,
800 4207 831 4257 13
842 4225 879 4278 sq.
895 4218 921 4258 et
932 4205 1050 4264 lormal.
1065 4205 1139 4270 Xlll,
1158 4221 1201 4256 ror
1219 4223 1257 4274 sq.
1310 4239 1313 4245 -
