3148 4950
433 419 591 486 PERSll
616 420 678 484 ET
703 421 720 487 J
731 407 984 489 uvnNan‘ls.
1170 425 1234 516 527

180 569 242 638 per
265 541 484 615 ambitionem
507 560 608 639 atque
632 547 819 636 potentiam
838 545 987 616 audendi
1004 549 1237 646 perdendique

181 658 312 740 omnia,
329 652 438 726 donoc
458 653 560 724 adea
578 659 813 748 perveniretur
831 675 1002 752 tempora,
1021 663 1145 755 quibus
1161 671 1239 756 per·

180 769 240 838 diti
249 785 352 863 atque
361 766 529 861 profligati
543 766 697 836 homines
705 793 775 839 non
788 769 933 863 amplius
941 771 995 840 vel
1006 775 1084 842 vitia
1100 799 1172 858 sua,
1181 777 1237 849 vel

180 879 348 960 remedia,
361 901 438 973 quae
450 876 570 946 morbo
583 875 721 972 quidem
737 878 1003 964 adhibebantur,
1018 882 1078 952 sed
1091 885 1235 958 salutem

181 989 401 1070 minuebant,
427 991 496 1080 pati
519 1005 694 1080 poterant,
718 1005 778 1060 aut
800 989 887 1058 ferre
912 991 1119 1078 libertatem,
1141 1021 1235 1090 quae,

182 1101 522 1198 quumassaesariano
533 1097 613 1166 inde
628 1101 900 1194 Pompeianoque
919 1101 1009 1172 bello
1027 1102 1070 1170 ad
1086 1129 1236 1197 pugnam
1286 1135 1291 1156 ··

182 1219 352 1286 Actiacam
375 1210 428 1278 vel
451 1212 635 1306 septimum
659 1214 802 1303 Augusti
823 1212 1039 1290 consulatum
1057 1215 1150 1284 velut
1167 1243 1239 1289 mo-

182 1331 272 1396 riens
286 1323 449 1396 reluctata
468 1338 557 1392 esset
572 1320 782 1406 dominatui,
797 1322 936 1392 tandem
953 1327 983 1392 ei
1002 1327 1121 1398 cedere
1140 1353 1233 1423 cogo·

184 1439 293 1509 batur.
307 1436 452 1510 Romani
462 1435 570 1516 cives,
584 1437 642 1528 qui
658 1434 761 1516 olim,
776 1435 940 1529 quamdiu
954 1435 1067 1508 adbuc
1077 1444 1238 1534 parsimo

183 1551 249 1618 nise
263 1547 521 1642 paupertatique
537 1543 647 1615 honos
664 1561 819 1630 steterat,
835 1546 1049 1640 disciplinam
1066 1575 1236 1638 severam,

184 1664 318 1752 inopem
333 1656 523 1753 duramque
535 1660 657 1738 vitam,
674 1653 839 1748 justitiam
857 1657 1009 1753 aliasque
1025 1661 1165 1738 virtutes
1182 1688 1237 1732 co-

183 1771 338 1854 luerant,
357 1769 437 1844 iude
455 1795 476 1838 a
489 1751 625 1839 Sullana
644 1785 742 1838 atate
759 1793 864 1862 opum
880 1785 915 1838 et
932 1774 1238 1850 conservandarum

184 1900 218 1950 et
238 1881 554 1976 profundendarum
577 1879 773 1973 inexplebili
793 1898 896 1974 atque
917 1884 1038 1951 insana
1056 1883 1238 1976 cupiditate

183 1992 602 2086 ardebant3mulieresqne
613 2017 682 2063 nou
691 1995 804 2065 minus
815 1995 960 2086 turpiter
969 1995 1127 2065 vivebant
1136 2022 1239 2092 quam

184 2108 257 2174 viri.
273 2109 423 2175 Censura
434 2103 598 2172 nonsatis
614 2126 733 2172 severa
746 2117 819 2170 erat
832 2117 892 2170 aut
904 2101 1039 2187 efficax,
1057 2121 1091 2172 et
1107 2107 1240 2177 institu-

183 2219 229 2286 tio
246 2214 431 2285 liberorum
451 2237 629 2306 perversa,
654 2211 848 2280 hominibus
872 2237 962 2307 saepe
981 2214 1151 2284 vilissimis
1167 2232 1239 2286 tur·

184 2329 399 2420 pissimisqne
413 2323 534 2394 tradita
549 2340 583 2392 et
596 2349 614 2390 a
629 2323 826 2416 parentibus
840 2324 894 2392 vel
908 2324 1009 2418 plane
1021 2326 1173 2417 neglecta
1186 2326 1238 2396 vel

183 2441 296 2532 pravis
313 2440 472 2508 vitiorum
484 2434 646 2528 exemplis
663 2451 835 2527 corrupta.
854 2439 971 2504 Cicero
989 2461 1060 2504 non
1077 2461 1147 2504 uno
1162 2437 1238 2510 loco

184 2549 339 2643 deplorat
354 2571 540 2629 summam,
559 2547 595 2612 in
616 2569 720 2639 quam
737 2547 848 2638 prima
866 2561 948 2614 aetas
967 2570 1028 2614 sua
1046 2545 1237 2629 incidisset,

185 2660 473 2755 perturbationem
498 2657 684 2750 disciplinae
699 2660 840 2740 vetoris,
859 2674 929 2726 tam
951 2656 1115 2749 publicae,
1135 2683 1238 2754 quem

186 2775 342 2864 privatae,
365 2794 445 2844 cum
466 2793 534 2863 qua
558 2765 802 2861 rempublicam
831 2771 1086 2863 potentiamque
1115 2775 1237 2846 Roma-

187 2907 308 2952 norum
318 2897 352 2950 et
361 2883 492 2954 stetisse
502 2897 537 2950 et
545 2879 705 2950 cecidisse
715 2882 951 2973 sapientissimi
961 2881 1022 2948 viri
1027 2877 1237 2972 judicarunt,

186 3010 220 3060 et
239 2996 274 3062 in
292 2996 385 3062 Orat.
403 3016 466 3084 pro
484 2990 587 3066 Coelio
605 3015 634 3061 c.
660 3017 718 3080 17,
735 2993 976 3061 continentiam
992 2989 1072 3061 dicit
1087 2988 1239 3085 aliasque

185 3101 419 3184 Camillorum,
433 3103 676 3183 Fabriciorum,
686 3103 933 3195 Curiorumque
946 3103 1086 3168 virtutes
1102 3125 1171 3174 nou
1186 3125 1239 3171 so·

186 3212 259 3286 lum
273 3236 341 3279 non
355 3214 390 3278 in
403 3211 553 3280 moribus
565 3209 668 3303 hujus
681 3213 758 3291 oevi,
768 3209 828 3278 sed
838 3214 893 3280 vix
904 3209 975 3303 jam
987 3214 1023 3279 in
1035 3211 1129 3283 libris
1142 3236 1238 3304 repe·

187 3326 262 3408 riri;
285 3323 418 3395 chartas
440 3345 596 3417 quoque,
617 3347 693 3416 quas
714 3322 807 3394 illam
825 3325 1001 3414 pristinam
1025 3325 1238 3395 severitatem

186 3436 439 3514 continuerint,
464 3433 680 3500 obsolevisse.
706 3432 911 3524 Exemplum
929 3432 1052 3502 deinde
1069 3435 1236 3525 Augusti,

186 3550 347 3642 principis
359 3545 528 3637 magnifici
538 3562 573 3612 et
583 3543 765 3630 luxuriosi,
778 3548 923 3612 maxime
935 3571 1015 3616 vero
1028 3549 1236 3632 Maecenatis,

187 3662 333 3732 hominis
359 3661 427 3726 otio
452 3682 492 3726 ao
516 3657 665 3729 mollitiis
685 3681 782 3750 paene
804 3657 893 3726 ultra
915 3657 1075 3726 feminam
1101 3656 1237 3726 fluentis

188 3771 323 3860 (Vellei.
337 3775 386 3853 11,
400 3773 462 3851 aar,
476 3770 630 3841 Juvenal.
645 3775 679 3852 1,
694 3771 755 3850 66;
769 3774 832 3843 Xll
844 3823 852 3853 ,
866 3773 945 3861 39),
956 3793 1037 3861 opes
1048 3771 1236 3851 immensae,

188 3907 229 3950 ex
243 3884 423 3974 provinciis
437 3887 579 3950 Romam
593 3881 822 3962 confluentes,
837 3883 999 3948 securitas
1011 3903 1050 3948 ac
1064 3881 1160 3977 quies
1176 3881 1238 3946 im·

189 3995 290 4084 perii,
303 4009 373 4062 tam
385 3991 523 4062 diutinis
538 3988 695 4084 procellis
707 4015 747 4058 ac
758 3989 962 4059 turbulentis
979 3988 1237 4082 tempestatibus

190 4109 318 4188 vexati,
339 4109 478 4196 exiguas
499 4104 738 4198 simplicitatis,
766 4101 1006 4196 magnitudinis
1026 4103 1130 4171 animi
1157 4101 1237 4172 alia·
