2970 4936
320 517 361 584 72
633 493 669 554 Λ.
695 486 852 553 pensu
878 475 1047 552 rancor

317 620 386 690 Bile
398 633 516 686 tumet.
530 617 629 683 Nerio
638 613 710 709 jam
721 615 819 682 tertia
827 610 985 680 conditur
995 617 1157 682 uxor!...
1406 693 1408 698 ,
1476 677 1478 698 A

318 738 400 800 Haec
410 745 526 799 sancte
536 745 576 797 ut
586 724 1084 822 posoes,Tiberinoingurgite
1095 723 1219 814 mergis
1335 725 1369 779 15

317 849 419 912 Mane
431 856 534 935 caput
543 839 595 909 bis
607 853 789 934 terque,et
801 851 936 905 noctem
947 833 1087 903 flumine
1099 855 1236 927 purgas.
1475 883 1479 946 ¹

365 959 458 1022 Heus
466 976 543 1045 age,
556 948 741 1046 responde3
753 950 933 1016 minimum
945 961 997 1015 est
1008 943 1101 1041 quod
1113 947 1199 1013 scire
1209 940 1343 1012 laboro:

318 1070 367 1133 De
379 1069 461 1134 Jove
473 1062 555 1159 quid
566 1064 799 1131 sentisiestne
811 1074 1058 1152 utpraeponere
1070 1073 1167 1125 cures

319 1159 1445 1244 Hunc...-ouinami—cuiuam?...visStaioi'...-auscilicetbaem

317 1289 400 1372 Quis
411 1287 522 1380 potior
530 1281 819 1377 judex,puerisve
831 1283 906 1376 quis
919 1283 1029 1375 aptior
1042 1279 1155 1347 orbis?
1334 1319 1369 1354 20

317 1439 364 1449 -
376 1403 448 1465 Hoc
458 1398 575 1489 igitur,
589 1419 657 1490 quo
668 1409 707 1461 tu
719 1395 811 1461 Jovis
823 1417 940 1460 aurem
954 1389 1128 1485 impellere
1140 1393 1267 1474 tentas,

318 1510 380 1576 Dio
390 1506 536 1600 agedum
550 1507 655 1575 Staio:
668 1501 756 1597 prob
768 1505 918 1595 Jupiter!
932 1502 1069 1584 ebone,
1081 1501 1217 1584 clamet,

317 1622 465 1713 Jupiter!
480 1633 515 1685 at
525 1641 599 1685 sese
609 1639 680 1683 non
692 1613 815 1683 clamet
826 1614 958 1707 Jupiter
968 1613 1065 1707 ipse?

319 1731 492 1823 ignovisse
502 1743 618 1822 putas,
631 1727 726 1820 quia,
739 1748 846 1819 quum
859 1740 969 1807 tonat,
982 1725 1074 1793 ocius
1086 1722 1153 1793 ilex

317 1841 451 1913 Sutfure
462 1839 640 1908 discutitur
652 1860 764 1919 sacro,
777 1851 997 1931 quamtuque
1009 1832 1223 1930 domusque?
1336 1843 1370 1898 25

318 1961 370 2021 An
382 1953 462 2046 quia
472 1975 543 2017 non
554 1949 647 2016 fibris
659 1951 774 2016 ovium
786 1951 1009 2040 Ergennaque
1017 1943 1158 2036 jubente

318 2064 429 2131 Triste
438 2059 529 2153 jaces
541 2057 627 2127 lucis
638 2056 901 2150 evitandumque
913 2053 1079 2139 bidental,

318 2281 378 2342 sim
391 2280 536 2341 missione
547 2279 677 2340 donare!
691 2281 777 2338 miser
786 2279 871 2338 enim
885 2278 985 2339 scabie
997 2277 1119 2339 laborat
1135 2292 1166 2338 et
1178 2277 1242 2339 bile
1254 2293 1370 2356 tumet,

318 2399 388 2462 quae
402 2377 493 2439 illum
508 2375 654 2438 dilacerat
669 2377 777 2437 acrius.
793 2377 819 2436 0
826 2373 947 2459 felicem
962 2377 1105 2450 Nerium,
1122 2377 1176 2458 qui
1191 2377 1288 2436 tertiae
1301 2374 1372 2457 jam

318 2489 405 2561 paret
414 2474 570 2558 exsequias
578 2474 743 2535 uxori!....
752 2471 838 2534 Talia
850 2487 887 2534 ut
897 2475 954 2534 rite
963 2487 993 2534 et
1002 2475 1052 2557 pie
1062 2493 1144 2548 ores,
1154 2474 1303 2536 manebis
1312 2487 1373 2535 ter

319 2596 380 2657 que
389 2587 482 2657 caput
492 2575 605 2654 mergis
616 2573 651 2632 in
661 2571 778 2634 Tiberis
787 2570 889 2647 unda,
900 2585 931 2633 et
939 2571 1044 2633 sordes
1053 2583 1144 2632 nocte
1153 2585 1328 2634 contractas
1337 2576 1372 2634 in

320 2672 449 2734 flumine
464 2672 574 2732 abluis.

361 2793 405 2853 17.
427 2772 510 2830 Heus
519 2781 555 2828 tu
566 2767 700 2849 agedmn
708 2811 717 2844 ,
726 2763 892 2849 responde;
903 2768 1036 2828 minima
1045 2789 1092 2828 res
1101 2781 1145 2828 est
1155 2789 1249 2850 quam
1258 2771 1371 2832 rescire

316 2866 480 2928 velimate.
490 2862 1222 2942 QuaetuaestdeJovesententia?Estnetibideus
1229 2863 1370 2928 ille'tanti

316 2963 422 3046 pretii,
438 2974 472 3021 ut
483 2981 555 3021 eum
566 2959 641 3020 velis
655 2972 902 3042 anteponere....
917 2995 956 3006 -
970 2961 1021 3021 cui
1035 2961 1179 3023 tandem?
1192 2997 1231 3009 -
1246 2963 1337 3024 Guii.
1347 3008 1371 3026 ..

316 3062 411 3122 Visne
425 3050 671 3142 anteponere...‡
684 3057 781 3134 Staio,
791 3057 869 3120 uerbi
876 3059 1037 3142 qratiai’...
1053 3096 1092 3106 -
1108 3061 1268 3144 Numquid
1278 3061 1372 3122 dubi·

316 3171 377 3234 tas,
387 3171 455 3218 uter
461 3157 500 3216 sit
506 3155 619 3216 melior
624 3153 809 3237 judex,uter
816 3156 855 3216 sit
861 3157 960 3238 magis
968 3155 1098 3217 idoneus
1108 3159 1223 3241 pueris,
1235 3159 1289 3239 qui
1296 3173 1371 3219 sunt

317 3257 419 3317 orbati
430 3251 679 3338 parentibusi-
687 3253 770 3334 Ergo
781 3274 851 3334 age,
861 3266 970 3315 votum
980 3275 1042 3336 quo
1050 3257 1137 3316 Jovis
1147 3277 1235 3317 aures
1244 3258 1370 3318 conaris

316 3355 449 3429 flectere,
459 3351 517 3414 hoc
527 3353 630 3436 ipsum
640 3351 724 3434 apud
733 3352 851 3411 Staium
860 3349 996 3433 loquere.
1007 3354 1094 3414 Certe
1103 3353 1156 3414 ille
1164 3353 1210 3415 vel
1219 3358 1371 3438 corruptis·

315 3455 405 3511 simus
417 3449 600 3510 exclamabit
613 3472 620 3506 ι
635 3445 720 3508 Proh
733 3449 868 3530 Jupiter!
884 3471 903 3510 o
918 3449 1001 3511 bone
1012 3451 1147 3532 Jupiter!
1160 3453 1253 3533 Atqui
1267 3451 1370 3514 exhor·

316 3551 404 3610 ruerit
412 3550 511 3610 Staius
523 3559 549 3608 et
557 3548 656 3608 Jovem
670 3543 856 3628 appellaverit
869 3547 990 3610 ultorem
995 3573 1007 3622 ,·
1016 3549 1081 3631 ipse
1089 3571 1162 3611 vero
1170 3550 1292 3632 Jupiter
1299 3572 1369 3612 non

316 3667 378 3708 sese
395 3644 597 3706 inclamabit?
621 3645 703 3704 Num
716 3656 750 3704 tu
765 3646 923 3705 arbitraris
939 3646 1049 3706 Jovem
1065 3647 1122 3708 tibi
1138 3645 1301 3709 indulsisse
1315 3671 1369 3708 ve·

316 3747 420 3823 niam,
433 3747 598 3828 quoniam,
613 3744 739 3826 quando
752 3745 848 3805 mittit
859 3744 1007 3821 fulmina,
1025 3767 1154 3829 quercus
1170 3748 1242 3828 igne
1258 3747 1368 3808 divino

315 3845 463 3905 discussas
475 3842 576 3919 vides,
590 3856 620 3904 te
632 3843 744 3927 sospite
755 3843 903 3925 salvaque
917 3842 1013 3904 domo
1028 3844 1099 3906 tua?
1113 3845 1195 3922 Quia
1210 3867 1277 3906 non
1286 3844 1369 3927 jaces

316 3963 371 4024 per
381 3941 467 4002 lucos
476 3941 561 4001 triste
573 3940 717 4016 cadaver,
731 3942 825 4000 ictum
838 3939 975 4022 fulgure,
987 3942 1167 4004 evitandum
1177 3943 1324 4004 omnibus
1338 3957 1370 4004 et

317 4038 504 4120 expiandum
519 4037 667 4098 consultis
680 4037 789 4097 ovium
805 4037 880 4096 extis
895 4041 1072 4122 peractisque
1082 4039 1217 4101 omnibus
1228 4061 1293 4121 quoe
1302 4039 1367 4121 jus·

317 4135 390 4194 serit
404 4137 565 4216 Ergenna,
582 4133 792 4218 illefithurum
802 4136 990 4216 peritissimus
1005 4150 1189 4218 procuratum
1203 4159 1279 4200 num
1297 4138 1367 4198 ideo
