3116 4934
397 400 463 488 590
802 394 1039 462 rersrrrte

360 545 363 557 ·
435 543 484 584 oo.
504 521 608 582 Maria
619 520 700 604 vafer
708 521 740 578 itt
747 517 839 581 eniiee
849 533 957 606 11111111.
966 555 1005 566 -·
1016 522 1053 580 'ri
1062 521 1158 604 vafer,
1169 537 1247 602 pura
1260 533 1338 602 putu
1347 521 1459 582 Hore-

395 621 431 682 tii
445 640 524 696 vox,
539 630 574 678 ut
589 615 643 678 illo
657 615 726 676 loco
739 630 857 699 quartus
871 617 996 694 Satires,
1009 616 1091 678 libro
1106 617 1149 693 11,
1162 637 1206 678 vs.
1220 619 1257 678 55
1269 640 1276 678 τ

582 767 718 814 Surrentina
727 767 931 832 tuierqnimitoet
940 767 996 816 foeee

580 836 679 884 Falerna
689 838 757 884 Vina.

436 965 484 1005 nr.
498 947 561 1027 ipse
570 963 688 1004 sacrum
704 945 833 1004 irrorans
845 945 955 1024 patine
967 945 1058 1025 piper.
1071 977 1110 988 -
1123 943 1221 1002 Avaro
1235 964 1309 1025 opes
1323 965 1393 1004 suae
1410 965 1465 1005 sa-

394 1065 453 1105 crae
465 1056 554 1104 sunt:
567 1039 624 1102 hoc
639 1055 683 1102 est
697 1041 738 1102 sic
753 1041 792 1101 eb
808 1039 867 1100 illis
881 1041 1015 1101 abstinet
1027 1053 1180 1122 tanquam
1193 1061 1212 1100 a
1225 1063 1331 1118 sacro,
1348 1045 1464 1104 Hora·

394 1141 591 1217 danninum,
605 1139 702 1199 Satira
713 1139 814 1221 ptime
829 1137 901 1198 libri
912 1137 1023 1221 primi,
1039 1159 1080 1198 vs.
1094 1158 1150 1216 70:

584 1315 663 1330 .....
675 1282 795 1343 conflentis
805 1280 990 1344 undiquettceit
1051 1321 1066 1338 ,

582 1351 696 1399 ludormit
707 1351 812 1410 inbitur,
822 1364 845 1399 et
854 1365 966 1415 tauquem
975 1368 1070 1416 parcere
1078 1354 1148 1400 morit

580 1426 685 1486 Cogeris.

396 1555 433 1614 ln
448 1553 538 1614 tertie
548 1549 621 1610 libri
635 1548 775 1624 secundi,
788 1570 832 1610 vs.
850 1570 926 1610 tro:

582 1685 630 1746 Qui
641 1699 749 1731 numos
760 1698 892 1746 tuumque
904 1683 1121 1742 mademarius
1129 1687 1167 1731 uti

582 1759 721 1822 Compositis
727 1792 734 1815 ‚
744 1771 897 1821 metuensque
907 1757 969 1804 velut
980 1760 1114 1825 contingere
1126 1774 1225 1806 snorum.

398 1891 434 1949 ln
452 1885 553 1946 verbis
567 1885 681 1960 Persii,
695 1887 725 1944 τὸ
744 1886 802 1964 ipse
820 1903 886 1944 uon
906 1904 969 1944 esse
984 1885 1115 1945 otiosum
1134 1884 1347 1958 ostendimus;
1368 1907 1462 1946 nunc

397 1983 529 2045 dicimus
547 1981 625 2042 illud
639 2001 764 2063 quoque
785 1981 825 2040 ab
843 1981 976 2042 Horatio
993 1993 1126 2041 tractum
1150 1981 1183 2042 in
1200 1980 1337 2042 secunda
1354 1981 1460 2041 Satira

397 2081 468 2141 libri
482 2079 623 2156 secundi,
642 2100 685 2140 vs.
698 2079 755 2138 62:

585 2249 683 2262 ......
693 2215 773 2262 Cornu
782 2217 832 2279 ipse
842 2215 920 2264 bilibri

583 2284 695 2332 caulibus
705 2283 809 2332 instillet.

395 2373 398 2380 ¹
437 2413 484 2453 11.
503 2395 576 2452 Utar
585 2413 636 2474 eqo
648 2404 723 2451 utar.
734 2424 772 2436 —
785 2392 821 2450 ln
837 2389 947 2451 ultima
962 2391 1119 2473 Epistola,
1134 2411 1176 2450 vs.
1191 2390 1225 2450 51
1241 2413 1248 2448 :

584 2517 655 2572 Uter,
666 2526 688 2561 et
699 2529 727 2560 ex
737 2513 829 2560 modico
839 2527 951 2577 quantum
961 2531 998 2563 ret
1007 2526 1087 2578 poscet
1097 2531 1179 2562 acervo

583 2587 683 2634 Tullum.

439 2703 486 2763 23.
503 2706 568 2764 Nec
582 2699 718 2762 rhombos
734 2699 796 2760 ideo
816 2698 923 2760 libertis
936 2720 1042 2781 ponere
1059 2699 1164 2761 iaetus.
1181 2738 1219 2747 -
1236 2701 1282 2761 lte
1303 2705 1456 2784 expressit

398 2800 481 2884 quod
505 2800 620 2860 ibidem
645 2797 771 2858 Flaccus
800 2797 962 2880 aliquanto
983 2795 1128 2880 planius,
1145 2799 1241 2880 Epist.
1261 2820 1298 2874 2,
1317 2799 1373 2860 lib.
1394 2821 1455 2860 see.

398 2920 439 2958 vs.
459 2917 531 2977 ¹9²²

579 3032 658 3046 .....
670 3001 699 3045 Et
710 3011 787 3045 tamen
797 2997 859 3044 idern

581 3073 645 3118 Scire
654 3069 744 3129 volam,
757 3083 871 3134 quantum
881 3071 976 3136 simplex
985 3072 1111 3136 hiim-itque
1118 3075 1199 3135 nepoti

582 3145 717 3206 Discrepet,
728 3157 751 3190 et
761 3157 875 3206 quantum
885 3143 1002 3192 discordet
1011 3158 1094 3206 percus
1104 3157 1182 3190 oraru.

397 3271 470 3330 Haec
485 3267 580 3327 Persii
594 3280 730 3327 mentem
744 3267 898 3349 aperiunt

438 3369 485 3428 26.
498 3369 586 3428 Occu.
601 3367 785 3426 Universum
798 3384 944 3424 arvorum
956 3363 1076 3424 cultum
1093 3361 1150 3422 bae
1163 3383 1235 3423 voce
1247 3363 1456 3445 significarit,

397 3465 474 3525 utin
490 3463 596 3525 eedem
608 3463 770 3538 Horatius,
787 3461 882 3544 Epist.
903 3481 938 3535 2,
952 3459 1007 3519 lib.
1022 3481 1078 3520 sec.
1093 3480 1136 3518 vs.
1151 3459 1201 3519 161
1217 3482 1223 3516 :

585 3627 666 3640 .....
678 3592 775 3640 Villictrt
784 3590 841 3637 Orbi

582 3665 640 3710 Cum
652 3675 739 3724 tegetes
751 3672 823 3708 oocrt.

438 3781 486 3842 33.
502 3777 562 3842 Sed
578 3779 810 3860 coenamjimeris
824 3773 912 3836 boeres
926 3771 1075 3856 Neqiiqet,
1090 3774 1190 3832 iratres.
1200 3803 1239 3816 -
1249 3768 1371 3830 Ibidem
1386 3769 1454 3828 Ηο-

398 3880 508 3955 retius,
522 3899 564 3937 vs.
579 3896 630 3956 ¹9¹
645 3897 652 3932 :

588 4035 666 4050 .....
682 4004 729 4048 Nec
742 4011 844 4046 metuent
853 3998 910 4062 quid
921 3998 950 4044 de
959 4013 997 4044 rne
1004 3995 1190 4060 judicabam,

583 4075 651 4136 Quod
662 4090 708 4121 non
719 4073 785 4136 plura
794 4074 853 4120 datis
861 4074 988 4118 invenerit:
