3026 4944
335 505 378 584 44
508 503 664 568 venta
687 501 957 569 anemonas
981 503 1042 568 au
1065 501 1202 568 nora

333 647 442 683 misnam
452 628 504 682 dici
517 649 546 682 os
559 628 698 684 distortum
712 648 773 682 cum
784 628 872 696 vultu,
890 628 963 701 qnod
977 632 1117 694 iaciamus,
1131 649 1213 702 quum
1228 631 1294 684 alios
1307 631 1379 685 deri-

334 709 442 762 deamus
448 729 455 769 3
469 709 531 761 inde
540 712 678 764 sanniones
689 708 774 762 dictos
784 727 854 773 esse,
864 713 909 782 qui
918 729 973 762 non
983 723 1083 762 rectum
1093 710 1193 763 vultum
1204 711 1329 764 habeant.
1342 743 1378 754 —

337 789 481 856 Occurrite,
494 808 528 842 ue
544 789 590 842 fiat
602 788 635 842 de
649 789 724 842 vobis
738 803 835 842 cavete.
852 819 889 832 -
902 790 1023 858 Posticoe,
1040 809 1099 862 qun
1115 790 1145 842 fit
1157 802 1255 864 postet
1268 809 1284 842 a
1301 803 1378 862 tergo

333 867 449 938 hominis
459 869 535 921 irrisi.

368 977 434 1027 Nor.
453 975 506 1042 63,
519 976 563 1042 64.
586 976 648 1047 Quis
662 975 757 1048 populi
771 993 852 1028 senno
868 977 921 1027 est?
936 974 993 1046 quis
1005 973 1090 1039 enim,
1103 972 1156 1026 nisi
1171 973 1289 1024 carmina
1301 970 1379 1026 molli

333 1056 521 1109 Nuncdemum
531 1074 637 1108 numero
635 1057 836 1133 fluere—lam
845 1052 940 1106 desinit
951 1052 1129 1124 parenthesis,
1139 1051 1259 1123 reditque
1266 1053 1298 1104 ad
1306 1055 1378 1123 prio·

333 1153 388 1186 rem
401 1137 630 1206 interrogationem
644 1153 735 1188 sensns
749 1157 754 1186 :
770 1153 856 1186 venem
869 1132 936 1186 mihi
945 1133 1022 1184 dicite
1032 1131 1064 1182 de
1075 1151 1128 1198 me,
1140 1131 1220 1184 dicite
1232 1130 1295 1183 mihi
1307 1131 1377 1198 hoc,

332 1214 391 1287 quis
401 1214 495 1288 populi
510 1234 589 1268 sermo
601 1218 653 1268 est?
666 1217 707 1268 Sic
721 1217 883 1284 interrogant
897 1211 1061 1265 adulatorem
1073 1230 1196 1284 proceres
1207 1210 1240 1264 de
1253 1214 1306 1264 suis
1317 1231 1378 1264 car·

333 1294 455 1347 minibus.
466 1325 501 1336 -
512 1295 572 1365 Quis
583 1295 669 1362 enim,
679 1296 714 1350 eie
722 1314 770 1362 pap
781 1313 871 1364 grece.
882 1293 925 1347 Sic
937 1291 1079 1364 respondet
1090 1290 1220 1345 adulator.
1233 1292 1295 1361 Quis
1304 1292 1377 1344 enim

333 1373 395 1440 nisi,
406 1393 459 1426 nou
469 1375 535 1427 alius
546 1394 602 1428 esse
612 1376 699 1445 potuit
708 1373 802 1446 populi
814 1389 900 1426 sermo
911 1389 991 1442 quam
1002 1383 1073 1423 etc...
1083 1401 1117 1411 -
1131 1371 1208 1422 Nune
1218 1368 1338 1435 demum,
1348 1371 1376 1420 in

332 1451 373 1505 his
387 1467 488 1506 tentum
502 1453 677 1520 carminibus,
692 1472 773 1524 quum
785 1470 863 1504 nemo
875 1463 936 1503 ante
949 1462 1001 1502 tam
1013 1449 1118 1502 mollem
1133 1467 1255 1501 versuum
1268 1450 1377 1500 concin-

331 1535 438 1586 nitatem
453 1547 589 1587 essecutus
601 1536 642 1586 sit.
654 1563 690 1575 -
701 1530 782 1585 Molli
793 1549 916 1597 numero,
927 1529 953 1580 id
963 1541 1018 1595 cst,
1027 1528 1146 1582 versibus
1156 1531 1183 1580 in
1194 1527 1290 1598 quibus
1302 1526 1378 1585 molli

329 1614 452 1682 junctura
461 1615 586 1666 eflectum
596 1626 649 1679 est,
661 1610 768 1665 utnulla
777 1629 889 1682 usquam
899 1610 1026 1681 asperitas
1036 1620 1176 1680 appareat;
1187 1609 1230 1658 cui
1239 1608 1278 1659 rei
1287 1607 1376 1678 expri-

332 1691 432 1745 mendos
444 1707 536 1766 aptum
550 1694 690 1769 estfluere.

367 1797 434 1850 Nor.
454 1797 503 1866 64,
517 1798 559 1854 65.
583 1799 618 1852 Ut
631 1817 680 1872 per
690 1795 752 1872 leve
767 1815 864 1851 severos
876 1793 1141 1867 Effundotjuncturc
1151 1811 1260 1864 unques.
1270 1821 1306 1833 -
1319 1791 1376 1844 hle·

331 1875 445 1948 taphora
456 1877 491 1930 ab
503 1879 629 1951 operibus
644 1879 797 1930 marmoreis
811 1876 948 1946 ligneisre,
964 1876 990 1926 in
1005 1873 1099 1946 quibus
1108 1887 1197 1944 partes
1209 1875 1243 1924 ita
1257 1873 1377 1924 commit·

332 1967 423 2007 tantur
433 1970 458 2008 et
470 1957 619 2025 cohaerent,
631 1972 660 2009 ut
671 1957 744 2008 nulla
754 1957 839 2030 possit
849 1953 981 2025 unguibus
993 1952 1156 2024 deprehendi
1167 1954 1232 2004 rima
1245 1949 1287 2004 vel
1299 1967 1377 2023 aspe-

332 2035 404 2086 rites.
416 2065 452 2076 -
462 2039 552 2089 Horat.
565 2036 618 2090 Sat.
630 2037 670 2104 ll,
683 2053 709 2107 7,
719 2036 767 2089 86:

661 2125 762 2168 ...Totus
771 2131 824 2166 teres
832 2133 897 2177 atque
906 2121 1023 2174 rotundus,

532 2193 617 2236 Burni
625 2206 651 2236 ne
659 2192 712 2248 quid
719 2191 789 2234 valeat
795 2204 837 2248 per
844 2193 897 2234 lave
906 2189 994 2233 monui.

367 2281 433 2336 Nor.
451 2283 496 2338 65.
510 2286 566 2340 Scit
577 2288 678 2340 tendere
692 2304 799 2340 centurn.
812 2315 849 2327 -
859 2288 882 2337 A
894 2285 1091 2338 constructione
1105 2281 1213 2354 obliqua
1224 2285 1318 2335 transit
1330 2299 1375 2336 su·

331 2359 387 2414 bito
397 2363 430 2414 ed
442 2379 554 2430 rectam,
564 2381 594 2419 ut
603 2369 659 2438 ipsa
671 2366 765 2439 populi
775 2365 854 2420 verba
864 2366 920 2418 sine
931 2363 983 2416 ulla
993 2364 1138 2416 mutatione
1148 2363 1252 2415 referat.
1260 2391 1296 2402 -
1304 2363 1374 2415 Ten-

330 2439 388 2492 dere
398 2461 495 2496 versum
501 2484 511 2512 ,
523 2443 619 2498 dicitur
629 2464 713 2517 grece
725 2441 812 2497 iiiios.

365 2556 432 2610 Nor.
450 2559 494 2612 66.
510 2559 571 2612 Non
590 2579 671 2630 secus,
686 2579 718 2614 nc
734 2561 757 2614 si
773 2558 849 2614 oculo
868 2558 997 2611 rubricam
1014 2556 1110 2630 dirique
1126 2571 1188 2606 uno.
1202 2583 1239 2596 -
1254 2554 1278 2604 Δ
1292 2553 1373 2606 fabris

329 2631 443 2704 lignariis
457 2639 626 2707 translatum,
634 2643 680 2711 qui
690 2640 724 2692 ad
734 2641 858 2693 amussim
868 2635 950 2688 rubro
959 2636 1000 2688 vel
1011 2635 1064 2687 alio
1077 2634 1197 2706 quolibet
1206 2633 1296 2686 colore
1305 2635 1373 2685 tinc-

331 2725 385 2764 tum
398 2733 466 2786 opus
476 2720 590 2788 exigunt.
601 2721 679 2770 Hom.
692 2717 787 2790 Odyss.
801 2715 819 2767 i.
831 2715 890 2782 245.

546 2803 618 2850 Sim
630 2803 652 2850 δ’
662 2801 804 2864 inse-epirus
815 2801 855 2848 ui
870 2797 907 2847 ieri
917 2797 1022 2860 στάθμην
1034 2798 1101 2848 tems.

329 2907 365 2918 --
374 2879 483 2932 liudrico
496 2893 566 2933 terra
578 2881 657 2934 rubra
668 2895 721 2949 est,
730 2895 837 2954 reperta
846 2883 960 2953 primum
973 2878 1007 2931 ad
1018 2879 1109 2932 urbem
1121 2879 1246 2950 Sinopam
1257 2879 1291 2931 ad
1300 2879 1373 2932 tinus

329 2959 422 3010 Euxini
438 2962 464 3011 in
481 2959 675 3034 Paphlagonia,
686 2961 758 3014 unde
774 2961 920 3014 vocabatur
936 2963 1014 3013 etiam
1030 2961 1137 3031 sinopis.
1154 2959 1218 3011 Plin.
1233 2961 1266 3011 ll.
1279 2960 1312 3010 N.
1326 2959 1371 3012 lib.

328 3037 438 3105 XXXV,
452 3059 474 3090 c.
490 3041 515 3092 6.
535 3072 571 3082 -
592 3045 674 3095 ellac
686 3041 756 3094 utilis
768 3041 943 3094 adnotandas
956 3040 1038 3092 lineas
1050 3040 1214 3104 architectis,
1227 3053 1318 3091 etc...··
1337 3069 1372 3080 -

331 3117 415 3171 Oculo
424 3138 476 3171 unc
482 3161 491 3188 ,
499 3121 598 3176 scilicet
608 3123 698 3175 clauso
708 3121 808 3188 altero,
817 3141 871 3193 quo
881 3117 1060 3173 rectius'acies
1072 3119 1148 3189 dirigi
1158 3120 1250 3189 possit.
1260 3120 1369 3169 Lucinn.

327 3199 518 3272 lcarornenipp.
533 3215 596 3253 torn.
610 3204 645 3268 ll,
660 3223 686 3274 p.
701 3203 761 3272 769.
778 3201 826 3255 Ed.
840 3203 908 3254 Reiz.
925 3199 1009 3282 ι’ξποὶ
1023 3197 1063 3249 ui
1076 3195 1129 3254 rtis
1142 3196 1249 3254 τίντυνις
1259 3195 1371 3254 visseim

327 3277 450 3348 icpesirat
456 3299 497 3344 μοι
507 3282 566 3334 isan*
575 3279 670 3350 deripe·
679 3281 725 3335 ori's
735 3279 861 3349 δφθιλμὸι
872 3279 960 3346 &astru
971 3276 1026 3348 apis
1034 3275 1086 3335 nit
1096 3277 1190 3334 satiras
1200 3275 1371 3334 inauditnm

328 3357 362 3410 ‘sd
370 3356 461 3426 ξύλω

363 3474 430 3528 Nor.
449 3476 492 3547 67.
505 3478 563 3531 Sive
574 3497 637 3550 opus
652 3478 679 3531 in
691 3495 785 3554 mores,
801 3480 827 3530 in
840 3477 944 3542 lurum,
960 3477 987 3528 in
1001 3475 1115 3547 prandio
1127 3493 1213 3548 aequm
1228 3475 1325 3526 Dicere.
1335 3503 1370 3515 -

329 3554 402 3626 Opus
413 3555 496 3608 dicere
506 3577 556 3631 pro
566 3557 707 3612 dicendum
718 3559 742 3610 ei
754 3570 806 3622 est,
817 3555 984 3610 scribendum
995 3569 1042 3608 est.
1053 3555 1304 3624 -Dereliquorum
1315 3572 1371 3606 ver·

326 3652 372 3688 sus
383 3634 523 3689 verborum
535 3657 629 3705 sensu,
641 3655 735 3708 magna
746 3640 882 3689 contentio
893 3649 932 3688 est
941 3637 1010 3686 inter
1022 3637 1184 3706 interpretes.
1201 3633 1316 3684 Censent
1327 3631 1370 3684 alii

326 3712 383 3766 haec
393 3716 481 3767 omnia
490 3718 518 3768 in
531 3735 625 3783 mores,
642 3719 669 3769 in
682 3717 791 3782 luxum,
807 3717 835 3766 in
846 3715 958 3788 prandio
970 3732 1058 3787 repom
1070 3713 1205 3783 designare
1216 3723 1368 3784 argumenta

325 3795 549 3865 ineptissimorum
557 3809 697 3868 poetaram
707 3799 765 3866 ejus
774 3797 872 3861 astatis,
883 3793 979 3864 quibus
988 3813 1046 3846 usos
1056 3807 1112 3846 erat
1120 3792 1270 3844 describere
1281 3794 1369 3844 omnia

325 3873 433 3926 luxurie
444 3877 631 3940 instrumenta,
645 3877 704 3927 vitre
717 3875 876 3945 elegantias,
890 3873 1036 3944 epulasque
1047 3891 1188 3945 procerum
1202 3871 1368 3924 lautissimas.

326 3953 376 4006 Alii
388 3973 465 4022 vero,
479 3955 573 4028 quibus
586 3973 637 4026 ego
651 3954 777 4007 libentius
788 3956 944 4018 assentiam,
956 3967 1051 4023 putant
1064 3973 1112 4025 per
1126 3971 1208 4006 mores
1218 3951 1259 4003 vel
1271 3971 1370 4004 comte·

326 4031 396 4085 fflam
406 4033 448 4086 vul
459 4035 589 4104 ejusmodi
601 4051 682 4107 opera
693 4035 838 4104 designari,
849 4051 897 4106 per
909 4033 1000 4086 lunum
1011 4033 1051 4086 vel
1064 4035 1170 4084 satiram
1184 4031 1225 4084 vel
1236 4033 1369 4083 sauricum

327 4112 404 4185 quid,
414 4133 461 4185 per
465 4115 578 4188 prandia
586 4133 674 4188 regum
683 4114 821 4184 tragoedias
829 4115 856 4165 in
864 4113 960 4184 quibus
968 4111 1112 4177 interdurn,
1120 4127 1148 4164 ut
1155 4115 1183 4164 in
1190 4113 1270 4162 Atreo
1277 4149 1286 4177 ,
1293 4110 1334 4162 vel
1341 4112 1369 4162 in

326 4193 440 4258 Procne,
449 4207 592 4246 vescuntur
602 4211 676 4262 reges
686 4191 824 4246 hominnm
834 4192 968 4245 carnibus.
980 4194 1154 4245 Posteriorem
1163 4191 1233 4245 hanc
1242 4194 1369 4262 iuterpre-
