3116 4934
378 377 444 465 592
587 371 827 440 runsrsns
852 373 975 436 rurs.
1001 371 1219 438 nostru.

415 505 464 564 66.
484 504 545 564 Nec
563 500 641 562 dieto
662 522 766 584 mpone
788 512 924 583 putenm.
945 535 984 547 -
1004 501 1082 578 Quae
1104 499 1231 562 Flaccus
1254 485 1438 562 Venusinus

376 603 502 677 dietata,
513 601 622 662 Noster
632 599 711 660 dicto
727 599 887 660 nominat:
908 598 970 660 hoee
981 601 1115 662 recinunt
1118 597 1242 684 juvenes
1250 599 1382 676 dietata,
1400 603 1438 661 in

378 701 480 782 prima
492 699 589 780 Epist.

416 799 466 858 68.
482 798 644 878 Impensius
656 817 746 878 unqe,
762 796 857 877 (lnge,
871 816 953 878 puer,
965 793 1072 856 caules.
1082 795 1281 857 -lloratius
1290 797 1326 858 in
1335 795 1440 856 simili

376 895 600 978 disputatione,
614 894 712 954 Satira
727 893 744 953 3
766 893 839 953 libri
854 913 911 954 sec.
927 913 969 953 vs.
988 894 1060 954 125:

563 1038 656 1098 Ungere
666 1037 685 1082 ei
697 1034 775 1082 caules
785 1035 837 1082 oleo
846 1033 955 1092 meliore,
965 1045 1082 1098 caputque

564 1109 668 1170 Goeperis
669 1140 768 1154 ......

418 1233 467 1314 73.
478 1234 615 1292 Patriciae
629 1233 760 1292 immeiat
771 1227 888 1294 vuluce?
897 1266 935 1276 —
949 1231 1033 1290 Idem
1045 1231 1174 1290 verbum
1185 1230 1290 1291 eadem
1301 1205 1439 1293 notione

377 1342 472 1389 exstat
481 1327 564 1412 apud
583 1327 766 1402 Horatium,
782 1337 813 1387 et
824 1327 921 1386 Satira
936 1326 1070 1386 secunda
1080 1325 1153 1386 libri
1167 1328 1196 1401 1,
1213 1339 1243 1386 et
1253 1328 1287 1388 in
1299 1330 1438 1410 septima

378 1425 450 1486 libri
469 1425 612 1486 secundi:

419 1525 467 1606 78.
482 1525 555 1582 llem
566 1518 693 1603 duplico.
710 1523 777 1580 Feci
784 1546 795 1595 ,·
802 1517 872 1604 jum
884 1519 1002 1603 triplex,
1011 1518 1080 1604 jam
1090 1519 1161 1581 mibi
1170 1534 1288 1604 quarto,
1301 1523 1374 1583 Jem
1384 1524 1438 1584 de-

377 1623 435 1680 cies
454 1619 527 1680 sedit
539 1623 571 1680 iu
588 1638 702 1700 rugum.
713 1651 751 1662 -
764 1617 914 1677 Eamdem
926 1617 1109 1677 sententiam
1122 1615 1189 1677 aliis
1204 1618 1305 1679 verbis
1320 1633 1440 1680 tractat

378 1717 467 1778 Musa
482 1717 639 1776 Venusina
652 1714 746 1795 Epist.
762 1715 781 1773 6
795 1713 868 1773 libri
880 1715 1012 1796 prioris:

563 1865 627 1912 llille
636 1865 723 1913 talenta
735 1863 903 1920 retundentur,
914 1843 1010 1912 totidem
1021 1864 1103 1921 altera,
1112 1881 1182 1928 porro

561 1938 639 1982 Tertia
651 1936 790 1992 succedant,
801 1949 825 1981 et
834 1952 886 1999 qu:
894 1950 948 1997 pars
956 1935 1056 1998 quadret
1066 1951 1181 1982 noenum.
1230 1941 1236 1960 ¹

419 2074 492 2131 Haec
512 2067 576 2128 fere
599 2067 668 2128 loca
690 2082 762 2128 eunt
786 2069 820 2127 in
843 2064 901 2128 hac
922 2067 1246 2150 praestantissimorum
1267 2081 1439 2150 poetarum
1539 2097 1540 2144 l

378 2171 468 2251 biga,
485 2188 555 2250 quae
569 2169 650 2227 inter
666 2189 696 2227 se
710 2167 921 2251 comparanda
938 2168 1093 2226 memoriae
1104 2165 1233 2226 entheca
1251 2168 1345 2227 nobis
1362 2189 1439 2250 sug-

378 2265 519 2348 gerebat:
539 2265 631 2347 plura
653 2265 716 2323 istis
740 2262 864 2325 fortasse
886 2264 982 2345 digna
999 2263 1162 2323 observatu
1185 2264 1440 2326 animadvertent
1539 2279 1540 2328 l

377 2363 447 2439 alii,
462 2361 555 2422 nobis
573 2361 624 2422 ille
638 2361 741 2443 potius
753 2363 894 2421 animum
910 2362 1032 2420 incessit
1048 2374 1163 2434 metus,
1184 2381 1224 2420 ne
1244 2363 1277 2420 in
1297 2359 1361 2422 lroc
1381 2385 1440 2423 ne-

378 2464 462 2543 gotio
477 2460 688 2540 diligentiores
699 2481 794 2540 quam
807 2480 863 2542 par
877 2471 957 2532 erat,
974 2456 1139 2516 fastidiosis
1153 2471 1182 2517 et
1193 2461 1323 2538 ἁψικόροις
1339 2459 1437 2520 lecto-

378 2559 464 2621 ribus
485 2558 643 2619 videamur
657 2556 766 2617 fuisse:
788 2557 882 2616 solide
900 2556 1005 2616 doctos
1018 2567 1048 2613 et
1065 2554 1210 2615 candidos
1229 2557 1437 2616 aestimatores
1538 2593 1539 2598 κ

378 2677 441 2718 uon
457 2669 623 2737 negaturos
637 2653 840 2728 confidimus,
859 2652 1036 2735 hujusmodi
1055 2654 1118 2711 sive
1134 2657 1285 2733 μιμημάτων
1297 2656 1436 2724 sivetu-1-
1538 2659 1539 2728 3

377 2759 542 2834 ιμπτομάτων
556 2752 817 2829 observationem,
832 2766 861 2812 et
873 2751 912 2810 ad
924 2749 1158 2829 intelligentiam
1172 2752 1309 2833 ipsorum
1322 2765 1437 2833 poeta·

378 2873 448 2911 rum
464 2851 634 2933 plurimum
648 2850 804 2924 conferre;
823 2867 853 2910 et
867 2849 926 2912 boe
947 2848 1095 2931 amplius,
1114 2850 1154 2909 ad
1172 2865 1249 2910 recte
1268 2853 1437 2912 instituen-

378 2948 451 3008 dam
462 2962 600 3009 veterum
615 2949 838 3025 imitationem,
851 2971 916 3011 non
931 2949 1126 3010 mediocriter
1139 2949 1319 3011 conducere.

696 3495 740 3564 Τῷ
751 3489 795 3546 ἐπὶ
805 3493 870 3546 πᾶσι
886 3485 948 3555 δόξα
959 3487 1003 3544 καὶ
1013 3489 1096 3566 χάρις.
