3148 4950
366 455 431 529 514
725 441 786 506 ou
811 441 1052 506 struucts

361 573 527 669 publica,
548 567 650 638 modo
669 565 903 650 brevioribus,
920 564 1011 632 unde
1025 566 1223 662 intelligitur
1246 595 1326 638 eum
1342 597 1416 642 nou

362 688 468 778 magis
482 689 687 764 Varronem,
700 704 804 775 quarn
818 678 985 746 Lucilium
997 679 1059 756 sibi
1073 680 1275 748 imitandum
1287 707 1416 776 propo-

363 801 484 878 suisse,
502 809 537 861 et
553 815 681 858 novum
700 788 838 885 aliquod
858 793 1069 885 mixtumque
1087 795 1201 862 Satirae
1220 817 1328 884 genus
1345 811 1416 861 tm.

362 925 481 978 ctosse.
497 904 548 972 Ad
561 901 654 997 quod
672 919 784 968 tumen
804 899 928 968 Juliani
948 925 1085 996 quoque
1099 919 1132 968 et
1152 907 1287 971 Senecae
1308 903 1414 972 libelli

361 1017 464 1088 modo
485 1013 610 1086 laudati
632 1011 781 1108 quodem
803 1010 906 1080 modo
926 1013 1041 1081 referri
1063 1031 1207 1106 possunt
1230 1016 1415 1082 Martianus

361 1132 487 1196 Minoes
509 1126 601 1191 Felix
621 1124 749 1218 Capella
764 1119 1016 1202 Madaurensis,
1037 1121 1090 1190 vel
1105 1123 1412 1216 Carthaginiensis,

360 1246 503 1334 scriptor
514 1235 777 1318 semibarbarus,
790 1237 849 1329 qui
864 1259 942 1302 saec.
958 1238 1092 1330 quinto,
1107 1236 1316 1329 temporibus
1326 1244 1413 1306 Leo-

360 1353 565 1424 nisThrucis
582 1351 680 1430 vixit,
703 1351 737 1416 in
751 1347 859 1414 Satira
880 1371 957 1429 sue,
979 1344 1077 1439 cujus
1099 1347 1168 1416 duo
1189 1353 1318 1442 priores
1332 1350 1410 1418 libri

359 1463 583 1554 Philosophiae
597 1467 754 1541 ἀποθέωσιν,
765 1459 835 1524 sive
854 1455 1001 1524 fabulum
1015 1454 1057 1524 de
1071 1461 1197 1550 nuptiis
1214 1455 1410 1553 Philologiae

358 1595 391 1645 et
405 1575 579 1656 Mercurii,
595 1571 715 1666 reliqui
729 1593 808 1636 vero
826 1585 955 1661 septem
970 1570 1177 1664 singulorum
1191 1577 1315 1640 artium
1328 1573 1412 1641 libe·

357 1688 495 1768 raliuur,
525 1684 776 1761 Grammatico,
806 1679 1013 1763 Dialecticae,
1040 1681 1241 1767 Rhetorice,
1266 1689 1409 1752 Geome-

356 1803 444 1885 triae,
468 1797 708 1875 Arithmeticae,
733 1797 956 1860 Astronomiae
979 1809 1013 1860 et
1038 1798 1194 1880 Musicae,
1222 1795 1340 1866 laudes
1368 1824 1408 1868 ac

356 1926 524 2004 praecepta
551 1909 736 1976 continent.
764 1907 899 1971 Anicius
920 1903 1066 1973 Manlius
1094 1911 1287 2000 Torquatus
1312 1912 1409 1977 Seve-

358 2026 449 2090 nnus
462 2020 615 2088 Boethius
633 2013 819 2083 consuleris
841 2018 956 2102 (notus
978 2019 1092 2088 Romoe
1113 2039 1194 2083 eun.
1214 2015 1294 2086 Chr.
1317 2017 1406 2101 455,

266 2173 271 2190 ·
356 2149 390 2200 et
408 2135 518 2198 securi
533 2149 712 2221 percussus
728 2150 807 2194 ann.
831 2127 919 2209 524,
943 2149 1050 2221 quum
1070 2149 1147 2193 reus
1163 2124 1347 2220 mejestatis
1359 2129 1407 2196 fe-

354 2223 429 2311 cuis
449 2242 578 2326 esset),
600 2239 635 2306 in
655 2235 749 2324 libris
766 2235 935 2328 praeclaris
951 2251 986 2302 et
1002 2253 1071 2302 tam
1082 2255 1283 2329 argumento
1301 2263 1404 2333 quam

355 2351 443 2448 stylo
469 2352 659 2444 conspicuis
691 2347 734 2416 de
763 2349 981 2414 Consolatione
999 2347 1231 2442 philosophie,
1254 2373 1340 2445 quos
1368 2353 1404 2416 in

353 2487 486 2534 carcere
513 2463 664 2556 scripsit,
689 2462 723 2528 in
751 2483 853 2555 quem
874 2457 973 2551 jussu
997 2459 1196 2529 Theodorici
1215 2459 1403 2530 Gothorum

353 2579 441 2671 regis
466 2573 637 2668 conjectus
668 2589 750 2640 eret.
783 2571 863 2640 Alite
889 2572 1001 2638 Satine
1026 2573 1201 2667 Menippeas
1232 2577 1332 2641 etiam
1358 2575 1403 2642 ah

351 2687 445 2767 eliis,
469 2703 542 2754 tum
561 2702 657 2766 onte,
677 2701 750 2751 tum
766 2700 843 2776 post
858 2698 991 2750 renatas
1006 2681 1119 2750 literas
1144 2685 1277 2777 scriptoe
1299 2701 1401 2768 suut,

353 2825 385 2866 v.
409 2822 439 2866 c.
459 2823 479 2866 e
498 2801 537 2864 P.
561 2801 673 2868 Cuneo
687 2847 697 2874 ,
710 2793 951 2887 J'uriscousulto
975 2799 1114 2878 Batavo,
1142 2824 1156 2853 α
1176 2793 1280 2863 Surdi-
1296 2800 1403 2863 Vena-

351 2910 421 2991 les,
443 2933 504 2978 seu
525 2911 629 2978 Sotira
645 2909 825 2999 Menippea
853 2909 888 2974 iu
912 2908 965 2977 sui
986 2905 1099 2977 saeculi
1115 2905 1269 2978 homines
1290 2910 1401 3000 inepte

351 3019 521 3102 eruditos3
550 3045 569 3084 o
597 3021 688 3085 Jnsto
717 3019 826 3112 Lipsio
843 3005 1056 3100 ,Somnium
1087 3043 1114 3087 s.
1142 3022 1249 3088 Sotira
1273 3021 1402 3112 Menip-

351 3159 413 3225 pea
429 3134 464 3200 in
483 3133 636 3212 criticos,
656 3147 690 3200 et
702 3148 817 3223 poetas
832 3129 990 3214 inscitos;
1008 3156 1028 3194 a
1049 3133 1135 3198 Dan.
1153 3131 1301 3214 Heinsio,
1320 3135 1403 3199 Her-

349 3244 442 3314 cules
466 3259 561 3312 tuem
587 3243 703 3327 iidem,
732 3245 801 3310 sive
827 3247 1022 3311 Muusterus
1046 3242 1345 3335 Hypobolimaeus,
1366 3243 1404 3314 id

351 3369 418 3435 est,
441 3355 544 3426 Satira
565 3356 748 3448 Menippea
763 3351 804 3419 de
826 3355 906 3436 vita,
922 3355 1050 3444 origiue
1075 3371 1109 3420 et
1130 3354 1280 3420 moribus
1300 3356 1399 3444 Cesp.

349 3465 503 3555 scioppii.
522 3495 536 3524 o

394 3572 458 3641 sed
475 3571 544 3666 jam
557 3570 815 3666 progrediemur
829 3570 872 3639 ed
887 3595 1063 3640 recensum
1077 3595 1215 3654 eorum,
1229 3574 1289 3666 qui
1303 3573 1398 3640 Luci·
1496 3664 1501 3674 Ι

349 3688 427 3756 lituo
439 3703 473 3754 et
485 3689 598 3756 satire
613 3685 655 3754 ab
670 3711 710 3760 eo
722 3689 867 3758 inventae
882 3709 988 3780 genus
1005 3687 1122 3753 imitati
1136 3701 1227 3754 sunt.
1243 3689 1328 3754 Huic
1342 3688 1400 3753 Sa-

346 3799 417 3863 tiroe
445 3798 593 3892 primum
618 3819 741 3863 novom
766 3795 867 3889 plane
895 3796 1070 3891 multoque
1096 3795 1271 3866 meliorem
1291 3795 1402 3864 induit

345 3909 490 3976 formam
503 3910 676 4000 ingenium
691 3911 836 3991 Horatii,
858 3911 916 4004 qui
930 3908 1125 3977 maculasset
1140 3907 1248 3990 lobes,
1262 3927 1334 3975 tum
1350 3911 1401 3975 in·

346 4022 439 4086 curia
451 4021 613 4101 auctoris,
629 4035 699 4088 tum
716 4018 830 4089 saeculi
845 4023 945 4112 genio
959 4023 990 4088 ci
1004 4019 1198 4114 adspersas,
1212 4017 1312 4102 eluit,
1327 4043 1400 4103 ver<

343 4127 467 4197 borum
480 4129 691 4200 contumeliis
706 4146 739 4200 et
754 4130 949 4224 petulantioe
961 4127 1056 4222 jocos
1070 4147 1103 4197 et
1116 4129 1223 4209 sales,
1236 4131 1395 4198 orationi-
