2986 4924
366 413 432 476 aro
539 391 695 480 VARlAE
718 389 990 456 LEGTIONES
1014 390 1075 456 ET
1100 391 1236 458 tto'rAE

399 521 465 573 ttae
480 518 524 588 47.
538 517 634 572 soora
643 516 686 569 vel
696 516 792 589 aequali
801 517 934 590 stupentis
945 527 1061 590 tempora
1073 519 1150 572 Libro
1161 522 1248 574 Parca
1257 533 1335 576 tenax
1347 527 1404 578 oei.

361 600 472 652 -Dixit
483 599 621 670 superiore
631 615 728 649 tersus
742 596 792 649 sub
805 596 898 650 eodem
911 597 998 650 sidere
1010 600 1067 652 nati
1077 618 1185 663 sumus3
1199 621 1271 654 nunc
1282 603 1357 656 dicit:
1369 605 1404 657 sel

361 681 410 734 sub
420 679 500 732 Libra
514 680 569 731 nati
578 695 685 744 sumus,
698 676 746 730 sed
756 679 793 729 ita
807 677 872 730 dicit
883 696 932 750 per
942 681 1076 751 poeticam
1086 681 1273 754 periphrasim.
1284 714 1319 724 —
1327 687 1405 738 Parce

361 773 440 814 tenax
453 760 506 813 veri
514 779 525 820 ,-
540 758 579 810 sic
594 771 673 810 vocat
691 759 775 811 latum
793 756 858 809 illud
872 757 1036 811 immutabile
1054 779 1086 812 sc
1105 775 1223 831 eertum,
1243 764 1319 836 quod
1336 769 1405 818 stoici

359 839 558 894 reverebantur.
572 839 659 890 Poetis
678 856 740 890 vero
756 839 880 891 ministrae
897 838 947 892 fati
965 839 1101 911 finguntur
1118 852 1171 898 tres
1188 845 1278 898 Parcae
1295 863 1404 900 mores

357 921 448 993 virgil.
462 919 551 992 Ecloq.
566 921 602 972 1v
609 955 618 984 ,
633 917 682 986 46:

558 1023 620 1068 reto
628 1023 945 1070 mansuetissimam
955 1024 1024 1080 nos,

559 1091 682 1136 Concordes
690 1090 763 1135 stabili
772 1090 869 1135 latorum
879 1091 970 1136 numine
980 1094 1063 1137 Passa.

356 1200 537 1274 -Stsspendit
548 1209 634 1254 nostra
648 1211 765 1271 tempora
772 1221 781 1261 ,·
797 1202 863 1252 vitas
883 1213 987 1255 nostras
999 1201 1133 1274 alligavit,
1149 1217 1180 1257 ut
1191 1206 1270 1260 simul
1282 1173 1439 1262 deem‘

356 1295 424 1336 rent.
436 1311 473 1323 -
483 1279 595 1354 Equuli
607 1279 684 1332 Libra
691 1301 702 1339 ,-
713 1279 804 1350 virgil.
819 1279 915 1351 Georq.
928 1281 954 1345 1,
971 1283 1037 1335 208:

558 1387 624 1432 libra
634 1387 670 1430 die
678 1386 794 1443 somnique
803 1399 867 1444 peres
877 1388 917 1430 ubi
927 1385 1003 1432 haesit
1012 1390 1085 1434 bores.

354 1487 393 1537 Ex
402 1503 434 1537 ea
443 1494 531 1536 autem
541 1479 692 1552 equalitate
704 1479 787 1533 Librae
794 1479 935 1532 commoda
947 1483 978 1533 iis
987 1481 1153 1548 derivabant,
1166 1487 1210 1556 qui
1220 1485 1271 1537 snb
1281 1505 1315 1538 eo
1325 1487 1405 1540 sidere

353 1563 546 1618 nascebantur:
562 1562 666 1613 Persius
680 1561 761 1612 vitam
772 1578 885 1632 aequam,
900 1561 940 1612 rel
954 1559 1081 1634 oeqreolem
1096 1561 1196 1615 derivat
1211 1564 1358 1632 ambobus,
1373 1569 1405 1618 ita

353 1656 383 1696 ut
396 1641 505 1695 eosdem
518 1657 603 1692 annos
620 1651 646 1690 et
661 1639 786 1707 affectus,
804 1639 895 1692 eadem
912 1639 1016 1708 studia,
1035 1660 1165 1695 summam
1178 1644 1330 1696 animorum
1344 1665 1405 1697 con-

347 1724 519 1802 junctionem
532 1731 558 1772 et
572 1719 774 1772 consensionem
785 1720 900 1790 pariant.

388 1833 455 1884 Nou.
475 1830 526 1898 48,
544 1827 588 1896 49.
609 1828 660 1880 Sess
676 1836 739 1879 nata
754 1823 877 1896 fidelibus
894 1825 959 1880 hora
974 1827 1079 1880 Dividit
1091 1828 1117 1881 in
1134 1831 1258 1884 Geminos
1270 1834 1407 1886 concordie

347 1911 411 1982 fota
431 1911 550 1962 drumm.
572 1937 609 1948 —
619 1909 652 1958 ll.
676 1924 701 1958 e·
718 1905 767 1957 Vel
785 1907 841 1958 nati
861 1923 953 1959 sumus
973 1907 1024 1958 sub
1036 1909 1111 1978 tigno
1125 1906 1323 1978 Gemellorum,
1338 1912 1406 1984 quod
1418 1965 1421 1972 ,

353 1993 456 2063 signum
466 1989 588 2044 amicitiae
604 1989 693 2040 lavere
704 1987 860 2058 putabatur.
875 1988 960 2040 Testis
972 1989 1030 2057 ejus
1041 1989 1176 2060 opinionis
1186 1989 1329 2045 Manilius:

560 2098 652 2153 Ungues
660 2097 702 2140 erit
711 2097 810 2140 emsa
818 2107 882 2139 umor
890 2105 912 2140 et
921 2097 1038 2141 maedis
1047 2098 1138 2155 duplexq

555 2165 648 2222 Hagnas
656 2172 678 2207 et
690 2164 715 2208 in
724 2163 806 2208 multos
815 2163 888 2208 reniet
896 2176 1009 2208 succum
1017 2165 1107 2209 anuos

352 2306 388 2320 -
397 2271 596 2348 Notoficlelibus
610 2271 689 2335 horu,·
700 2271 841 2346 hypallage
851 2289 902 2344 pro
915 2273 978 2326 hora
994 2291 1048 2345 qua
1058 2271 1149 2326 fideles
1162 2274 1241 2326 amici
1251 2289 1404 2330 nascuntur.

352 2356 497 2408 -Dividit
508 2355 536 2405 iss
549 2355 671 2408 Geminos
675 2375 685 2416 ,-
700 2352 823 2424 dispertit
834 2351 966 2406 sideribus
978 2353 1176 2416 Gemellorum,
1193 2371 1261 2426 quos
1278 2356 1324 2408 alii
1336 2357 1406 2410 dice·

352 2437 418 2490 bant
434 2453 492 2488 esse
506 2435 617 2487 Castora
632 2447 658 2486 et
671 2431 825 2501 Pollucem,
842 2429 886 2485 alii
900 2431 1041 2486 Herculem
1057 2447 1084 2486 ct
1097 2433 1267 2504 Apollinem,
1284 2436 1406 2490 nonnulli

351 2515 546 2588 Triptolemum
561 2525 587 2566 et
603 2514 720 2575 lasium;
735 2514 839 2584 priores
855 2513 1025 2584 puriorem,
1043 2515 1203 2584 posteriores
1220 2533 1270 2587 per
1284 2515 1404 2570 Cererem

350 2600 420 2650 inter
432 2595 516 2650 sidera
528 2595 669 2667 repositos.
682 2593 804 2648 Geminae
814 2605 903 2665 potest
912 2611 967 2646 non
978 2593 1063 2647 solum
1078 2593 1112 2646 ad
1121 2595 1224 2648 celeste
1236 2595 1309 2650 sidus
1322 2611 1405 2651 trans·

353 2677 430 2744 ferri,
449 2673 588 2728 sedetiam
605 2669 640 2724 ad
658 2673 774 2724 Persium
794 2684 820 2723 et
836 2671 1028 2724 Gomutum-
1039 2671 1183 2726 Conoordio
1195 2673 1259 2745 fota
1275 2676 1405 2739 duona,-

353 2759 371 2808 i.
384 2775 408 2809 e.
423 2773 514 2808 curam
526 2754 575 2806 fati
586 2771 636 2804 nos
648 2751 845 2804 concordantis.

389 2879 456 2931 Nor.
472 2877 515 2932 50.
529 2878 722 2948 Summumque
731 2893 838 2948 prooem
852 2886 939 2930 nostro
952 2877 1020 2930 Jove
1031 2876 1186 2952 fronpimus
1196 2897 1259 2931 aaa.
1270 2907 1308 2918 -
1323 2880 1404 2933 Vetus

353 2959 509 3013 scholiastes
524 2959 561 3010 sic
579 2957 711 3028 explicat:
729 2977 741 3002 ι
758 2957 784 3008 Si
799 2955 864 3030 qnid
882 2971 956 3024 erat,
974 2957 1048 3029 quod
1071 2957 1170 3012 malum
1189 2962 1318 3030 geniturae
1344 2981 1405 3016 mee

354 3040 457 3108 siqnum
469 3037 578 3091 Sotnmi
589 3037 710 3102 inferret,
720 3037 897 3107 prosperitate
911 3035 994 3088 atellae
1006 3037 1080 3089 loris
1095 3050 1135 3088 est
1147 3037 1298 3108 depulsum.
1307 3041 1407 3093 s-Sa.

345 3129 459 3170 tremum
467 3133 590 3188 pravum
601 3113 628 3166 h.
641 3133 665 3166 e.
678 3114 796 3173 noxiums
808 3112 956 3166 maleficum
970 3116 1040 3167 enirn
1056 3114 1201 3186 putabatur
1214 3115 1286 3188 sidus
1297 3117 1406 3170 &mni

353 3199 386 3249 iis
399 3213 514 3267 qnorum
524 3194 639 3248 natalem
652 3193 722 3246 diem
735 3194 838 3265 aspicit.
848 3193 947 3246 Plinius
958 3196 1022 3264 Maj.
1037 3193 1082 3246 lib.
1094 3195 1133 3259 ll,
1148 3213 1207 3266 cap.
1221 3196 1253 3248 8:
1268 3219 1280 3244 ι
1295 3197 1406 3249 Saturni

354 3276 427 3331 sidus
445 3273 537 3346 gelidae
552 3293 583 3328 ac
597 3277 704 3348 rigentis
720 3289 827 3326 naturae.
841 3298 853 3322 s
873 3300 910 3314 ·-
923 3277 1018 3330 Nostro
1037 3276 1119 3336 Jove5
1134 3275 1215 3342 Jove,
1235 3277 1311 3346 cujus
1333 3277 1404 3328 sidus

354 3369 474 3408 nostrum
488 3367 543 3422 est,
555 3373 605 3425 pro
620 3354 697 3406 nobis
709 3354 783 3406 facit.
796 3353 910 3420 Plinius,
929 3353 989 3406 loco
1005 3356 1105 3406 citato:
1123 3354 1236 3406 -Manis
1255 3353 1351 3406 ardore
1362 3357 1404 3407 ni·

353 3435 424 3502 mio,
444 3445 470 3485 et
483 3433 570 3504 rigore
586 3431 709 3498 Saturni,
729 3433 897 3502 interjectum
912 3430 1058 3500 ambobus,
1079 3449 1109 3482 ex
1131 3442 1245 3504 utroque
1264 3436 1404 3504 temperari

348 3515 446 3566 Jovem
457 3511 652 3583 salutaremque
662 3510 726 3564 lieri.
738 3533 749 3558 s
761 3512 972 3584 -lianpimttu
986 3523 1135 3583 temperare
1150 3522 1176 3562 et
1184 3511 1310 3586 franpere
1322 3493 1405 3566 sistro·

355 3591 477 3663 logorutn
487 3607 567 3642 voces
578 3591 605 3640 in
615 3608 674 3643 eam
685 3608 741 3642 rem
752 3603 912 3642 consecrate
926 3609 984 3643 esse
995 3591 1124 3643 videntur.
1137 3589 1253 3655 Seneca,
1268 3591 1302 3644 de
1313 3593 1403 3646 Benel.

349 3669 401 3723 lib.
418 3671 454 3721 lv
461 3707 469 3736 ,
487 3687 545 3742 cap.
560 3670 592 3723 23
606 3691 612 3721 t
626 3689 702 3722 «non
716 3669 828 3722 dubium
842 3683 882 3722 est
897 3672 960 3742 quin
975 3669 1028 3722 hoc
1047 3669 1157 3722 humani
1172 3674 1276 3742 generis
1292 3671 1404 3725 domici-

349 3749 420 3802 lium
433 3750 558 3802 circuitus
575 3747 636 3802 solis
652 3763 679 3802 et
690 3749 758 3801 lune
773 3749 875 3801 vicibus
890 3751 943 3802 auia
961 3761 1101 3822 temperet:
1115 3751 1180 3822 quio
1193 3751 1301 3804 alterius
1315 3751 1404 3805 calore

348 3830 459 3883 alantur
471 3847 600 3901 corpora,
612 3828 743 3899 alliqaotis
755 3831 844 3881 omnis
859 3827 960 3900 hyemis
972 3831 1076 3882 tristitia
1082 3829 1255 3903 fronqotum
1272 3832 1327 3884 Cur
1341 3849 1403 3884 sero

352 3911 460 3966 Saturni
481 3909 557 3963 stella
579 3908 717 3978 malefica,
734 3911 808 3964 Jouis
828 3908 948 3964 alonna
968 3910 1112 3978 habeatur,
1132 3911 1259 3983 explicuit
1280 3913 1401 3965 Macrob.

347 3991 405 4044 Sat.
419 3992 444 4058 l,
462 4006 508 4061 19,
520 3991 560 4044 Be
574 3991 682 4043 Somnio
699 3991 841 4062 Scipionis.
861 3991 952 4044 llorat.
968 3989 1020 4045 od.
1035 3993 1073 4057 ll,
1098 4007 1145 4060 17,
1158 4007 1193 4066 Ι17
1212 4010 1252 4062 sq.
1266 3990 1329 4044 vid.
1344 4011 1401 4063 sup.

346 4085 407 4126 ssot.
417 4072 466 4139 ⁴⁵³
539 4073 599 4124 s'l'e
607 4071 681 4124 Joois
691 4072 773 4142 impio
782 4070 878 4125 Tutela
891 4072 1004 4126 Sammo
1015 4070 1149 4141 mtotqem
1157 4071 1270 4143 Eripuit.
1281 4094 1292 4118 ι
