3038 4932
323 475 388 540 300
569 472 630 534 DE
653 471 751 533 CAll
776 467 966 534 LUCILII
991 471 1113 534 VITA.

321 601 464 672 Horatio,
480 597 622 656 Bibaculo
635 599 715 656 inter
726 597 897 678 praecipuos
912 596 1034 656 iambici
1047 597 1191 656 carminis
1202 599 1366 679 scriptores

321 709 453 758 recenset
463 695 545 769 :sed,
562 693 659 753 sicubi
673 694 709 752 iis
721 714 793 754 usus
806 707 865 765 est,
881 693 1002 752 nullum
1019 706 1163 774 praeterea
1175 694 1259 754 aliud
1277 699 1366 754 metri

319 813 416 873 genus
428 791 541 851 ibidem
555 811 715 872 usurpasse
727 790 882 850 affirmare
899 791 1043 850 ausimus.

360 895 407 953 sic
422 893 515 972 igimr
526 889 564 948 de
575 891 692 971 scriptis
708 886 771 970 ejus
789 891 823 948 in
839 891 1016 949 universum
1033 887 1157 950 habeto.
1282 955 1290 980 Ι

358 988 498 1068 Triginta
506 985 604 1046 libros
611 987 775 1046 satirarum
785 1007 856 1046 eum
868 985 1177 1068 reliquisse,quorum
1186 988 1368 1068 XXprioret

318 1087 499 1148 hexametris
512 1099 591 1145 totos
603 1085 770 1146 constitisse
780 1087 846 1167 ipsa
859 1085 1032 1166 fragmenta
1045 1084 1193 1144 indicium
1206 1086 1321 1166 pariter
1332 1107 1367 1144 ac

322 1185 414 1245 iidem
424 1183 553 1258 faciunq
563 1183 673 1264 reliqui
685 1203 803 1261 omnes,
817 1197 929 1266 praeter
941 1184 1206 1265 trigesimum(qui
1219 1183 1324 1242 denuo
1332 1205 1368 1242 ex

320 1281 453 1342 heroicis
463 1282 653 1361 compositus
666 1278 756 1360 fuit),
767 1293 820 1340 ant
831 1279 985 1354 iambicis,
995 1292 1049 1340 aut
1059 1277 1219 1339 trochaicis
1231 1279 1368 1338 numeris

320 1381 478 1440 constituti
497 1379 592 1439 fuisse
610 1377 765 1439 videntur.
785 1380 815 1439 Si
836 1399 914 1460 quos
935 1398 1006 1438 vero
1027 1380 1060 1437 in
1080 1375 1188 1436 iisdem
1206 1375 1294 1436 libris
1311 1375 1370 1434 ali-

320 1477 447 1558 quando
462 1497 564 1536 versus
576 1475 715 1536 heroicos
728 1473 886 1549 offendas,
901 1494 951 1534 eos
963 1475 1002 1533 ab
1013 1474 1081 1534 aliis
1096 1473 1250 1532 aberrasse
1261 1487 1369 1554 putato

320 1576 440 1637 incuria
453 1574 653 1634 librariorum
668 1575 820 1634 maxime:
832 1593 926 1655 quam
942 1572 1117 1654 frequenter
1130 1573 1215 1631 enim
1229 1571 1269 1630 ab
1281 1571 1317 1629 iis
1334 1573 1369 1628 in

321 1671 457 1730 numeris
475 1683 635 1752 peccatum
653 1672 708 1746 sit,
730 1673 756 1730 ei
772 1672 825 1751 qui
844 1670 1012 1750 aliquando
1030 1681 1142 1728 veteres
1160 1667 1276 1728 codices
1294 1687 1369 1726 curn

321 1767 543 1828 recentioribus
565 1765 729 1836 contulerit
753 1766 871 1846 liquido
896 1779 1033 1826 constare
1058 1765 1255 1826 arbitramur.
1281 1763 1368 1822 Idem

321 1866 432 1924 erroris
459 1865 658 1924 commissum
682 1865 780 1940 scias,
804 1864 925 1943 quoties
952 1862 1126 1942 fragmenta
1151 1861 1255 1942 aliqua
1274 1881 1310 1919 ex
1333 1859 1369 1918 li-

320 1959 383 2021 bris
399 1961 542 2036 XXXVI,
562 1974 617 2020 aut
636 1962 760 2021 XXXIX
780 1960 860 2043 apud
878 1963 1017 2020 Nonium
1033 1960 1125 2022 citata
1141 1959 1300 2020 invenias:
1315 1955 1369 2015 illa

320 2059 447 2118 enimin
460 2059 719 2120 emendatioribus
729 2058 815 2118 libris
827 2059 865 2118 ad
877 2059 990 2134 XXVI,
1001 2070 1055 2117 aut
1067 2058 1164 2116 XXIX
1177 2055 1369 2130 referuntur,

321 2177 356 2214 ac
365 2155 474 2215 similis
483 2155 601 2215 mendae
612 2153 785 2214 Cbarisium
800 2153 998 2214 manifestum
1012 2167 1168 2234 putamus,
1180 2151 1263 2233 apud
1276 2171 1368 2235 quem

320 2271 355 2310 ex
369 2251 465 2310 XLIII
475 2250 586 2311 Lucilii
595 2272 656 2310 vox
667 2249 735 2311 cais
749 2250 921 2310 adducitur.
935 2247 1018 2326 Quid
1031 2245 1135 2308 enimi
1146 2247 1194 2304 An
1205 2243 1369 2306 verisimile

320 2348 359 2406 sit
373 2367 409 2405 ex
422 2358 510 2406 tanto
525 2345 677 2407 librorum
694 2366 843 2420 numero,
858 2358 935 2424 quot
951 2346 1032 2404 inter
1045 2343 1128 2402 XXX
1143 2355 1172 2401 et
1188 2340 1286 2401 XLIII
1300 2339 1368 2400 reli-

321 2444 471 2525 quisunt,
483 2442 606 2504 nullum
616 2446 655 2505 ab
667 2443 732 2506 ullo
743 2445 1018 2528 grammaticorum
1028 2441 1156 2501 verbum
1166 2438 1371 2522 productum?

322 2542 538 2603 Existimamus
556 2543 689 2624 proinde
708 2556 781 2604 nota
800 2543 941 2624 deceptos
960 2539 1101 2600 librarios
1119 2558 1177 2620 pro
1196 2537 1297 2597 XXIII
1314 2557 1373 2596 no-

321 2637 370 2698 bis
385 2639 482 2699 XLIII
502 2641 718 2700 succidaneum
733 2640 846 2702 fecisse.

363 2737 551 2796 Nominatur
573 2748 604 2796 et
621 2737 763 2796 comedia
786 2737 891 2798 Lucitii
910 2738 994 2817 apud
1016 2751 1149 2798 veterem
1171 2739 1367 2818 interpretem

321 2831 461 2904 Horatii,
481 2845 511 2890 et
531 2830 658 2892 Lucilios
678 2835 804 2892 comicus
823 2833 906 2915 apud
924 2833 1122 2913 Fulgentium
1139 2832 1177 2891 de
1196 2833 1297 2914 prisco
1311 2851 1368 2890 ser-

321 2945 431 2999 mone,
446 2944 538 3006 quem
552 2945 617 2984 non
632 2946 695 2985 esse
712 2925 854 2988 eumdem
870 2947 941 2986 cum
959 2940 1065 2987 nostro
1078 2940 1170 3008 poeta
1183 2947 1264 3007 pene
1279 2945 1368 3008 praes·

321 3033 386 3080 tare
401 3022 553 3095 ausimus3
569 3020 662 3103 idque
678 3043 713 3082 eo
732 3023 830 3103 magis
846 3025 930 3105 quod
948 3025 981 3082 in
1001 3026 1098 3083 veteri
1115 3023 1197 3082 libro
1215 3022 1367 3103 Fulgentii

322 3120 445 3177 Lucretii
456 3119 561 3178 comici
575 3139 687 3179 nomen
702 3121 849 3182 exstabat.
865 3121 997 3202 scaliger
1011 3134 1113 3182 autem
1125 3119 1266 3180 RutiIium
1282 3139 1365 3200 repo-

322 3214 460 3272 nendum
472 3215 616 3296 putabat,
629 3237 721 3297 quem
733 3219 806 3296 citat
818 3219 890 3277 item
901 3217 1094 3294 Planciades,
1107 3230 1138 3276 et
1148 3229 1192 3276 est
1203 3216 1273 3291 ille,
1284 3212 1365 3295 cujus

322 3313 531 3373 meminerunt
544 3314 649 3374 Cicero
664 3315 728 3375 lde
738 3317 762 3375 F
764 3316 840 3376 inib.
857 3315 962 3375 libro:
981 3317 1054 3374 item
1072 3314 1206 3374 Velleius
1225 3317 1365 3373 Patercu-

321 3406 378 3467 lus.
396 3409 501 3468 Dousa
523 3424 576 3471 aut
593 3414 746 3488 Luscium,
764 3427 818 3472 aut
837 3414 999 3484 Licinium,
1021 3413 1187 3480 autetiam
1206 3407 1363 3491 Turpilium

321 3505 488 3587 utrobique
504 3509 752 3570 substituendum
773 3509 919 3591 putabat,
940 3529 1075 3588 quorum
1094 3509 1237 3570 omnium
1256 3527 1364 3568 comoe-
1440 3525 1445 3568 ·,

323 3599 461 3677 diarum,
485 3618 596 3684 praeter
615 3606 708 3682 alios,
730 3606 886 3666 Volcatius
907 3605 1056 3686 Sedigitas
1075 3600 1159 3688 apud
1178 3607 1213 3664 A.
1234 3604 1365 3664 Gellium

323 3699 482 3775 meminit,
499 3715 528 3761 et
546 3703 687 3763 vicinitas
702 3705 874 3764 litterarum
891 3701 979 3763 facile
995 3705 1196 3785 imposuerit,
1214 3724 1281 3762 non
1299 3705 1364 3760 satis

323 3805 438 3854 attento
451 3794 587 3858 librario.
604 3799 660 3859 Sed
675 3801 819 3860 aberrant
832 3799 898 3860 haec
909 3821 927 3857 a
945 3821 977 3860 re
989 3815 1110 3874 nostra3
1124 3813 1154 3859 ct
1166 3799 1233 3882 jam
1247 3797 1363 3858 absolu·

323 3905 390 3951 tum
404 3907 448 3953 est
460 3894 612 3978 quidquid
628 3897 666 3958 de
678 3896 797 3959 Lucilio
809 3897 1005 3979 praefandurn
1018 3896 1196 3959 babuimus.
1213 3900 1269 3957 Eo.

710 4105 975 4127 ι*
