2986 4924
336 415 384 478 su
408 413 621 480 ssurnsu
643 411 885 497 omunsu.
1074 443 1137 511 207

87 561 146 599 rum
162 541 350 607 educandum,
368 537 470 592 locutio
488 551 529 592 est
546 540 715 592 ornatiores
731 558 783 612 qne
798 539 938 596 deducitur
951 545 1072 600 Persicus
1087 549 1141 602 ele-

86 637 200 696 gonnor.

122 751 191 800 Non.
212 747 256 816 37.
276 745 425 810 Socratico,
447 745 571 808 cornute,
590 741 660 794 nnn.
677 763 715 782 ε·
734 742 827 795 Omnis
846 743 1017 820 philosophia
1034 751 1140 806 moralis

87 825 159 880 ducit
169 829 302 897 originem
314 843 329 876 a
339 823 464 885 Socrate3
476 821 548 874 huuc
563 835 699 874 auctorem
711 839 743 874 ac
755 837 890 895 parentam
906 845 997 882 omnes
1010 847 1142 885 veneran-

86 919 131 960 tor
141 903 259 959 scholae:
277 905 314 957 ita
331 907 387 974 ejus
401 920 498 955 nomen
512 919 561 974 pro
578 904 661 974 ipsius
677 899 864 975 philosophiae,
883 908 1009 978 imprimis
1021 910 1141 983 philoso-

88 987 154 1059 phie
168 985 277 1040 moralis
290 985 399 1037 nomine
414 977 508 1055 saepius
520 995 673 1054 usurpatur.
688 983 779 1035 Horat.
793 985 820 1035 in
834 984 913 1054 Arte,
924 985 986 1040 310.

290 1118 346 1162 Rem
356 1115 395 1160 tibi
405 1117 522 1160 Sacrufico
531 1125 636 1174 poterunt
646 1117 759 1161 ostendere
768 1115 855 1160 charta.

86 1237 124 1365 ¹lta
132 1237 233 1365 dispiter
243 1233 310 1286 dixit
319 1233 451 1286 Socratico
460 1235 521 1286 sinu
529 1251 578 1304 pro
589 1233 700 1304 sapienti
710 1251 741 1284 ac
751 1231 881 1286 benevolo
888 1242 1010 1307 pectore,
1020 1259 1072 1313 pro
1081 1231 1141 1316 pli.

97 1334 164 1386 nsop
194 1332 237 1368 co.

116 1456 180 1502 Vn.
192 1453 234 1501 38.
248 1455 361 1520 Appositis
371 1455 465 1500 intortos
476 1453 578 1498 extersdu
586 1450 667 1517 mulo
679 1468 758 1500 ntem.
769 1480 800 1490 -
812 1455 879 1516 legit
888 1458 972 1522 lioenig
981 1468 1061 1508 conus
1072 1461 1142 1510 iidem

87 1526 161 1573 HMS.
171 1539 196 1572 et
207 1525 416 1573 laudatissimarum
431 1524 560 1570 editionum
576 1525 687 1580 ostendit,
704 1523 770 1588 quod
783 1523 857 1571 multo
874 1528 951 1573 minus
967 1534 1078 1580 convenit
1089 1550 1142 1580 cum

88 1598 169 1663 Quin
179 1613 204 1644 et
215 1602 318 1646 intortos.
331 1600 405 1644 Porro
417 1610 451 1644 est
459 1597 576 1659 juncturae
590 1593 683 1643 Persius
696 1596 829 1643 studiosior.

121 1725 190 1776 Nor.
204 1721 239 1793 37
254 1731 280 1774 et
294 1723 338 1776 38.
355 1720 442 1786 Tunc,
450 1717 551 1790 fallere
561 1718 638 1772 solers
643 1719 787 1792 ,Appositis
801 1721 908 1774 intortos
919 1724 1037 1776 extendit
1051 1728 1142 1802 repulse

88 1823 178 1860 mores.
188 1835 226 1845 --
237 1805 326 1866 Tuum·
340 1821 423 1876 quum
433 1819 475 1854 me
488 1803 635 1874 suscepisti.
646 1829 684 1842 -·-
693 1800 795 1854 Fallere
806 1801 900 1866 solem
912 1803 1058 1859 breviorem
1074 1808 1142 1862 hane

88 1901 112 1940 et
120 1887 315 1939 subobscuram
327 1884 487 1936 locutionem
499 1883 570 1934 varie
581 1882 720 1954 explicant.
734 1882 846 1934 Censent
860 1883 903 1936 alii
913 1883 964 1936 boc
974 1903 1030 1939 esse
1043 1887 1142 1941 dictum

88 1969 112 2020 in
129 1985 241 2020 sensum
256 1969 318 2038 {ejus
330 1965 463 2018 sententiae
476 1963 594 2029 Horatii,
608 1965 636 2015 in
646 1964 728 2016 Artes
744 1983 756 2010 s
770 1961 925 2036 Decipimur
936 1971 1025 2042 speeie
1039 1972 1139 2036 recti;·

88 2059 133 2100 ent
143 2045 264 2119 ejusdem
276 2043 349 2117 apud
360 2037 480 2097 Juvenal.
495 2039 548 2096 Sat
563 2041 715 2112 x1V‚109=
792 2072 793 2078 =

292 2183 362 2225 Fallit
368 2181 428 2224 enim
438 2179 517 2222 vitium
527 2177 597 2234 specie
608 2177 692 2222 virtutis
701 2187 723 2222 et
733 2181 818 2223 umbra.

89 2301 201 2355 Inclinat
218 2303 246 2355 in
265 2300 338 2354 bunc
352 2319 457 2353 sensum
477 2301 605 2350 Pratoeus.
620 2296 763 2364 Aliivero,
779 2317 810 2350 ac
829 2299 909 2372 longe
924 2302 1031 2374 plures,
1047 2303 1144 2360 intelli·-
1193 2329 1198 2340 ·

89 2395 155 2452 flunt
169 2381 199 2434 id
216 2379 250 2434 de
261 2380 366 2434 solertia
380 2378 473 2450 optimi
490 2378 620 2448 magistri,
634 2377 680 2448 qui
692 2379 787 2430 sensim
803 2397 833 2430 ac
849 2383 905 2433 sine
919 2401 1012 2449 sensu,
1030 2388 1075 2458 qui
1084 2385 1144 2457 fal-

91 2460 167 2513 leudo
176 2460 273 2526 docet,
285 2479 320 2512 ne
332 2461 473 2531 asperitate
486 2473 559 2508 noste
571 2455 700 2508 doctrine
709 2456 902 2508 deterreantur.
913 2460 955 2511 Sic
966 2460 1068 2515 dictum
1077 2464 1144 2515 acci·
1211 2518 1217 2532 ¹

89 2543 169 2612 piunt
179 2541 354 2604 britannicus,
367 2552 392 2591 et
399 2534 583 2599 casaubonus,
591 2548 617 2586 et
626 2535 730 2607 Koeulg,
744 2547 769 2587 et
780 2535 823 2587 alii
831 2557 838 2599 ;
842 2539 912 2608 jure,
925 2544 1071 2611 utopinor;
1081 2561 1143 2594 nam
1154 2588 1157 2596 .

90 2620 226 2693 indulgere
237 2621 385 2692 jurentutis
400 2614 590 2684 imbecillitati,
603 2635 716 2687 eamque
726 2618 782 2670 sine
793 2619 818 2670 vi
835 2636 866 2670 ac
882 2619 940 2670 sins
952 2620 1029 2673 tudio
1041 2639 1056 2671 a
1069 2620 1144 2673 volu·

89 2702 169 2772 ptatis
184 2698 272 2752 studio
286 2699 391 2752 flectere
411 2697 443 2751 nd
459 2716 576 2751 amorem
589 2699 692 2750 virtutis
702 2717 735 2750 ea
748 2698 805 2751 laus
820 2713 860 2751 est
873 2701 1005 2772 praecipua
1020 2703 1144 2772 sapientis
1218 2747 1220 2751 .

89 2784 314 2854 magistrifqnam
328 2779 435 2834 leudem
451 2779 544 2832 tribuit
560 2780 687 2832 Cornuto.
706 2781 825 2832 Porticus
837 2779 978 2845 doctriua,
994 2783 1076 2853 rigida
1095 2784 1144 2838 irn-

89 2863 184 2932 primis
204 2875 228 2914 et
244 2876 364 2928 austera,
384 2863 456 2931 eguit
474 2861 581 2914 solertia
601 2861 737 2926 docentis,
751 2880 784 2912 ne
803 2863 915 2930 juvenes
932 2865 1018 2933 primo
1034 2879 1144 2935 aspectu

89 2939 204 3012 lugeret.
214 2941 386 3014 -Appositn
402 2941 512 2992 intortos
523 2939 640 2990 extendit
656 2938 745 3011 repulse
762 2958 859 3002 morem
879 2939 961 2994 ducta
975 2961 989 2994 e
1007 2941 1144 2996 fabrilibus

90 3021 251 3094 metaphora.
267 3023 441 3092 Corriguntur
458 3033 484 3072 et
503 3033 574 3073 recta
593 3021 659 3071 liunt
681 3038 729 3090 per
745 3021 863 3090 regulam
883 3041 940 3094 quae
956 3041 1038 3092 prava
1062 3037 1145 3076 eraut.

91 3102 182 3154 Similis
195 3102 297 3154 locutio
313 3101 383 3174 apud
396 3103 500 3154 Grecos
514 3101 652 3152 usitatior:
665 3099 788 3166 naiasin
799 3099 1088 3170 steneneswilare,
1102 3103 1143 3156 uel

90 3182 120 3248 ηἷ
128 3182 279 3252 προαγωγῇ
288 3184 332 3235 coi
344 3167 436 3236 uetitos
449 3181 483 3234 cci
494 3175 661 3248 disrupmpn'rst
675 3180 830 3250 irersplci'r3
845 3200 927 3236 mores
937 3196 1027 3236 autem
1036 3186 1145 3240 intortos

91 3264 224 3315 estendere
235 3263 338 3314 dictum
351 3276 414 3314 esta
429 3260 541 3312 solemni
555 3262 672 3314 auctoris
688 3260 800 3313 audacia
813 3264 841 3314 in
853 3264 993 3332 juncturis.

124 3387 190 3440 Nor.
207 3387 251 3458 39
263 3387 300 3439 Et
310 3388 437 3458 premitur
449 3386 550 3437 ratione
561 3385 679 3452 animus,
691 3385 814 3457 vincique
829 3383 938 3438 laborat.
952 3418 987 3427 —
998 3385 1033 3442 Et
1043 3390 1144 3462 premi·

91 3469 255 3520 lucratione
270 3469 391 3529 animus‚·
410 3465 566 3518 translatum
587 3464 639 3517 hoc
659 3483 713 3520 esse
730 3465 823 3517 dicunt
843 3467 999 3538 interpretes
1019 3465 1052 3522 al)
1069 3471 1143 3544 equis

92 3545 247 3614 domandis,
260 3551 433 3620 Pratoeusque
446 3545 516 3598 bunc
531 3548 594 3598 citat
606 3539 694 3598 locum
706 3545 822 3599 Platonis
835 3568 840 3596 :
855 3570 865 3592 ι
876 3547 949 3600 Sicut
964 3566 1047 3620 equus
1063 3567 1144 3602 sses-

92 3645 147 3680 sore
158 3629 299 3694 domatur,
311 3630 348 3681 ita
361 3629 462 3681 ratione
474 3626 586 3678 artimus.
598 3649 609 3674 s
626 3625 735 3678 Videtur
744 3641 831 3679 tamen
847 3628 938 3698 potius
947 3625 1028 3680 ducta
1042 3627 1075 3680 ab
1087 3643 1143 3682 arte

93 3705 201 3777 plastica
222 3701 391 3778 metaphora,
410 3707 431 3759 si
451 3701 604 3758 adversum
620 3705 803 3776 insequentem
820 3707 974 3778 prospicias.
997 3707 1143 3776 Ceterum,

93 3788 247 3860 perantiqua
259 3801 300 3840 est
312 3784 383 3858 apud
395 3781 569 3858 philosophos
580 3782 714 3836 distinctio
726 3785 807 3856 partis
821 3783 902 3836 animi
914 3783 1047 3838 rationalis
1060 3805 1075 3836 a
1087 3805 1143 3838 sen·

94 3867 187 3918 nura:
208 3868 259 3920 alia
281 3881 393 3920 vocatur
412 3863 507 3917 Grsecis
525 3859 616 3930 θύμος,
640 3865 745 3916 enimus
763 3865 877 3929 Latinis;
892 3864 943 3918 alia
960 3857 1045 3932 siper,
1067 3866 1141 3919 tutio.

1 4004 2 4010 ,
94 3943 252 4018 Perantiqua
266 3965 328 3998 vero
344 3945 416 4016 apud
437 3957 530 4014 poetas
544 3947 738 4014 representatio
760 3944 829 3997 illius
851 3945 1001 3997 certaminis
1021 3943 1093 4015 qnod
1114 3945 1142 3995 in

94 4039 253 4097 nmquoque
264 4023 374 4078 bomine
389 4026 518 4078 rationem
531 4027 600 4078 inter
613 4038 693 4097 atque
705 4026 825 4078 animuum
837 4027 992 4078 instituitur.
1005 4022 1065 4076 Vid.
1085 4023 1140 4075 Cic.

93 4101 1140 4176 orsi,100;u0‹n.spur.1‚2‚sssqq.;sustentaturus,nens.
