3116 4934
349 487 413 554 556
784 485 952 547 VlNllTl

345 614 475 674 deberet.
488 614 525 674 lu
537 610 569 671 id
580 631 654 691 erqo
664 608 829 670 consilium
844 609 925 668 inter
935 607 1010 666 alios
1022 607 1179 688 Cornutus
1191 606 1398 690 philosophus

344 712 384 772 ob
395 713 546 790 insignem
559 708 743 790 sapientiam
757 706 929 780 adbibitus,
945 725 1041 786 quum
1054 708 1240 766 censuissent
1252 707 1313 767 illic
1326 712 1398 789 qui-

344 810 417 870 dam
438 810 684 892 quadringentos
701 805 813 866 debere
826 803 892 864 fieri
906 805 999 864 libros
1013 848 1021 878 ,
1036 805 1132 879 dixit,
1152 807 1337 866 immensum
1353 811 1399 866 vi·
1455 873 1459 878 ,

345 906 408 967 deri
423 926 605 980 numerum,
622 918 652 963 et
664 907 819 962 neminem
834 916 879 962 tot
894 900 986 960 libros
997 901 1158 961 lecturum.
1172 927 1186 956 e
1197 905 1287 986 Atqui
1301 903 1399 988 Chry·

343 1004 447 1086 sippus
461 998 680 1084 philosophus,
694 997 805 1079 objecit
820 1011 1044 1060 assentatorum
1058 1020 1258 1080 unus‚quem
1272 999 1398 1075 laudas,

344 1117 373 1160 et
391 1100 511 1161 sectaris
520 1146 528 1175 ,
538 1103 690 1173 Cornute,
703 1097 802 1156 multo
816 1095 918 1177 plures
930 1099 1138 1178 composuit„
1151 1099 1207 1156 Cui
1220 1101 1396 1172 Cornutus,

347 1211 411 1258 «est
429 1199 486 1270 ita,
499 1211 532 1256 ut
549 1198 607 1269 ais,
623 1194 742 1274 inquit:
756 1193 805 1254 sed
822 1193 866 1252 illi
887 1193 956 1253 libri
967 1192 1150 1276 Chrysippi,
1164 1191 1307 1253 bumanae
1322 1195 1394 1254 vitae

343 1310 413 1356 sunt
426 1295 522 1354 utiles,
531 1319 544 1347 n
555 1295 622 1369 Qua
636 1291 731 1350 libera
742 1291 835 1349 Stoici
849 1290 985 1350 hominis
995 1294 1141 1350 sententio
1152 1289 1285 1351 offensus
1297 1293 1394 1368 Nero,

343 1395 398 1476 qui
410 1416 443 1453 en
461 1393 574 1452 videret
590 1393 754 1450 vanitatem
768 1405 797 1450 et
813 1391 943 1472 ineptias
955 1411 1023 1450 suas
1037 1389 1140 1472 palam
1155 1393 1261 1468 argui,
1276 1391 1396 1451 Cornu·

343 1507 409 1554 tum
424 1495 455 1552 in
470 1492 602 1552 insulam
622 1491 773 1572 relegavit.
790 1494 826 1549 ln
842 1491 965 1550 Eusebii
980 1505 1082 1550 autem
1096 1487 1253 1548 Chronicis
1265 1489 1395 1569 legimus

343 1611 461 1650 annum
476 1589 567 1649 fuisse
581 1611 598 1647 a
614 1587 734 1648 Christo
748 1602 821 1646 nato
835 1588 1056 1667 sexagesimum
1070 1607 1189 1646 nouum
1199 1630 1208 1658 ,
1219 1601 1248 1646 et
1260 1607 1277 1644 a
1292 1587 1394 1646 Persio

344 1701 469 1747 mortuo
487 1699 649 1766 quartum,
662 1705 760 1764 quum
773 1685 814 1742 sie
827 1683 878 1743 ille
892 1684 1040 1764 relegatus
1053 1699 1111 1759 est;
1125 1682 1394 1764 eodemqueanno

343 1785 504 1844 Octaviam
519 1785 685 1864 Augustam
693 1782 777 1862 jussu
792 1785 896 1842 mariti
909 1784 941 1840 in
954 1782 1059 1842 exsilio
1072 1782 1282 1841 interfectam:
1297 1803 1393 1862 quam

343 1881 502 1943 Cornelius
525 1882 647 1940 Tacitus
672 1880 777 1940 iisdem
800 1880 977 1940 consulibus
997 1882 1125 1939 occisam
1150 1879 1259 1953 refert,
1281 1879 1395 1961 quibus

345 1983 481 2042 Persium
501 1977 657 2040 decessisse
670 1979 819 2040 traditum
837 1993 889 2040 est.
906 1979 978 2038 llaec
993 1977 1055 2038 iere
1072 1992 1161 2054 sunt,
1177 2001 1245 2062 quae
1264 1980 1295 2038 in
1315 1979 1395 2038 ariti-

343 2080 410 2160 quis
431 2078 641 2137 monumentis
662 2075 701 2138 de
719 2079 857 2138 Cornuto
877 2075 1058 2160 philosopho
1076 2077 1168 2136 Persii
1189 2078 1334 2156 magis—ro
1353 2076 1395 2136 le-

342 2195 413 2256 gere
428 2175 635 2236 meminimus.
649 2175 725 2235 Nam
740 2196 831 2256 quem
847 2189 1021 2236 memorant
1035 2173 1129 2234 Aulus
1142 2172 1273 2251 Gellius,
1284 2174 1396 2234 etAm-

343 2273 462 2332 brosius
476 2273 651 2332 Macrobius
668 2275 858 2346 Cornutum,
874 2293 965 2354 quem
980 2271 1102 2340 Gellius,
1111 2273 1225 2354 ubique
1242 2273 1393 2332 Annaeum

342 2391 467 2454 quoque
491 2383 595 2445 vocat,
621 2370 793 2430 Macrobius
820 2369 899 2430 libro
923 2369 1033 2450 quinto
1055 2369 1319 2444 saturnaliorum,
1338 2382 1395 2428 aut

343 2468 492 2530 Macrobii
507 2468 666 2543 librarius,
684 2465 842 2528 Aurelium
855 2486 910 2548 pro
926 2472 1040 2526 Annaeo
1052 2489 1059 2524 ε
1073 2465 1155 2528 hunc
1171 2465 1279 2552 uolunt
1295 2467 1393 2526 alium

343 2586 403 2628 esse
420 2567 611 2640 Cornutum,
626 2585 690 2626 non
707 2561 909 2651 philosophice
930 2564 1092 2640 universe,
1111 2563 1164 2625 sed
1179 2564 1273 2624 solius
1291 2585 1394 2646 gram-

342 2665 460 2724 maticen
472 2663 674 2748 professorem
684 2685 692 2736 ;
703 2665 756 2741 qui
767 2660 858 2720 libros
871 2660 909 2720 de
921 2660 1026 2742 figuris
1039 2663 1259 2722 sententiarum
1275 2663 1395 2743 scripse-

345 2761 403 2836 rit,
422 2782 496 2842 quos
515 2774 668 2820 memorat
687 2759 802 2820 Gellius
826 2758 906 2817 libro
931 2780 1016 2820 nono
1038 2761 1179 2820 Noctium
1206 2760 1392 2836 Atticarum,

343 2858 574 2940 composuitque
588 2860 620 2916 in
635 2857 830 2930 Terentium,
847 2855 1026 2940 Virgilium,
1044 2859 1196 2930 Persium,
1209 2856 1393 2916 iuvenalem

342 2955 578 3025 commentaria,
599 2951 768 3034 dequibus
787 2955 976 3012 mentionem
997 2952 1134 3014 fecerunt
1151 2957 1264 3036 partim
1284 2957 1392 3016 vetusti

342 3053 517 3132 scriptores,
534 3051 645 3129 purtim
661 3052 748 3124 novi,
764 3053 816 3130 qui
830 3064 936 3110 nostra
949 3065 978 3110 et
991 3065 1115 3132 patrum
1132 3063 1311 3114 nostrorum
1328 3071 1392 3109 me-

343 3150 456 3220 moria,
482 3151 680 3228 grammatico
706 3162 932 3223 tractaverunt,
951 3163 980 3208 et
993 3150 1189 3230 scripserunt.
1211 3151 1269 3208 Hic
1292 3153 1393 3230 itaque

343 3247 495 3306 Cornutus
505 3249 796 3308 commeumriorum
811 3263 840 3306 et
854 3269 955 3306 rerum
967 3249 1236 3326 grammaticarum
1248 3249 1391 3328 scriptor,

342 3345 477 3426 quisquis
496 3347 549 3422 sit,
569 3347 622 3426 qui
639 3347 775 3406 Cornuto
792 3344 973 3428 philosopho
991 3347 1081 3404 annis
1099 3348 1149 3404 vix
1166 3347 1391 3428 quinquaginta

340 3438 445 3522 junior
465 3461 524 3502 esse
549 3457 661 3524 potest,
681 3445 706 3502 si
725 3444 805 3502 alius
825 3441 882 3502 fuit
901 3465 972 3502 eum
991 3441 1109 3502 Gellius
1126 3443 1253 3502 doctum
1271 3455 1302 3502 et
1320 3463 1394 3522 pru-

343 3535 482 3612 dentem,
500 3540 675 3598 Macrobius
694 3561 843 3620 maquum
859 3541 958 3598 virum
978 3552 1007 3598 et
1021 3537 1182 3598 literarum
1199 3541 1291 3598 etiam
1308 3537 1393 3598 Grae·

342 3655 449 3693 earum
465 3634 672 3696 doctissimum
686 3634 839 3719 appellat:
855 3656 891 3694 ex
905 3633 989 3715 cujus
1003 3635 1145 3718 plurimis
1160 3637 1277 3718 scriptis
1289 3633 1391 3695 solum

343 3730 491 3806 vidimus,
512 3733 594 3813 quod
619 3731 668 3793 bic
689 3733 807 3792 edimus
829 3734 861 3792 in
880 3733 974 3792 Persii
993 3733 1104 3792 Satires
1124 3734 1390 3792 commentarium.

342 3831 433 3908 Quod
455 3845 533 3892 certe
554 3833 594 3890 ita
616 3832 740 3891 interim
760 3830 870 3907 habet,
891 3845 926 3892 ut
949 3833 1005 3892 nisi
1027 3831 1143 3892 Gellius
1166 3845 1196 3892 et
1216 3830 1391 3892 Macrobius

342 3928 471 3988 Cornuti
483 3929 675 4010 grammatici
689 3929 893 3990 eruditionem
906 3928 995 3990 nobis
1012 3910 1288 4002 commendassent,
1303 3927 1391 3988 semi·

343 4023 471 4084 doctum
484 4022 644 4087 bominem
660 4022 752 4086 fuisse
761 4021 978 4106 judicaremus.
997 4027 1075 4084 Nam
1087 4026 1120 4084 in
1132 4023 1190 4086 boc
1201 4036 1390 4083 commenta·
1437 4050 1440 4054 >

344 4120 391 4178 rio
406 4118 504 4180 mults
520 4120 644 4206 quidem
664 4143 813 4204 perquam
833 4122 967 4198 erudita,
984 4137 1013 4182 et
1025 4123 1242 4204 antiquitatem
1255 4119 1389 4181 multum

1213 4213 1231 4304 l
