3116 4934
378 455 443 521 583
783 453 1015 520 l‘HRSlANA

748 684 803 761 m
829 681 1048 786 Quium.

414 879 544 942 Videtur
555 879 675 939 Persius
690 879 856 939 Horatium
870 883 904 941 in
916 882 1029 941 caeteris
1041 880 1166 964 quidem
1177 883 1274 944 satiris
1285 884 1414 946 studiose

372 979 528 1051 imitatus,
544 977 577 1035 in
591 975 649 1036 bac
661 996 732 1036 vero
746 978 839 1036 etiam
854 978 1033 1053 aemulatus,
1045 993 1075 1038 et
1087 979 1119 1036 in
1133 993 1288 1038 certamen
1303 981 1414 1040 eruditi

372 1075 517 1134 carminis
547 1094 619 1132 cum
644 1072 697 1134 illo
725 1073 905 1134 descendere
929 1095 1031 1135 ausus.
1057 1076 1192 1136 Stoicum
1218 1077 1301 1135 enim
1329 1099 1414 1159 para-

371 1172 506 1248 doxum,
527 1169 613 1251 quod
633 1169 783 1250 singulari
802 1185 959 1231 venustate
979 1185 1161 1232 tractaverat
1182 1174 1330 1233 Horatius
1350 1176 1414 1233 Ser-

371 1289 467 1329 mone
488 1288 505 1349 7
529 1266 603 1326 libri
614 1266 739 1327 secundi
752 1267 939 1342 Satirarum,
959 1267 1018 1327 alia
1039 1269 1089 1326 via
1109 1289 1144 1327 ac
1159 1270 1277 1328 ratione
1297 1269 1414 1329 diversa

274 1423 279 1438 ,
369 1366 521 1449 explicare
536 1378 580 1425 est
597 1385 742 1446 agressus.
760 1367 824 1425 Etsi
841 1380 944 1427 autem
963 1368 1109 1426 eximium
1123 1377 1166 1426 est
1183 1369 1343 1450 utriusque
1355 1389 1415 1428 car·

372 1483 460 1536 men;
482 1481 548 1522 333
569 1474 673 1520 tamen
695 1475 771 1542 puto
795 1461 986 1524 eruditomm
1007 1483 1194 1544 quemquam
1212 1479 1413 1544 negatorum,

368 1574 492 1622 tantum
509 1561 589 1620 iuter
602 1558 682 1620 banc
696 1562 790 1621 Persii
804 1563 934 1622 Satiram
949 1575 979 1621 et
995 1562 1080 1621 illam
1098 1563 1218 1621 Horatii
1235 1583 1296 1622 esse
1310 1563 1414 1622 discri-

369 1659 479 1734 minis,
495 1670 647 1738 quantum
660 1645 786 1716 differre
797 1658 897 1718 solent
912 1658 1058 1739 aretalogi
1075 1656 1205 1738 alicujus
1216 1658 1413 1718 declamatio-

367 1779 420 1818 nes
439 1757 479 1817 de
498 1758 610 1816 virtute
627 1769 656 1815 et
677 1757 775 1831 vitiis,
799 1779 817 1816 a
837 1755 1096 1838 pbilosophorum
1117 1756 1255 1816 diatribis
1276 1759 1317 1817 de
1342 1757 1414 1818 thesi

366 1856 521 1937 proposita
535 1863 675 1913 accurate
692 1853 916 1914 disserentium.
932 1854 1069 1914 Omnino
1083 1853 1120 1914 de
1133 1855 1291 1934 utriusque
1302 1853 1413 1914 borum

366 1954 492 2035 ingenio
507 1973 571 2012 non
582 1973 745 2033 possumus
755 1951 882 2013 aliunde
893 1953 1000 2014 melius
1006 1950 1162 2033 judicare,
1176 1974 1272 2034 quam
1284 1975 1321 2014 ex
1331 1975 1414 2014 eom-

366 2052 527 2134 paratione
549 2050 676 2108 istarum
698 2048 833 2109 duarum
854 2051 1035 2110 satirarum:
1060 2049 1151 2110 ambo
1174 2071 1273 2132 quum
1296 2053 1412 2110 virtutis

366 2167 503 2208 amorem
522 2145 757 2228 profiterentur,
777 2160 807 2205 et
827 2145 1018 2230 philosophis
1035 2147 1203 2228 praesertim
1220 2147 1328 2208 Stoicis
1342 2168 1412 2228 ope-

366 2266 433 2305 ram
448 2258 628 2318 navassent,
642 2243 735 2303 simili
756 2265 868 2324 genere
889 2245 1033 2304 carminis
1051 2265 1149 2303 mores
1167 2242 1334 2305 bominum
1352 2266 1413 2304 car·

366 2364 437 2426 pere
464 2357 557 2423 atque
582 2341 746 2402 emendare
770 2343 985 2414 instituerunt,
1010 2341 1059 2401 sed
1081 2341 1132 2401 ille
1155 2341 1281 2421 quidem
1304 2355 1412 2402 natura

365 2443 469 2502 irrisor
488 2454 581 2522 atque
602 2441 708 2518 dicax,
730 2442 963 2502 convenientem
978 2443 1103 2522 ingenio
1123 2461 1288 2522 personam
1305 2445 1338 2500 in
1360 2441 1411 2500 bac

365 2542 462 2601 Satira
473 2539 611 2616 induxit,
626 2539 711 2622 cujus
724 2540 799 2600 sales
811 2554 840 2600 et
849 2541 1057 2600 urbanitatem
1070 2540 1173 2621 potius
1186 2539 1309 2618 laudes,
1321 2561 1411 2620 quam

366 2638 573 2698 eruditionem
593 2639 699 2717 magni
715 2637 819 2697 facias.
841 2639 943 2697 Davus
960 2639 1108 2696 nimirum
1125 2650 1185 2711 est,
1199 2639 1254 2718 qui
1275 2637 1410 2696 libertate

365 2737 521 2797 decembri
540 2738 659 2811 utitur,
685 2756 780 2816 euque
795 2737 950 2795 occasione
973 2735 1082 2795 herum
1113 2734 1151 2795 de
1177 2737 1239 2795 suis
1259 2737 1359 2810 vitiis,
1385 2750 1411 2794 et

365 2837 463 2895 animi
477 2837 693 2914 servituteque
708 2848 774 2892 erat
788 2835 943 2906 astrictus,
957 2834 1112 2894 admonet.
1128 2835 1247 2893 Persius
1258 2855 1334 2894 vero
1349 2854 1409 2892 ma-

365 2933 410 3011 gis
425 2932 535 2992 docere
553 2943 642 3010 aptus
660 2949 754 3010 quam
776 2929 890 3005 ridere,
911 2943 994 2989 totus
1012 2951 1149 3006 severus,
1164 2943 1247 2989 totus
1261 2930 1363 3008 gravis
1376 2929 1410 2987 de

365 3053 396 3090 re
415 3027 627 3112 philosophica
647 3028 872 3109 disputaturus,
892 3050 1054 3110 personam
1075 3029 1201 3089 assumit
1222 3025 1410 3110 philosophi·

364 3148 451 3201 cam;
467 3124 553 3208 cujus
570 3141 667 3208 partes
678 3127 721 3186 sie
734 3141 851 3202 tuetur,
864 3141 894 3185 et
905 3127 1031 3208 perfecti
1042 3129 1128 3187 stoici
1144 3146 1253 3186 omnes
1266 3146 1408 3186 numeros

364 3226 405 3287 ita
424 3221 548 3306 implet,
568 3235 603 3282 ut
624 3243 663 3281 ne
684 3223 764 3282 Zeno
785 3223 909 3304 quidem
930 3223 1014 3282 illam
1031 3225 1172 3304 Spartam
1195 3221 1303 3282 melius
1322 3221 1408 3281 fuisse

365 3317 532 3379 ornaturus
556 3318 706 3378 videatur.
730 3318 785 3378 Sed
814 3319 850 3378 ad
874 3321 1048 3378 institutum
1071 3333 1211 3378 nostrum
1234 3317 1406 3388 redeamus,

364 3417 546 3477 nemetiam
565 3413 631 3476 baec
645 3417 760 3490 Satira,
782 3418 913 3476 maxime
934 3429 1036 3476 autem
1057 3415 1209 3497 posterior
1228 3413 1313 3476 illius
1325 3435 1404 3497 pars,

362 3513 431 3572 auri
445 3514 608 3574 Horatiani
622 3515 768 3573 ramentis
781 3533 844 3572 non
860 3515 965 3594 paucis
978 3529 1020 3572 est
1037 3533 1165 3595 aspersa.

406 3634 430 3671 1.
448 3611 569 3674 Vatibus
583 3611 628 3672 bic
643 3633 703 3672 mos
716 3623 764 3672 est.
777 3649 814 3656 --
827 3613 990 3672 Horatius:

546 3763 645 3826 Regibus
654 3761 692 3809 bic
703 3779 751 3808 mos
762 3775 796 3809 est
802 3795 868 3808 .....

400 3892 428 3969 ιἰ.
456 3893 584 3956 Vulnere
610 3893 942 3956 sequtlridueentis.
964 3895 1116 3954 -Satira
1138 3897 1238 3978 prima
1267 3895 1337 3956 libri
1359 3894 1399 3966 ll,
1479 3971 1483 3992 Ι

359 4010 402 4049 rs.
426 3992 475 4050 15:

546 4131 591 4174 Aut
600 4127 699 4174 labentis
706 4143 768 4190 equo
778 4127 891 4174 describat
900 4126 995 4174 volnera
1005 4129 1089 4174 Parthi.
