2970 4936
353 471 399 536 9⁰
532 447 687 512 VARlAE
712 447 985 514 LECTIONES
1008 451 1070 514 ΕΤ
1094 451 1230 517 NOTAE

352 574 380 623 in
392 571 524 642 ejusVita.
539 569 581 620 At
595 567 668 628 bunc
682 567 802 622 alludere
813 569 970 623 crediderim
983 575 1150 626 notissimum
1165 575 1281 636 Sallustii
1295 577 1404 630 baum:

355 675 366 696 a
377 650 438 702 illos
446 649 536 717 binae,
547 662 593 700 aut
605 647 719 720 amplius
726 649 986 703 domoscoutinuare.
999 675 1010 700 ι
1021 651 1097 704 Catil.
1110 653 1175 706 llell.
1187 673 1228 708 ao.
1241 659 1406 708 Memoratur

353 749 461 804 quoque
476 730 591 782 Licinius
601 730 766 796 Enceladus,
784 745 891 799 tonsor,
907 732 1019 802 Augusti
1035 733 1146 787 libertus
1157 749 1182 787 et
1192 738 1322 804 minister,
1332 735 1406 789 ditis-

352 815 443 864 simus.
453 811 573 863 Juvenal.
585 809 651 863 locis
663 813 786 884 superius
796 813 897 872 citatim
910 813 981 864 Suet.
994 815 1062 885 Aug.
1075 816 1164 886 67.-
1173 817 1273 880 ratun,·
1285 820 1406 886 lungen-

351 893 416 945 dum
431 909 491 944 cum
505 890 623 965 supplice
636 904 710 952 voto,·
725 903 784 944 orat
797 911 894 964 nempe
908 893 1002 946 infanti
1017 913 1127 965 magnes
1140 896 1204 948 olim
1218 915 1297 968 opes,
1312 915 1406 967 agros,

351 972 464 1037 domos,
481 985 549 1038 etc.,
567 985 594 1023 et
606 971 726 1044 optando
738 970 811 1024 uelat
822 973 851 1024 in
865 989 956 1038 earum
967 977 1162 1046 possessionem
1175 977 1264 1028 mittit.
1277 979 1405 1049 Proprie,

352 1053 470 1105 mittebat
481 1065 578 1124 praetor
590 1054 616 1103 in
631 1053 828 1123 possessionem
842 1054 881 1104 rei
892 1052 1012 1124 alicujus.

383 1195 444 1240 Van.
462 1191 500 1258 37.
518 1195 584 1240 Hunc
595 1201 674 1256 optent
683 1209 792 1257 penarum
804 1210 846 1239 rex
858 1203 881 1240 et
894 1197 988 1260 reqr'na!
1000 1221 1032 1232 -
1043 1193 1096 1241 Edit
1110 1195 1170 1242 8055
1185 1205 1246 1260 optet
1259 1208 1406 1262 praepetem,

351 1265 415 1328 qnod
423 1265 550 1328 elegantius
559 1265 616 1311 mihi
625 1265 719 1313 videtur
729 1265 838 1328 quodque
848 1263 923 1312 libens
932 1268 1078 1330 recepissem,
1088 1267 1132 1315 nisi
1141 1269 1166 1314 in
1173 1267 1244 1316 altera
1254 1269 1356 1316 lectione
1364 1287 1408 1316 ose·

352 1338 394 1384 teri
406 1339 480 1384 MMS.
494 1339 654 1384 consentirent
664 1351 794 1399 omnesque
807 1337 916 1384 editores.

386 1437 454 1488 ttor.
474 1436 517 1506 37.
532 1437 613 1488 Hunc
625 1447 715 1508 optent
722 1453 847 1508 qenemm
858 1454 902 1486 rex
911 1449 936 1489 et
947 1437 1037 1510 reqina
1045 1442 1054 1489 l
1059 1437 1196 1488 -Votum
1210 1451 1249 1489 est
1258 1457 1309 1508 pro
1318 1439 1405 1490 forma

351 1517 471 1588 corporis
485 1529 511 1568 et
521 1518 650 1591 potentia.
664 1516 722 1567 Iiex
732 1527 759 1566 et
771 1516 861 1587 reqina
870 1533 920 1587 pro
933 1515 1103 1568 nobilissimis
1116 1529 1142 1568 et
1154 1517 1312 1568 beatissimis
1324 1519 1406 1587 positi

351 1607 422 1648 sant.
435 1595 530 1650 Similis
541 1595 616 1648 color
625 1595 753 1646 orationis
766 1608 807 1647 est
818 1595 890 1667 apud
902 1594 996 1646 Catuli.
1007 1594 1090 1661 LXll,
1101 1595 1133 1660 du
1142 1616 1149 1658 3
1157 1596 1230 1666 Virg.
1241 1594 1344 1646 AEueid.
1356 1597 1405 1661 Xl,

352 1677 402 1729 582
415 1693 490 1750 sqq.;
501 1678 600 1747 Georq.
613 1675 638 1743 1,
654 1676 697 1728 31.

382 1822 444 1870 Van.
462 1821 501 1870 38.
519 1820 636 1886 Quidquid
647 1816 780 1873 calcaverit,
797 1815 831 1864 liic
846 1833 897 1864 msa
904 1819 959 1880 fiat.
973 1842 1004 1852 -
1017 1817 1071 1864 Herc
1080 1817 1151 1864 rerba
1161 1817 1245 1878 llunig
1254 1815 1321 1865 aliter
1332 1820 1407 1866 inter·

352 1892 447 1953 pungit,
462 1893 486 1936 iu
495 1888 559 1935 hunc
569 1887 664 1935 modum
676 1905 681 1934 :
697 1888 810 1954 quidqtu‘d
817 1885 938 1933 calcaverit
947 1885 994 1942 liic,
1009 1887 1115 1950 nisafrat.
1126 1885 1212 1932 Retulit
1223 1885 1257 1934 la'c
1267 1886 1296 1933 ad
1305 1904 1410 1950 puerum

352 1975 378 2008 ut
387 1978 529 2026 pronomen,
540 1978 588 2008 non
598 1961 628 2008 ad
636 1960 715 2006 locum
725 1973 751 2007 ut
760 1959 906 2007 adverbium.
916 1959 991 2008 Proba
1001 1971 1099 2021 utreque
1109 1959 1178 2006 lectio
1188 1971 1235 2018 est,
1246 1971 1269 2006 et
1278 1973 1356 2006 utram
1365 1960 1407 2007 ad·

352 2032 441 2078 miseris
450 2031 526 2094 capilli
536 2031 651 2077 interluit.

387 2126 455 2176 Nor.
475 2125 517 2178 38.
536 2123 638 2176 Puellae
656 2123 724 2176 lrunc
739 2126 859 2197 rapiant!
872 2122 1002 2197 quidquid
1014 2121 1167 2189 calcaverit,
1181 2119 1223 2175 liic
1233 2121 1362 2196 rosafiatl
1373 2155 1407 2164 -

354 2204 453 2256 Puellae
465 2205 535 2257 bunc
546 2205 661 2278 rapiant,
674 2217 785 2275 propter
796 2201 1022 2275 pulchritudinem
1033 2205 1087 2255 oris
1097 2204 1264 2274 formamque
1274 2207 1406 2275 corporis.

352 2284 447 2337 Similis
462 2297 501 2337 est
514 2286 541 2335 iu
555 2303 640 2356 graeco
654 2283 756 2336 locutio
769 2279 881 2354 aiprra'fur
894 2297 920 2336 et
933 2281 1101 2351 σνιαρπὶζιης
1114 2283 1205 2336 similis
1216 2285 1242 2335 in
1253 2284 1360 2354 gallico.
1371 2316 1408 2326 —

356 2365 488 2436 Quidquid
499 2363 654 2431 calcaverit,
668 2379 718 2416 etc.
727 2363 825 2415 Votum
838 2361 891 2416 hoc
904 2377 943 2417 est
955 2381 1005 2435 pro
1018 2363 1139 2415 absoluta
1153 2363 1277 2416 omnibus
1288 2369 1407 2417 numeris

352 2443 492 2512 felicitate,
506 2457 535 2495 ut
546 2447 647 2516 optime
659 2443 761 2513 colligit
771 2443 959 2510 casaubonus,
970 2445 1046 2513 cujus
1056 2445 1213 2495 senteutiam
1225 2445 1406 2516 nequicquam

352 2543 400 2577 sua
415 2536 518 2577 vertere
533 2525 630 2594 Koenig
647 2538 775 2591 conatur,
791 2528 837 2596 qui
855 2525 937 2576 refert
956 2541 986 2576 ea
1005 2541 1113 2594 quoque
1128 2521 1161 2574 ad
1178 2522 1405 2594 pulchritudinem

352 2619 569 2678 venustatemque
583 2605 815 2676 corporis-Hic
830 2623 885 2658 rosa
893 2603 964 2678 fiat5
981 2605 1130 2656 contrarius
1147 2615 1188 2654 est
1202 2601 1265 2654 buic
1277 2604 1405 2656 Parsiana

352 2684 396 2736 hic
413 2686 485 2756 apud
501 2688 606 2739 Patron.
621 2687 670 2754 44,
683 2703 777 2738 seusus
793 2706 799 2735 :
819 2687 865 2736 «ts
876 2701 1042 2757 quacumque
1054 2684 1123 2750 ibat,
1135 2696 1231 2736 terram
1246 2683 1380 2737 adurebat.
1392 2709 1403 2732 ι

351 2765 463 2836 Respice
472 2765 506 2816 ad
515 2779 570 2817 not.
579 2769 626 2832 38,
637 2768 686 2834 39,
694 2765 729 2831 4ο
737 2777 784 2818 sat.
795 2765 947 2834 superioris.
961 2761 1098 2817 claudian.
1109 2765 1135 2814 iu
1144 2759 1222 2814 laude
1230 2762 1347 2830 Serenae,
1358 2764 1404 2836 89:

743 2867 924 2911 ...quocumque
932 2867 975 2910 per
983 2853 1074 2896 herbam

555 2922 668 2976 napuras.
677 2919 759 2962 lluxere
768 2931 829 2962 msa.

388 3005 455 3062 Nor.
472 3011 514 3081 39.
526 3011 573 3063 Ast
581 3029 628 3085 eqo
640 3011 735 3064 nutrici
746 3027 798 3063 non
808 3010 905 3064 mando
915 3011 1141 3070 vota.-Nvtrr'ci‚·
1155 3011 1268 3062 sumitur
1279 3009 1405 3063 hocloco

354 3090 443 3142 nutris
460 3089 554 3143 latiore
573 3107 671 3156 sensu,
690 3103 720 3140 ut
739 3109 783 3142 eas
804 3107 896 3142 omnes
911 3089 1042 3162 significet
1057 3089 1241 3155 mulierculas,
1257 3107 1314 3160 quse
1329 3095 1406 3162 pueri

354 3189 444 3222 auram
456 3189 533 3241 agere
546 3171 664 3236 soleant,
675 3167 789 3242 ideoque
800 3173 888 3222 aviam
903 3189 1011 3243 quoque
1026 3184 1052 3222 et
1064 3181 1245 3236 materteram,
1260 3169 1294 3222 de
1307 3170 1404 3241 quibus

355 3249 435 3320 paulo
454 3251 577 3321 superius
593 3252 695 3302 mentio
712 3251 781 3301 facta
802 3261 848 3301 est.
860 3251 949 3303 -Ast
966 3271 1013 3325 eqo
1028 3269 1082 3303 non
1099 3254 1210 3310 mando,·
1229 3247 1341 3302 solemni
1360 3250 1404 3302 illa

348 3332 441 3404 'fortun
456 3332 585 3390 orationis
594 3329 759 3401 (aruspicum
772 3331 841 3382 enim
855 3327 1018 3384 est'rerbum
1030 3331 1138 3401 mando)
1150 3330 1259 3382 damnat
1271 3349 1405 3401 quacum-

356 3427 406 3480 que
418 3421 480 3461 vota
493 3408 594 3460 faciunt
608 3411 724 3462 nutrices
738 3421 764 3460 et
776 3408 895 3474 femine,
911 3427 969 3481 quae
980 3427 1041 3460 uera
1055 3407 1127 3465 bonu
1140 3408 1226 3481 qualia
1240 3410 1291 3465 sint
1302 3427 1405 3480 nequa·

357 3507 436 3560 quem
447 3502 558 3558 possunt
567 3488 725 3544 discerncre.
736 3488 853 3554 Seneca,
862 3489 945 3560 Epist.
954 3489 1069 3554 xxxu:
1083 3511 1094 3535 ι
1104 3492 1271 3560 Optaverunt
1284 3489 1333 3540 ribi
1343 3489 1405 3542 talia

356 3581 479 3639 parentes
499 3571 537 3626 tui
553 3591 558 3620 ι
578 3567 626 3624 sed
641 3587 689 3640 ego
709 3582 803 3624 contra
823 3570 942 3629 omnium
957 3569 1006 3622 tibi
1019 3587 1112 3622 eorum
1127 3582 1309 3640 contemptum
1324 3581 1405 3640 opto,

357 3650 483 3719 quonium
496 3648 534 3702 illi
547 3653 684 3721 copiam.»
700 3649 788 3715 idem,
803 3650 887 3720 Epist.
902 3649 964 3700 LX:
981 3651 1152 3712 sEtiamuum
1166 3663 1258 3722 optas,
1271 3649 1344 3722 quod
1358 3650 1407 3704 tibi

357 3731 459 3800 optavit
472 3730 577 3798 nutrix,
592 3745 637 3784 aut
648 3730 825 3803 pedagogus,
842 3740 889 3782 aut
899 3738 989 3780 mater.
1001 3730 1126 3791 Nondum
1139 3728 1262 3802 intelligis
1275 3743 1407 3801 quantum

357 3807 419 3860 mali
437 3812 619 3879 optaverint.»
638 3811 711 3867 idem
726 3823 805 3864 vocat
817 3821 879 3860 vota
894 3821 1034 3880 pareutum
1048 3829 1098 3880 pro
1114 3811 1205 3882 pueris
1221 3813 1407 3864 exsecrationes

354 3901 501 3960 parennem.
515 3888 556 3940 Cf.
569 3891 659 3947 Horat.
672 3893 721 3961 Ep.
731 3894 756 3956 1,
768 3889 800 3956 4,
812 3890 829 3942 6
841 3906 918 3960 sqq.;
929 3890 1023 3950 lureu.
1036 3890 1074 3956 X,
1090 3889 1140 3956 ¹⁰4
1152 3907 1210 3962 sqq.
1220 3929 1228 3958 ,
1240 3904 1266 3944 et
1279 3909 1332 3960 apo
1344 3909 1406 3962 sqq.

391 3995 458 4047 Nor.
477 3994 519 4060 4ο.
529 3995 631 4071 Nepete
638 4037 647 4064 ,
654 3997 818 4068 Jupiterloec
825 3995 881 4063 itti,
890 3997 1007 4069 quamvis
1015 3996 1135 4049 teallrata
1143 3999 1247 4071 ruperit.
1257 4023 1294 4036 ··-
1302 3997 1408 4070 Nepete

359 4073 412 4126 lroec
421 4073 478 4142 illi,
490 4075 607 4147 Jupiter,·
620 4077 730 4129 multum
738 4075 959 4148 habetgraritatis
967 4077 1031 4129 illud
1043 4077 1076 4129 ad
1083 4075 1176 4130 lovem
1183 4090 1283 4129 votum.
1293 4077 1408 4129 Videtur

358 4153 474 4208 alludere
484 4156 518 4208 nd
527 4173 634 4228 precum
647 4155 800 4222 formulam,
814 4175 872 4228 qua
884 4157 956 4230 apud
968 4159 1103 4211 Platonem
1116 4171 1257 4230 tantopere
1266 4157 1406 4210 laudatur:
