3148 4950
407 391 563 456 PERSII
587 389 647 452 ΕΤ
671 392 954 460 JUVENALIS.
1134 398 1195 483 541

158 516 322 598 ctabatur,
334 513 528 607 juveniliter
541 515 743 601 exsultante,
757 517 956 612 poculisque
969 535 1003 586 et
1016 520 1137 612 puellis
1149 522 1202 590 ad-

158 626 226 694 buc
254 625 385 694 idoneo.
413 631 450 692 ln
475 623 539 692 illis
567 642 753 696 metrorum
777 626 967 696 adstrictior
989 627 1064 712 lex,
1090 633 1124 698 in
1149 631 1200 700 bis

158 759 378 805 numerorum
397 735 598 804 solutissima
614 735 826 830 negligentia.
838 742 876 805 ln
889 738 1044 830 Epistolis
1057 764 1126 808 uon
1143 746 1201 810 So·
1220 789 1222 796 ›

158 850 290 915 creticae
311 846 420 914 solum
435 844 657 939 philosophiae
678 871 794 941 sparsa
816 865 896 916 sunt
909 851 1051 932 semina,
1072 851 1131 920 sed
1143 853 1200 920 illa

97 993 102 1002 ·
158 983 294 1053 quoque
308 960 466 1036 Socratis,
487 974 578 1024 certe
601 956 846 1051 discipulorum
866 957 957 1050 ejus,
978 959 1091 1053 lepida
1111 987 1198 1057 quee-

158 1068 236 1136 dam
248 1093 325 1136 cum
340 1065 581 1135 urbanitate'de
593 1068 694 1135 rebus
707 1067 750 1136 ad
764 1093 874 1137 mores
886 1086 921 1160 et
931 1069 1043 1137 officia
1053 1090 1200 1164 spectan-

158 1179 246 1252 tibus
259 1178 453 1271 disputandi
475 1181 559 1246 ratio
577 1177 776 1266 adumbrata
797 1182 998 1270 agnoscitur.
1014 1182 1064 1249 Ad
1078 1186 1198 1253 Satiras

74 1369 76 1373 ,
104 1276 106 1286 Δ
158 1305 276 1357 contra
292 1288 408 1356 referri
419 1286 561 1368 debent,
578 1287 654 1381 qua}
670 1287 722 1356 vel
735 1286 779 1356 de
792 1288 969 1356 Comoediae
982 1293 1103 1358 veteris
1116 1290 1200 1360 dica·

157 1402 273 1480 citata,
297 1397 340 1465 ab
361 1400 498 1466 Horatio
520 1421 694 1490 expressa,
708 1396 762 1466 vel
772 1396 815 1499 de
828 1400 965 1466 mimico
980 1422 1114 1478 morum
1131 1403 1200 1468 imi·

158 1510 338 1577 tandorum
358 1507 514 1589 artificio,
536 1507 589 1576 vel
611 1507 654 1575 de
676 1507 766 1576 felici
790 1508 1040 1577 Lucilianorum
1061 1510 1198 1603 lusuurn

158 1621 389 1690 emendatione
405 1624 546 1714 passim,
562 1619 622 1689 sed
639 1623 831 1713 promiscue
844 1620 1027 1713 disputavit
1040 1625 1150 1692 Astius
1164 1627 1199 1692 in

157 1732 241 1800 libro
257 1757 361 1828 supra
378 1731 552 1802 laudato.»
571 1729 731 1825 Ejusdem
745 1731 822 1800 libri
843 1750 961 1800 auctor
979 1732 1066 1802 bene
1082 1734 1197 1820 docet,

157 1868 232 1937 cap.
257 1847 293 1927 3,
315 1846 451 1936 vestigia
471 1844 648 1912 Platonicae
664 1845 856 1911 imitationis
873 1846 1042 1939 praecipue
1056 1850 1199 1939 reperiri

157 1960 192 2023 in
204 1960 332 2025 Horatii
349 1960 454 2049 Epist.
470 1957 513 2050 ad
528 1940 664 2025 Pisones
677 1955 735 2043 (de
751 1961 829 2022 Arte
843 1959 1010 2048 poetica),
1023 1974 1056 2023 et
1069 1960 1103 2025 in
1116 1959 1197 2043 hac,

157 2069 269 2162 omnia
282 2091 321 2134 eo
342 2065 465 2147 redire,
487 2082 529 2133 ut
545 2063 644 2147 falsa,
660 2089 735 2161 quae
754 2081 836 2133 tunc
849 2065 1136 2159 percrebruerint,
1156 2068 1198 2136 de

157 2179 250 2269 poesi
261 2175 386 2270 judicia
407 2183 461 2266 (ut
471 2174 513 2244 de
527 2183 605 2244 Arte
620 2175 784 2243 rhetorica
803 2177 839 2242 in
859 2175 1003 2244 Platonis
1023 2177 1197 2266 phedro),

156 2285 259 2353 ruodo
269 2284 432 2378 jocando,
447 2285 547 2354 modo
569 2264 655 2353 serio
669 2285 822 2353 docendo
843 2285 1051 2370 refellantur,
1074 2306 1108 2355 et
1121 2314 1199 2383 per-

158 2402 340 2490 stringatur
351 2417 424 2467 tum
437 2415 560 2492 poetae,
577 2401 648 2466 sine
660 2401 796 2488 ingenio
808 2415 841 2464 et
855 2395 1008 2467 doctrina
1023 2404 1140 2492 poesin
1152 2419 1198 2470 at·

158 2512 340 2602 tingentes,
362 2527 435 2578 turn
451 2512 528 2578 vani
549 2532 667 2577 eorum
680 2505 885 2591 laudatorem
908 2524 1025 2576 caetera
1046 2534 1125 2578 vero
1145 2510 1197 2579 bis

156 2623 282 2689 inserta
294 2646 362 2688 non
373 2624 437 2689 nisi
449 2621 598 2714 episodia
613 2645 695 2688 esse.

205 2737 324 2801 Proeter
333 2732 523 2802 dramaticae
532 2734 784 2826 compositionis
794 2731 973 2800 artificium
985 2734 1084 2800 etiam
1093 2732 1196 2818 aliud,

157 2841 258 2934 idque
273 2866 339 2909 non
361 2833 472 2911 minus
493 2846 703 2936 ingeniosum
717 2859 932 2936 gratumque,
955 2845 1092 2911 Horatio
1103 2867 1198 2936 paene

157 2955 328 3045 proprium
355 2972 405 3021 est
419 2958 453 3021 in
468 2979 581 3022 rerum
606 2956 800 3022 inventione
817 2978 857 3022 ac
879 2953 1113 3046 dispositione,
1137 2935 1198 3020 etsi

156 3063 261 3154 magis
282 3063 504 3156 negligentia,
522 3089 624 3156 quam
645 3087 699 3130 ars
721 3086 793 3132 esse
816 3062 976 3130 videatur.
998 3061 1198 3157 Plerumque

155 3174 246 3238 enim
264 3172 384 3239 idonea
404 3177 595 3254 occasione,
615 3190 801 3264 atempore
819 3172 948 3266 aliquo,
971 3169 1026 3237 vel
1042 3171 1129 3252 loco,
1146 3172 1196 3240 vel

157 3282 327 3374 personis,
341 3280 393 3347 vel
408 3306 489 3347 cura
507 3298 541 3348 et
559 3283 775 3373 cogitatione,
795 3283 913 3374 inqua
935 3298 1097 3364 versatur,
1118 3304 1198 3374 sup-

156 3389 317 3482 peditata,
330 3407 364 3456 et
374 3391 582 3458 dissimulata
594 3387 723 3456 ridendi
741 3388 993 3481 castigandique
1009 3387 1196 3475 voluntate,

155 3499 300 3593 obliquis
311 3497 517 3567 orationibus
529 3513 563 3564 et
576 3497 666 3564 velut
677 3497 776 3587 longe
786 3494 879 3562 aliud
890 3517 1009 3588 agens,
1022 3521 1150 3566 errores
1158 3523 1197 3566 ac

157 3610 235 3674 vitia
257 3610 379 3701 carpit,
399 3631 451 3674 res
475 3609 582 3674 varias
605 3622 639 3674 et
660 3623 780 3697 sponte
800 3603 1064 3674 subministratos
1085 3632 1198 3700 perse·

157 3721 281 3812 quitur,
303 3716 439 3786 missilia
454 3719 627 3809 inopinato
646 3717 787 3807 spargit,
805 3712 1034 3805 imprudentes
1048 3716 1198 3784 adoritur

157 3851 198 3894 ex
218 3827 362 3911 insidiis,
385 3827 513 3896 subitos
535 3827 755 3920 obliquosque
774 3823 831 3892 dat
850 3827 953 3906 ictus,
974 3848 1103 3895 amoena
1124 3825 1197 3893 loca

157 3939 364 4031 negligenter
377 3964 416 4007 ac
433 3939 538 4007 libero
558 3961 661 4005 cursu
684 3951 897 4029 pervagatur,
911 3959 1000 4028 saepe
1014 3936 1055 4003 de
1076 3940 1128 4003 via
1142 3935 1196 4003 de-

158 4045 275 4127 clinat,
297 4073 398 4141 quam
416 4047 516 4116 modo
530 4039 662 4127 inierat,
678 4061 711 4112 et
733 4042 786 4112 vel
807 4061 937 4115 certum
961 4043 1064 4110 finem
1089 4050 1194 4113 consi·

623 4146 636 4175 1
