3176 4954
336 421 402 502 434
726 413 980 478 LUClleNl

333 555 429 630 Haec,
442 560 481 611 ut
491 538 690 633 muscipulae
701 555 817 622 tentae,
831 555 933 632 atque
944 555 983 605 ut
993 539 1136 633 scorpiu’
1152 540 1260 610 cauda

331 657 483 742 Sublata,
494 675 565 724 non
578 669 611 720 te
622 673 723 746 porro
735 650 916 744 procedere
928 655 1090 744 poscent?

833 761 876 827 11.

405 925 628 944 .......
635 870 663 937 ⁸·
692 921 1058 937 ...........
1084 876 1224 965 Legem¹

330 993 483 1058 Vitemus
495 986 601 1052 Licini
612 988 719 1048 Fanni
730 997 885 1049 centusse
895 979 1042 1065 misello,

330 1106 413 1187 Quae
426 1095 548 1190 gallam
558 1092 688 1177 bibere,
702 1114 854 1184 acragas
866 1091 1054 1160 conducere
1068 1096 1194 1161 ventris

330 1218 433 1279 Ferre
446 1228 601 1287 accroso,
617 1203 707 1286 oleo,
719 1218 753 1270 et
763 1207 913 1271 armano
924 1227 1012 1297 pane
1026 1206 1145 1297 coegit.

328 1327 448 1391 Ostrea
461 1316 557 1387 nulla
567 1316 652 1399 fuat,
665 1337 735 1382 non
748 1337 899 1407 purpura
912 1313 1007 1383 nulla
1017 1314 1144 1398 Pelori;

329 1411 570 1510 Pulmentaria,
586 1442 625 1494 ut
635 1425 785 1520 intyhus,
798 1425 977 1520 autaliqua
989 1426 1023 1496 id
1037 1449 1143 1519 genus
1154 1425 1276 1510 herba,

328 1542 490 1636 Asparagi
502 1536 637 1618 molles,
650 1533 704 1602 lici
716 1533 936 1602 comedantur
946 1551 980 1602 et
990 1558 1082 1618 uvat,

330 1651 455 1722 Flebile
467 1673 558 1742 caepe
573 1641 690 1729 simul,
702 1643 966 1741 lacrymosaque
978 1646 1095 1715 ordine
1108 1644 1238 1729 thallae,

329 1769 372 1830 Et
381 1761 437 1857 jus
449 1781 634 1829 maenarum
649 1783 656 1822 :
669 1755 755 1824 bene
769 1754 885 1840 hebet,
903 1761 955 1825 sin
967 1759 1119 1851 mictyris
1132 1757 1205 1828 baec
1214 1779 1326 1843 merx,

327 1883 452 1944 Caseus
464 1870 543 1941 allia
553 1868 712 1951 mollibit,
725 1891 803 1936 cum
814 1869 909 1962 pulte
921 1868 1065 1962 adipata.

328 1982 519 2076 Olapathe,
530 1995 569 2046 ut
577 1975 704 2070 jactare
715 1999 852 2044 necesse
864 1994 931 2060 est,
945 1975 1090 2071 cognitu’
1103 1982 1158 2048 cui
1169 1982 1231 2048 sisi

329 2097 369 2160 ln
380 2117 448 2187 quo
459 2086 572 2158 Laeliu'
584 2085 747 2154 clamores
762 2086 886 2181 sophos
898 2086 955 2155 ille
967 2085 1097 2157 solebat

282 2267 286 2276 .
328 2201 452 2285 Edere,
464 2191 670 2292 compellans
685 2200 814 2292 gumias
827 2197 995 2267 exordiae
1007 2217 1162 2268 nostros:

327 2314 357 2382 Ο
369 2307 479 2395 Publi,
491 2334 512 2379 o
524 2325 645 2404 gurges
658 2307 808 2378 Galloni!
824 2333 859 2378 es
871 2308 973 2378 bomo
984 2310 1103 2393 miser,
1116 2311 1241 2406 inquit,
1348 2329 1350 2334 ’

327 2425 472 2492 Coenasti
482 2425 517 2490 in
530 2423 598 2489 vita
612 2443 788 2516 nunquam
799 2419 902 2504 bene,
918 2444 1023 2516 quum
1038 2424 1150 2488 omnia
1163 2425 1198 2488 in
1209 2424 1274 2489 isto

326 2537 521 2615 Consumis,
535 2529 676 2626 squilla,
690 2547 792 2626 atque
803 2533 994 2630 acipensere
1006 2554 1085 2598 cum
1096 2528 1294 2600 decumano.

326 2643 440 2713 Loeliu'
452 2641 628 2736 praeclare,
642 2656 675 2710 et
688 2625 777 2710 recte
785 2625 881 2729 ξηρὸς,
894 2639 1019 2737 illaque
1030 2665 1119 2710 vere.

326 2754 508 2835 Occidunt,
521 2759 630 2846 Lupe,
647 2752 798 2845 saperda
812 2757 844 2820 te
858 2768 892 2819 et
900 2751 979 2845 jura
992 2751 1105 2835 siluri,

326 2867 462 2932 Sumina
474 2879 507 2929 te
519 2878 619 2956 atque
631 2863 746 2943 amiae,
759 2861 850 2929 turdi
863 2878 912 2943 te,
925 2877 958 2930 et
971 2865 1082 2930 viscus
1093 2863 1262 2955 aprinum.

814 2975 875 3042 111.

326 3086 480 3152 Firmiter
490 3082 570 3165 hoc,
583 3081 799 3178 probiterque
811 3099 869 3152 tuo
882 3087 911 3151 si
922 3101 1057 3177 pectore
1069 3083 1175 3152 lixum

324 3191 451 3287 Ejicere
465 3198 566 3262 istum
578 3193 638 3262 abs
650 3210 683 3262 te
695 3197 964 3290 quamprimum,
978 3213 1011 3263 et
1021 3193 1163 3290 perdere
1177 3219 1348 3282 emorem;

324 3309 489 3390 Vicimus,
503 3329 524 3374 o
536 3309 634 3390 socii,
647 3323 682 3374 et
691 3331 850 3401 magnam
860 3306 1076 3400 pugnavimu'
1089 3332 1257 3402 pugnam:

324 3418 530 3519 Virtutisque
542 3432 608 3485 tuae
621 3409 694 3485 baec
705 3442 784 3512 ergo
795 3433 1015 3486 monumenta
1027 3416 1189 3486 locamus.

324 3529 434 3592 Macte
444 3527 544 3618 proin
557 3529 695 3610 virtute,
708 3525 876 3624 simulque
885 3525 937 3594 his
949 3526 1100 3595 versibus
1111 3542 1196 3596 esto.

324 3636 380 3704 Sin
391 3633 533 3728 laqueis,
546 3637 701 3718 manicis,
714 3634 841 3730 pedicis
851 3658 947 3702 mens
960 3637 1086 3704 irretita
1099 3653 1167 3718 est,

324 3742 435 3812 Nolito
446 3741 505 3811 tibi
518 3769 573 3813 me
584 3741 784 3812 maledicere
794 3767 894 3837 posse
905 3760 1035 3836 putare.

325 3857 382 3922 Vis
395 3869 446 3921 est
458 3855 526 3921 vita
538 3851 663 3941 (tides)
679 3875 755 3946 quae
766 3875 828 3921 nos
841 3850 951 3922 facere
960 3846 1077 3923 'omnia
1088 3857 1186 3948 cogit.
1233 3924 1235 3932 ,

324 3963 375 4029 Sic
386 3958 579 4055 singillatim
590 3975 745 4028 nostrum
759 3963 994 4056 unusquisque
1004 3977 1177 4030 movetur:

359 4089 366 4121 ⁸
378 4090 407 4142 ld
421 4103 474 4154 est,
487 4109 594 4162 poenam
608 4089 682 4162 legis.
