3116 4934
418 375 512 486 ⁵9⁶,
678 373 830 438 ruoax
852 371 1076 441 ooorcuu
1099 378 1231 460 uss„

413 504 529 562 denset
540 501 600 560 Sat.
613 499 654 559 tv
664 497 847 558 brevitatem
866 497 899 557 ln
918 512 1023 560 nostro
1035 503 1244 585 manuscripto
1253 517 1317 564 octo
1328 517 1421 566 mutan

412 598 547 660 versibus
566 597 757 671 constantis,
787 609 816 655 et
838 598 1051 658 mutationum
1070 601 1244 677 rationem,
1266 614 1295 663 et
1316 617 1421 664 veterum

412 694 603 756 Scholiorum
618 693 795 754 silentium?
809 693 911 754 hlium
925 695 1019 776 igitur
1031 697 1190 759 immisisse
1199 697 1308 762 falcem
1316 701 1423 762 indure-

412 793 491 856 nalis
500 813 645 872 messem,
662 793 712 852 vix
725 804 789 868 est,
806 792 892 874 quod
903 793 1116 854 dubitemus„

495 970 619 1048 14-16.
639 970 890 1053 Norimheryenses
904 985 981 1049 tres,

408 1128 500 1193 quos,
515 1126 663 1167 unacum
680 1101 752 1164 edis„
769 1105 850 1186 Lips.
872 1105 965 1181 1502,
981 1119 1105 1167 auctore
1118 1107 1281 1168 Mannerto
1293 1127 1426 1190 compara·

407 1209 451 1266 vit
471 1201 618 1286 Seyhoid,
644 1202 765 1264 doctiss.
797 1203 891 1263 Conr.
915 1204 1031 1286 Gymn.
1053 1204 1192 1264 Norimb.
1212 1205 1306 1266 Codex
1321 1209 1425 1288 points,

406 1305 657 1365 membranaceus
668 1301 810 1381 idemque
821 1301 1053 1382 antiquissimus
1066 1303 1391 1386 emendatissimusque,
1401 1307 1425 1365 iu

404 1399 565 1483 splendida
579 1394 771 1458 Bibliotheca
793 1396 969 1458 Ebneriana
996 1411 1166 1459 asservatur
1189 1415 1219 1460 et
1238 1401 1360 1462 mutilus
1379 1417 1426 1462 est:

404 1498 618 1559 desiderantur
636 1495 722 1554 enim
746 1496 779 1554 in
801 1515 838 1555 eo
861 1495 922 1554 Sat.
946 1497 1003 1572 vt,
1026 1496 1306 1577 269-3033vl11‚
1333 1500 1426 1574 1-635

404 1597 448 1670 X,
462 1613 577 1674 9·7⁰3
591 1592 633 1650 lll
640 1636 650 1668 ,
666 1590 831 1650 152—208.
848 1589 982 1672 Margini
995 1588 1059 1673 ejus
1071 1592 1230 1676 adscriptae
1241 1608 1314 1656 suut
1325 1594 1426 1677 glossa,

403 1688 455 1751 sed
466 1689 563 1750 literis
574 1686 786 1748 minutissimis
797 1700 828 1746 et
839 1706 1069 1767 nonnunquam
1081 1689 1170 1750 valde
1181 1689 1303 1772 pallidis
1317 1692 1361 1752 vel
1377 1713 1427 1752 ma-

402 1788 512 1848 culatis
524 1786 572 1847 rel
584 1783 661 1845 adeo
673 1784 764 1858 rasis,
782 1803 851 1865 quae
863 1804 913 1844 eas
924 1784 1006 1845 lectu
1022 1784 1221 1849 difficillimas
1235 1789 1370 1850 reddunt
1383 1791 1427 1850 lie

402 1885 506 1967 liqna,
533 1903 602 1965 quae
625 1878 770 1942 adhunc
793 1881 941 1942 Codicem
955 1896 1110 1966 spectant,
1136 1905 1264 1948 monere
1288 1889 1426 1971 occuparit

402 1987 545 2044 Masrnert
557 1983 590 2042 in
601 1980 771 2042 Miscellah.
782 2002 814 2062 p.
827 1983 879 2062 78:
895 2005 909 2036 a
921 1981 968 2042 Ab
979 1984 1069 2043 initio
1081 1985 1141 2044 situ
1157 1987 1366 2069 vermibusque
1375 2006 1427 2047 cor

401 2095 510 2161 ruptus
523 2091 555 2139 et
571 2078 685 2161 passim
702 2076 829 2138 maculis
846 2076 981 2139 foedatus
995 2093 1048 2140 est.
1064 2079 1180 2163 MaJ'ore
1197 2082 1354 2144 literarum
1369 2081 1426 2143 cha-

400 2193 529 2252 ractere,
541 2177 594 2260 qui
606 2177 678 2238 Saec.
688 2177 745 2236 ΧΠ
757 2173 899 2236 adhiberi
910 2173 1046 2253 solebat,
1060 2181 1218 2263 perspicue
1230 2181 1369 2264 quidem,
1383 2201 1426 2242 uec

399 2291 503 2337 tamen
514 2275 677 2357 eleganter,
690 2287 839 2335 exaratus.
852 2275 993 2336 Unciales
1004 2276 1098 2337 literae
1108 2277 1173 2360 jam
1185 2301 1272 2342 more
1281 2280 1359 2342 illius
1368 2283 1424 2342 Saec.

398 2373 603 2453 degenerant:
624 2390 680 2454 pro
694 2392 720 2432 ω
733 2371 957 2454 plerumque&
976 2393 1046 2435 raro
1062 2375 1164 2458 simpl.
1185 2399 1217 2452 e,
1236 2393 1268 2438 et
1285 2383 1366 2461 ipro
1382 2396 1425 2438 oon

399 2469 608 2545 substituitur;
631 2469 653 2528 ii
672 2489 743 2529 cum
762 2468 915 2551 apicibus,
932 2471 942 2529 i
957 2481 1134 2532 constanter
1154 2471 1219 2534 fere
1239 2475 1307 2535 sine
1328 2485 1425 2555 puncto
1493 2471 1494 2494 ¹

398 2567 528 2648 legitur3
538 2564 771 2626 distinctionum
780 2565 867 2644 signa
876 2576 949 2624 sunt
961 2564 1100 2646 vulgaria
1112 2568 1195 2628 illius
1205 2571 1265 2630 tevi
1274 2571 1313 2645 !,;
1323 2584 1351 2629 et
1359 2587 1424 2651 pun·

398 2681 499 2740 ctum3
512 2665 601 2725 lineae
613 2683 709 2744 usque
725 2683 848 2744 quaque
862 2663 942 2746 stylo
953 2663 1063 2725 ductae.
1079 2666 1115 2726 ln
1127 2666 1251 2728 duobus
1270 2668 1351 2728 foliis
1364 2687 1424 2750 peu·

399 2764 515 2823 ultimis
533 2763 626 2842 longe
648 2759 708 2820 alia
732 2779 829 2841 eaque
846 2763 956 2842 purior
981 2781 1110 2837 manus,
1140 2767 1238 2845 qualis
1264 2765 1375 2827 saecuto
1393 2763 1424 2822 xl

398 2861 524 2941 propria
540 2869 600 2931 est,
612 2854 865 2937 deprehenditur;
879 2877 974 2937 quarn
987 2871 1092 2921 tamen
1104 2863 1306 2944 conspicuam
1324 2861 1425 2923 faciunt

397 2953 527 3036 majores
541 2951 733 3024 inflexiones,
748 2951 855 3012 crebra
872 2955 909 3027 ii,
923 2952 1053 3037 simple
1067 2975 1124 3037 pro
1134 2977 1174 3032 ce,
1188 2959 1273 3039 quod
1285 2957 1423 3021 interdum

396 3049 543 3123 occurrit,
558 3046 709 3122 unciales,
726 3057 781 3107 etc.
797 3049 834 3107 lu
847 3047 959 3110 ultimo
976 3049 1089 3114 deiude
1100 3053 1176 3115 folio
1193 3057 1279 3136 prior
1287 3057 1362 3118 redit
1371 3075 1423 3115 ma·

395 3167 471 3208 nus:
487 3143 568 3227 quod
589 3143 757 3204 certissimo
775 3156 819 3202 est
841 3159 1043 3226 argumento,
1061 3171 1124 3211 una
1137 3171 1211 3212 eum
1231 3150 1348 3235 majore
1364 3151 1423 3214 scri·

395 3257 507 3326 ptura,
538 3260 607 3323 quae
627 3240 698 3301 sec.
721 3239 779 3336 llll
804 3241 997 3302 usitatissima
1020 3256 1104 3320 erat,
1136 3246 1291 3310 minorem
1314 3267 1423 3333 quoque

394 3360 523 3421 eamque
536 3338 749 3400 rotundiorem
760 3340 953 3421 superiorum
964 3354 1140 3425 temporum
1150 3347 1291 3428 viguisse.
1304 3373 1317 3405 a
1330 3346 1422 3410 Multa

391 3438 455 3521 ejus
472 3437 617 3499 lectiones
633 3450 706 3497 sunt
719 3435 811 3496 honre
825 3436 872 3498 vel
890 3440 1108 3502 memorabiles
1123 3457 1153 3505 et
1166 3444 1347 3527 singulares,
1365 3445 1422 3528 plo·

390 3559 438 3600 res
449 3551 553 3598 tamen
566 3537 629 3596 sire
642 3535 783 3616 vulgares
794 3535 858 3595 sive
869 3536 997 3597 vitiosae.
1143 3521 1149 3550 ⁸

467 3697 592 3760 Codices
606 3695 872 3775 Norimbergenses
885 3697 1025 3760 secundus
1038 3714 1067 3760 et
1081 3703 1178 3763 tertius
1189 3704 1262 3782 (15,
1278 3705 1329 3782 16)

387 3860 460 3911 suut
472 3843 624 3906 chartacei
636 3855 666 3901 et
677 3838 801 3902 scholiis
812 3843 953 3905 instructi
968 3847 1048 3908 inter
1060 3846 1175 3924 lineas,
1191 3850 1244 3910 sed
1256 3862 1419 3924 recentes‚e
1492 3875 1493 3886 κ

385 3947 457 4006 Saec.
472 3943 526 4003 XV
539 3939 616 4021 (vid.
631 3939 785 4034 biennert.
799 3939 856 4001 loc.
866 3940 921 4020 1.),
939 3961 1038 4026 neque
1053 3965 1087 4004 ex
1100 3948 1220 4027 optimo
1234 3947 1318 4008 ducti
1331 3967 1419 4006 exem·

384 4041 453 4124 plo:
475 4038 589 4098 habent
612 4048 715 4098 tamen
737 4037 883 4098 lectiones
905 4059 1132 4122 nonnunquam
1155 4043 1304 4105 notabiles
1326 4057 1354 4103 et
1374 4043 1430 4102 vir
