3038 4932
395 537 460 620 294
638 530 700 592 DE
723 527 823 591 CAll
846 527 1037 592 LUCILII
1060 528 1182 592 VITA.

392 658 452 713 Sat.
472 651 524 710 lib.
539 651 585 724 ll,
600 671 628 724 r,
644 670 687 708 vs.
704 649 751 708 28.
768 648 897 709 Alterius
907 669 1081 712 sermonum
1093 651 1180 726 lihri,
1197 672 1300 712 coram
1310 653 1340 713 C.
1352 655 1409 713 Tre

392 749 475 808 hatio
488 743 702 826 jurisconsulto
722 745 906 826 profitentis:

628 909 634 921 .
645 911 649 920 .
660 911 665 921 .
675 911 680 920 .
691 909 696 920 .
706 910 711 920 .
722 911 727 920 .
738 909 743 919 .
757 891 794 920 nic
806 873 904 938 pedihus
915 873 1013 922 delectat
1024 874 1130 923 claudere
1139 876 1211 924 rerba

577 945 650 992 Lucili
658 948 717 1003 ritu,
732 955 834 992 nostrum
845 947 941 993 melioris
953 957 1055 1010 unaque.

393 1057 542 1156 Etlinirm
557 1080 599 1118 vs.
615 1057 668 1140 74:
703 1105 704 1109 ,

628 1227 633 1237 .
644 1227 649 1236 .
659 1227 664 1237 .
674 1226 680 1236 .
690 1227 695 1238 .
706 1228 710 1237 .
721 1225 726 1236 .
740 1193 859 1254 Quidquid
869 1209 921 1240 sum
930 1209 985 1256 ego,
998 1195 1102 1256 quamtis

577 1263 640 1313 Infra
650 1263 838 1319 Lucilianum,
847 1266 1020 1329 ingeniumque.

391 1376 438 1438 Ad
451 1345 528 1458 ques.
538 1375 745 1458 Porphyrion,
763 1391 848 1437 vetus
860 1377 1008 1460 interpres
1021 1401 1028 1436 :
1047 1381 1173 1440 Constat
1186 1382 1271 1439 enim
1281 1379 1412 1440 Lucilium

286 1525 289 1532 ,
392 1468 532 1554 mnjorrm
542 1472 720 1534 avunculum
727 1476 858 1554 Pompeii
870 1477 1070 1557 Maqnifuisso
1076 1499 1087 1548 ,·
1099 1477 1202 1536 etenim
1211 1479 1279 1536 auin
1287 1478 1413 1558 Pompeii,

390 1594 470 1634 satur
479 1573 585 1634 Lucilii
590 1574 699 1658 fiterot.
710 1575 748 1633 At
758 1575 873 1650 Acron,
885 1574 961 1636 alter
974 1576 1136 1657 interpres,
1147 1595 1218 1638 eum
1229 1597 1316 1636 auum
1324 1578 1415 1657 Maeni
1496 1578 1497 1583 ’

391 1674 525 1756 Pompeii
537 1672 611 1732 facit
625 1696 632 1733 :
646 1693 779 1757 quorum
790 1675 851 1733 utri
863 1675 966 1756 potius
978 1673 1103 1736 accedas
1114 1675 1228 1736 nescire
1239 1673 1324 1748 licet,
1333 1694 1415 1754 quum

391 1769 473 1831 nibil
486 1791 521 1832 ea
534 1769 573 1830 de
586 1790 619 1831 re
632 1770 705 1830 certi
718 1768 846 1850 legendo
859 1771 992 1852 potuerit
1004 1771 1179 1852 comperiri.
1198 1773 1285 1832 Certe
1300 1768 1415 1830 Velleius

391 1867 569 1928 Paterculus
583 1887 654 1926 eum
665 1886 816 1947 magnum
829 1867 970 1948 Pompeii
987 1867 1192 1942 avunculum,
1211 1866 1264 1926 sed
1281 1887 1316 1926 ex
1332 1865 1415 1925 fratris
1453 1863 1455 1868 ’

391 1963 471 2040 fitia,
486 1985 550 2025 nou
562 1983 681 2038 sorore,
699 1976 734 2024 ut
747 1963 815 2023 vult
831 1962 1045 2046 Porphyrion,
1059 1962 1181 2024 videtur
1192 1983 1365 2044 agnoscere3
1382 1964 1415 2022 ita

392 2065 476 2122 enim
494 2063 562 2144 capi
581 2061 694 2122 debent
715 2061 809 2120 verba
821 2059 897 2141 'ejus
921 2061 959 2121 de
982 2063 1039 2122 Cn.
1060 2063 1232 2142 Pompeio,
1255 2063 1310 2141 qui
1329 2075 1416 2143 postea

392 2161 501 2241 Magni
517 2180 690 2240 cognomen
705 2161 829 2220 sortitus
841 2173 904 2219 est:
922 2162 992 2220 Fuit
1005 2159 1051 2220 bic
1068 2162 1181 2241 penitus
1200 2173 1293 2220 matre
1302 2157 1415 2234 Luciliu,

391 2260 486 2340 stirpis
499 2260 651 2318 senatorios
658 2281 670 2332 ,·
687 2258 737 2318 cui
756 2255 940 2337 conjecturae
953 2259 1002 2317 vir
1015 2257 1149 2339 amplias.
1166 2260 1237 2318 Ant.
1251 2258 1416 2339 Augustinus

393 2355 581 2419 subscribere
594 2353 732 2428 videtur3
748 2353 800 2414 ille
814 2354 897 2414 enim
910 2353 944 2414 in
954 2353 1037 2414 libro
1050 2353 1090 2414 de
1103 2354 1247 2436 gentihus
1260 2375 1296 2413 ac
1311 2351 1415 2414 familiis

392 2454 620 2529 Romanorum,
630 2463 761 2512 matrem
775 2450 834 2510 Cn.
848 2451 990 2532 Pompeii
1002 2451 1111 2532 Magni
1124 2473 1160 2512 ex
1167 2450 1264 2510 fratre
1278 2451 1311 2510 C.
1323 2447 1415 2508 Lucilii

392 2563 491 2632 poetro
503 2562 611 2611 natam
624 2561 773 2610 autumat
788 2549 851 2608 Nec
862 2550 961 2624 enim,
976 2551 1049 2610 siea
1059 2549 1124 2608 lilia
1139 2549 1239 2610 Poetae
1254 2547 1347 2608 nostri
1358 2545 1417 2606 luis·

393 2661 455 2723 set,
480 2648 513 2708 C.
537 2647 689 2709 Velleium
703 2667 769 2706 rem
788 2659 853 2706 tam
882 2647 1035 2726 insignem
1059 2645 1180 2706 silentio
1207 2647 1415 2729 praeteritorun
1501 2643 1503 2668 ¹

394 2743 486 2807 fuisse
507 2742 672 2806 verisimile
684 2745 834 2804 exiatImo.
1032 2755 1034 2762 “

432 2843 475 2900 Ut
483 2852 518 2901 ut
526 2842 579 2914 sit,
591 2840 751 2922 proprium
763 2839 893 2899 omnino
906 2838 964 2899 sihi
975 2839 1099 2900 laudem
1104 2839 1272 2900 vindicavit
1284 2839 1416 2910 Lucilius,
1502 2887 1503 2892 ,

395 2957 463 3018 quae
487 2948 553 2998 erat
571 2937 688 3016 Ingenii
706 2937 892 3017 prestantia.
921 2936 1019 2996 Amici
1039 2957 1075 2996 ac
1092 2935 1257 2998 familiares
1275 2936 1354 2996 illius
1366 2934 1417 2994 ine

393 3046 467 3096 runt
491 3033 684 3114 potissimum
706 3034 741 3094 P.
754 3034 854 3114 Scipio
870 3031 1030 3094 Africanus
1051 3034 1169 3114 minor,
1194 3037 1228 3094 C.
1246 3035 1366 3110 Laelius,
1384 3031 1417 3092 Il.

393 3131 530 3192 Licinius
541 3131 683 3206 Crassus,
698 3132 749 3213 Sp.
765 3131 910 3208 Albinus,
923 3135 957 3192 L.
969 3133 1063 3212 AElius
1077 3133 1166 3208 Stito,
1179 3133 1217 3209 Q.
1229 3133 1362 3208 Vectius,
1375 3130 1418 3188 Ar·

393 3225 533 3301 munus,
545 3225 740 3288 Philocomus
756 3227 866 3309 (quem
878 3239 989 3311 prater
1000 3227 1088 3306 alios,
1101 3230 1145 3288 ait
1160 3229 1267 3289 Petrus
1281 3231 1419 3298 Crinitus,

393 3321 632 3384 familiarissime
655 3323 783 3402 coluit),
804 3324 918 3385 Laelius
935 3325 1095 3401 Decimus,
1119 3327 1157 3403 Q.
1178 3325 1312 3386 Granius
1325 3327 1419 3384 Praeco.

432 3422 555 3480 Amavit
565 3421 701 3483 Lucilius
714 3420 870 3504 Collyram
882 3421 1034 3504 puellam,
1055 3421 1179 3504 ejusque
1197 3425 1332 3484 nominis
1342 3417 1419 3480 titulo

394 3517 551 3578 decimum
562 3532 681 3579 sextum
701 3519 819 3579 librum
841 3519 1007 3599 inscripsit.
1031 3522 1157 3581 Servum
1177 3517 1290 3580 hahuit
1312 3518 1420 3579 nomiae

393 3611 645 3695 Metrophanem,
659 3611 745 3694 cujus
758 3613 854 3678 fidem
866 3633 901 3674 ac
913 3603 1102 3694 probitatem
1108 3615 1231 3696 publice
1243 3613 1391 3697 epitaphio
1398 3611 1421 3670 ei

392 3709 517 3772 condito
534 3723 658 3772 testatus
672 3722 723 3770 est.
736 3710 896 3770 Habitavit
906 3712 1029 3786 Romae,
1040 3713 1075 3770 in
1084 3711 1180 3771 domo
1195 3731 1265 3793 quse
1278 3706 1420 3781 Antiochi,

393 3811 475 3890 regia
486 3809 569 3885 filio,
592 3808 692 3868 ohsidi
710 3807 833 3890 publice
844 3809 996 3870 edificata
1011 3809 1120 3870 fuerat.
1139 3809 1268 3892 Neapoli
1280 3823 1419 3869 mortuum

393 3930 430 3970 ac
448 3908 571 3991 publico
588 3908 698 3969 funere
715 3909 829 3968 elatum
848 3911 892 3968 ait
910 3910 1075 3985 Eusebius,
1097 3909 1204 3970 eodem
1219 3930 1316 3992 prope
1334 3899 1418 3975 anuo,

392 4027 457 4089 quo
471 4007 581 4066 Furius
598 4003 761 4068 Bibaculus
774 4003 909 4068 natalem
924 4004 1047 4082 babuit,
1071 4027 1155 4068 anno
1172 4009 1269 4070 aetatis
1286 4022 1346 4066 sua
1356 4017 1418 4081 qut·

395 4101 564 4182 dragesimo
587 4115 686 4162 sexto:
706 4103 755 4162 cui
774 4107 928 4163 annorum
942 4103 1060 4162 ratione
1074 4101 1145 4163 vide
1164 4122 1274 4161 annon
1288 4103 1419 4182 ueprrgtttt

395 4201 554 4276 Horatius,
572 4203 626 4282 qui
641 4221 713 4262 cum
726 4221 829 4263 senem
839 4201 911 4261 facit
923 4199 984 4260 illis
995 4201 1150 4274 uersibus,
1161 4199 1219 4261 loc.
1232 4200 1284 4260 cit.
1296 4217 1336 4258 rs.
1346 4195 1394 4254 3²:
