3148 4950
370 481 436 564 iti
567 472 686 546 Anu
712 469 872 536 PERSIl
897 470 1067 536 FLACCl
1090 471 1214 536 VITA.

368 615 471 676 retur,
492 603 729 680 Cor-nutumque
751 599 852 680 ipsum
879 597 1033 658 nonnulla
1052 601 1234 675 correxisse,
1258 601 1423 683 Caesioque

369 699 502 782 petenti,
523 711 558 758 ut
578 697 716 758 ederetur
734 694 827 772 liber,
846 694 1001 755 edendum
1015 694 1185 756 tradidisse.
1208 698 1356 758 Continet
1367 696 1420 758 hic

367 797 461 872 liber,
475 816 494 854 a
508 793 705 872 Quintiliano
722 803 752 851 et
766 791 907 851 Martiale
922 791 1063 852 laudatus
1073 803 1100 867 ¹,
1118 805 1229 874 praeter
1247 793 1420 875 prologum

369 915 418 955 sex
430 895 554 967 satiras,
567 913 630 950 non
644 892 711 972 pari
726 911 832 950 omnes
846 890 1012 971 dignitate,
1023 909 1156 972 quanam
1172 892 1274 972 prima
1288 913 1323 952 ex
1336 893 1420 952 dua-

371 1013 440 1051 rum
458 991 577 1049 laciniis
596 989 765 1068 composita
784 987 925 1064 videtur,
939 988 1032 1048 etiam
1051 1008 1086 1046 ex
1104 1001 1214 1068 quarta
1232 1009 1298 1049 non
1318 1011 1420 1071 pauca

370 1087 556 1148 intercidisse
570 1085 731 1167 probabile
742 1097 798 1145 est.
814 1086 854 1144 Ut
870 1087 1042 1144 accuratius
1053 1084 1092 1145 de
1103 1085 1165 1146 illis
1176 1087 1275 1146 satiris
1281 1085 1420 1167 judicari

370 1185 481 1268 possit,
494 1204 541 1244 res
561 1183 696 1264 postulat
710 1195 745 1242 ut
767 1182 888 1242 dicatur
907 1181 946 1243 de
963 1183 1071 1254 satira,
1088 1182 1127 1242 de
1146 1185 1270 1244 satirico
1287 1203 1421 1266 genere,

370 1281 454 1364 quod
475 1304 493 1341 a
514 1281 658 1340 llornanis
680 1281 859 1354 inventum,
877 1280 1030 1340 excultum
1055 1293 1084 1340 et
1106 1281 1276 1361 perlectum
1297 1294 1361 1355 est,
1386 1297 1423 1340 ut

369 1379 571 1442 conferantur
591 1397 661 1437 cum
684 1377 789 1436 Persio
811 1377 864 1436 ulii
885 1379 1048 1436 satirarum
1064 1381 1245 1458 scriptores,
1265 1391 1322 1437 etc.
1339 1378 1422 1454 Quae

370 1477 475 1538 omnia
498 1499 553 1537 suo
582 1476 652 1537 loco
673 1495 804 1556 quaeque
826 1474 860 1533 io
885 1474 945 1535 boc
963 1476 1122 1536 volumine
1140 1475 1257 1556 digesta
1288 1476 1424 1557 reperiet

371 1572 474 1636 lector.
485 1572 571 1652 (Vid.
586 1593 656 1654 pag.
669 1570 728 1652 476
743 1585 772 1631 et
785 1573 886 1652 seqq.)

410 1671 526 1750 Magno
546 1669 656 1751 plausu
675 1671 784 1728 satiras
804 1666 898 1727 editas
920 1664 1081 1728 confestim
1100 1683 1238 1750 exceptas
1255 1689 1336 1742 esse,
1355 1688 1424 1727 me·

371 1768 478 1827 morire
498 1765 638 1848 prodidit
651 1767 729 1825 Vitae
742 1765 837 1825 Persii
850 1772 991 1840 auctor²,
1005 1763 1149 1848 idemque
1163 1765 1313 1826 Martialis
1329 1777 1426 1825 testa·

371 1880 422 1925 tur
447 1877 477 1924 et
496 1863 727 1940 Quintilianus,
748 1863 950 1944 Patribusque
974 1863 1107 1924 ecclesiae
1132 1864 1300 1946 probatum
1329 1863 1425 1924 illum

371 1961 464 2020 fuisse
477 1961 614 2020 indicant
627 1960 712 2034 loca,
732 1980 800 2040 quae
816 1962 930 2042 passim
950 1980 986 2019 ex
1005 1961 1110 2022 Persio
1124 1955 1354 2042 protulerunt3.
1369 1963 1426 2020 Et·

371 2059 455 2120 enim
469 2057 514 2117 vel
528 2080 562 2118 ea
576 2061 658 2139 ipsa,
672 2077 740 2139 quae
756 2078 841 2118 nunc
856 2058 1054 2138 scriptoribus
1063 2059 1139 2118 vitio
1154 2071 1269 2118 vertere
1282 2057 1353 2138 jure
1373 2077 1427 2117 so·

371 2153 604 2231 lemus,›ruultis
616 2169 683 2214 tum
693 2153 928 2234 quodammodo
939 2155 1070 2234 probata
1083 2170 1187 2232 erant,
1200 2155 1427 2216 sententiarum

372 2254 515 2332 argutiae,
535 2251 656 2313 dicendi
680 2272 776 2332 genus
801 2250 977 2329 concisum,
1000 2252 1217 2313 translationes
1241 2251 1373 2312 audaces
1396 2263 1428 2311 et

372 2349 539 2410 obscuritas
549 2347 692 2430 quaedam
703 2349 836 2408 orationi
850 2341 1005 2408 induerat.
1020 2350 1135 2409 Verum
1148 2349 1214 2408 lieri
1229 2369 1293 2409 non
1305 2351 1427 2430 potuit,

373 2445 449 2526 quin
459 2491 466 2518 ,
478 2467 575 2526 quum
588 2458 617 2504 et
633 2466 692 2518 res,
708 2465 840 2530 quarum
853 2446 972 2505 mentio
985 2446 1020 2505 lit
1030 2448 1063 2504 in
1077 2447 1192 2523 satiris,
1205 2445 1368 2528 coepissent
1389 2463 1427 2502 ex

374 2559 459 2627 parte
474 2546 631 2626 ignorari,
643 2560 674 2605 et
685 2543 809 2605 dicendi
822 2564 947 2626 genusa
962 2545 1084 2626 vulgari
1097 2547 1218 2606 ratione
1233 2545 1267 2604 in
1280 2544 1344 2604 dies
1357 2563 1428 2601 ma·

374 2643 421 2722 gis
444 2644 602 2724 magisque
621 2644 812 2725 discrepare,
838 2643 919 2702 inter
941 2643 1087 2704 obscuros
1114 2645 1276 2726 scriptores
1300 2642 1428 2701 Persius

374 2737 554 2814 referretur,
574 2741 830 2819 grammaticique
845 2737 888 2796 -ad
911 2759 982 2798 eum
1001 2740 1219 2822 explicandum
1239 2761 1269 2801 se
1283 2740 1427 2816 accinge·

374 2849 451 2894 rent.
471 2835 610 2894 Fuerunt
628 2836 682 2916 qui
700 2845 845 2915 putarent
866 2835 960 2894 Persii
978 2839 1086 2898 satiras
1109 2859 1125 2897 a
1146 2839 1283 2898 Cornuto
1300 2832 1431 2895 scholiis

373 2931 538 2990 instructas
557 2931 591 2988 in
611 2929 894 3011 lucemprodiisse,
915 2945 1008 3014 atque
1028 2953 1064 2994 ex
1084 2935 1122 2994 iis
1140 2931 1263 2995 scholiis
1281 2931 1427 3012 decerpta

373 3028 516 3108 quaedam
527 3025 701 3107 fragmenta
719 3029 756 3088 iis
771 3027 872 3088 adhuc
890 3029 986 3092 inesse
1009 3029 1149 3107 scholiis,
1168 3050 1237 3112 quae
1261 3049 1347 3089 nunc
1366 3028 1428 3088 cir·

414 3251 435 3285 r.
453 3233 565 3301 Quintil.
579 3235 620 3300 X,
643 3252 652 3285 ι
671 3256 677 3285 :
701 3233 836 3286 «Multum
849 3248 876 3288 et
919 3241 970 3306 Vl,
989 3255 1019 3305 a,
1043 3257 1082 3292 rr.
1103 3240 1242 3311 Augustiu-
1261 3237 1294 3290 de
1314 3237 1369 3288 (ἰν.
1388 3237 1428 3287 D.

374 3333 440 3366 verse
454 3313 562 3384 gloriar,
579 3317 696 3388 quamvis
717 3333 771 3366 uno
791 3312 875 3372 libro.
919 3319 958 3385 11,
971 3335 996 3388 7.

374 3393 477 3446 Persius
488 3395 612 3446 meruit.»
629 3392 743 3445 Martisl.
756 3393 807 3460 IV,
825 3411 874 3463 ag,
954 3399 978 3466 4.
997 3395 1109 3467 Quintil,
1124 3401 1207 3451 luerit,
1223 3397 1344 3460 V111‚2;
1363 3416 1375 3440 ι
1390 3393 1430 3446 At

377 3485 460 3544 Jeeq.
482 3472 599 3540 asapius
615 3473 642 3524 in
661 3472 729 3524 libro
744 3489 875 3524 memora·
918 3479 1033 3549 pervasit
1055 3476 1162 3548 quidem
1177 3479 1233 3548 jam
1257 3473 1353 3526 multos
1374 3473 1428 3524 ista

375 3564 419 3602 tur
442 3552 543 3604 Persius
560 3571 634 3619 uno,
653 3552 741 3619 Quam
763 3550 826 3604 levis
849 3551 877 3602 in
920 3555 1073 3626 persuasio,
1086 3567 1115 3606 ut
1131 3553 1226 3625 idjam
1243 3551 1350 3604 demum
1369 3548 1429 3602 ele·

377 3641 433 3680 tots
444 3631 547 3682 Marsus
561 3630 727 3682 Amazonide.
739 3654 750 3678 ι
920 3647 1014 3704 gauter
1024 3647 1103 3703 utque
1118 3632 1248 3704 exquisite
1262 3630 1364 3682 dictum
1376 3647 1430 3699 pu·

413 3732 437 3768 a.
453 3715 578 3767 sEditum
586 3714 684 3767 librum
693 3717 822 3768 continuo
831 3717 878 3767 mi·
921 3723 993 3777 tent,
1015 3710 1087 3784 qnod
1108 3708 1337 3780 interpretandum
1358 3708 1400 3758 sit.
1414 3731 1427 3754 ι

377 3796 429 3846 rari
453 3791 574 3845 homines
600 3805 625 3844 et
649 3793 762 3864 diripere
789 3811 877 3863 coepe·
921 3789 953 3842 Et
972 3791 1021 3855 lx,
1039 3789 1080 3842 3:
1105 3787 1277 3841 «Verborum
1292 3787 1383 3858 ligurus
1402 3799 1433 3838 et

377 3885 447 3926 runt.
466 3897 478 3920 ι
505 3875 540 3924 Εῑ
563 3872 643 3943 paulo
669 3891 749 3943 supra
768 3895 773 3923 :
795 3895 806 3918 ι
826 3871 897 3928 Sed,
921 3881 1027 3920 mutate
1045 3881 1107 3920 sunt
1124 3885 1246 3939 semper,
1261 3879 1302 3933 et,
1323 3879 1431 3917 utcum-

377 3955 501 4005 Lucanns
522 3949 589 4003 adeo
614 3951 759 4003 mirabatur
781 3952 878 4021 scripta
923 3947 1070 4019 queroluit
1085 3946 1430 4014 consuetudo,rnutantur.

378 4031 480 4098 Flacci,
495 4030 575 4082 utrix
585 4030 710 4081 retineret
722 4047 766 4096 so,
782 4027 827 4080 illo
839 4047 879 4082 re·
922 4031 1014 4099 ltaque
1027 4027 1196 4098 siantiquum
1213 4041 1364 4076 samonem
1381 4041 1431 4080 no·

378 4110 490 4174 citante,
506 4129 520 4161 a
534 4109 681 4161 clamore.»
923 4119 977 4159 utro
986 4123 1186 4178 comparemus,
1198 4105 1346 4174 paeuejam,
1354 4099 1433 4176 quid-

416 4189 440 4241 3.
458 4191 489 4241 ll.
503 4211 530 4262 g.
549 4193 667 4245 hactant.
686 4191 738 4256 lll,
762 4189 808 4255 16,
832 4188 878 4250 15;
924 4185 988 4256 quid
1002 4185 1147 4258 loquimur,
1159 4184 1242 4255 figura
1254 4195 1326 4235 est.»
