3026 4944
366 469 409 534 θα
546 462 701 527 VARIAE
721 457 994 532 LECTIONES
1014 459 1076 525 ΕΤ
1096 458 1232 527 NOTAE

365 590 430 640 Men'
440 587 560 651 legebatur
571 587 595 632 in
605 587 706 649 antiquis
714 585 854 631 editionibus
863 600 909 639 me,
923 584 987 646 quod
999 599 1076 647 neque
1087 596 1178 632 uncum
1189 585 1261 632 hahet
1271 588 1421 634 auctoritatis

364 667 389 712 in
399 662 560 724 manuscriptis
570 659 645 706 Codd.
657 671 770 722 quantum
781 657 852 714 Men',
866 671 944 719 neque
956 673 998 719 per
1010 673 1034 704 se
1044 669 1133 704 tantum
1143 658 1225 705 landis.
1237 660 1341 720 Frigebit
1352 661 1421 706 enim

364 733 442 790 locus,
456 735 474 780 si
484 729 690 790 interrogationem
702 727 838 789 dempseris.
848 729 962 774 Praeterea
974 727 1145 790 mugientesmt
1156 729 1188 774 ait
1196 728 1366 788 Quintilianus,
1381 729 1422 775 i'o·

365 817 419 853 rent
427 803 519 869 syllabas
530 817 565 847 me
574 801 664 846 mutire.
676 823 708 836 -
717 802 837 862 Nusquam
843 815 851 850 ,-
862 809 939 858 potest
949 813 975 843 ea
987 814 1031 844 vox
1042 797 1114 843 tribui
1125 799 1219 853 Persio;
1229 798 1328 845 viridior
1337 809 1422 845 tamen

364 878 434 926 lectio
443 876 542 930 ridetur,
556 875 574 919 si
585 872 695 918 monitori
706 870 830 916 tribuatur.
843 868 905 914 Nihil
916 867 945 914 ad
956 868 1002 916 boc
1014 871 1165 933 manuscripti
1176 870 1252 917 Codd.
1259 869 1386 918 illustrant.

401 987 470 1038 Nor.
493 998 551 1051 119.
570 977 642 1032 Mea'
660 975 753 1028 mutire
769 977 856 1048 nefas,
876 994 923 1028 nec
941 975 1024 1037 ciam,
1044 995 1092 1028 nec
1110 995 1169 1028 eum
1185 978 1410 1034 scrobe?-Nus

366 1085 456 1142 quant.
468 1094 504 1105 -
514 1057 588 1115 Men'
600 1075 649 1130 pro
662 1076 704 1108 me
715 1076 763 1118 ne,·
774 1075 857 1128 genus
873 1056 988 1108 elisionis
1000 1058 1056 1126 jam
1069 1069 1146 1110 antea
1158 1077 1214 1110 non
1226 1057 1308 1111 semel
1320 1061 1421 1112 visum.

367 1175 403 1188 ...
414 1144 512 1198 Mutine
523 1159 584 1193 oum
598 1137 703 1190 delcctu
717 1139 822 1207 posuit;
839 1149 878 1188 est
891 1137 960 1188 enim
972 1135 1039 1188 velle
1053 1135 1141 1208 loqui,
1156 1136 1203 1189 sed
1217 1157 1272 1191 non
1285 1151 1378 1211 aperte
1395 1152 1425 1190 et

366 1227 438 1280 clare
447 1222 527 1277 verba
537 1220 664 1292 prolerre.
674 1219 760 1268 Varro
770 1215 814 1268 lib.
825 1216 860 1266 Vl
870 1213 903 1267 de
912 1217 988 1286 Ling.
999 1217 1055 1268 Lat.
1070 1219 1207 1271 aMtsssare
1216 1217 1331 1284 dictum,
1344 1217 1424 1290 quod

367 1306 436 1359 muci
445 1323 501 1358 non
510 1299 622 1371 amplius
631 1315 711 1368 quam
721 1316 768 1347 mu
780 1295 881 1348 dicunt.
892 1318 904 1342 ι
912 1296 954 1348 Ab
964 1296 1017 1350 boc
1027 1297 1140 1350 fortasse
1150 1310 1300 1350 mutuatum
1309 1299 1424 1351 buciliis

537 1389 677 1434 Neclaudare
685 1386 802 1429 bominum
810 1399 1036 1444 quemquam;neque
1044 1402 1080 1430 mu
1088 1387 1158 1432 iacere
1166 1401 1273 1446 unquam.

367 1505 402 1518 ..-
409 1471 505 1544 Nefas,
514 1464 662 1540 piaculum
673 1461 792 1513 eamdem
803 1462 873 1514 enim
884 1464 934 1513 vim
944 1461 1025 1514 habet
1037 1461 1172 1530 hocloco,
1185 1482 1264 1534 quant
1276 1464 1350 1536 apud
1361 1465 1426 1518 (ΣΕ.

366 1553 403 1606 Ill
415 1552 448 1605 de
460 1551 520 1606 Nat.
534 1547 613 1598 Deor.
627 1540 660 1593 de
674 1554 768 1614 quarto
782 1543 930 1593 Mercurio:
944 1555 1076 1614 nqttarttts
1087 1541 1149 1596 Nilo
1160 1556 1329 1616 patre‚qnern
1341 1546 1424 1618 Egr-

366 1635 416 1706 ptii
428 1629 502 1702 nefas
512 1625 613 1677 habent
624 1623 769 1672 nominare.
782 1641 839 1667 ⁸-
850 1619 907 1672 Nec
915 1619 999 1688 eiam,
1011 1639 1059 1673 nec
1067 1639 1127 1674 cum
1136 1622 1228 1673 scrobs.
1241 1623 1344 1690 seron,
1354 1643 1424 1696 pro-

366 1713 425 1784 prie
435 1710 527 1771 fovea,
537 1705 580 1754 cui
590 1691 752 1752 manduntur
761 1711 859 1750 tenere
871 1697 991 1750 arbores.
1003 1699 1059 1751 Hoc
1074 1698 1135 1750 loco
1150 1697 1242 1752 alludit
1253 1700 1288 1752 ad
1299 1701 1423 1754 fabulam

367 1791 402 1844 de
415 1788 492 1842 Mida
506 1798 627 1842 tonsoret
640 1777 693 1831 vid.
706 1777 784 1832 ovid.
797 1779 905 1830 Metam.
919 1779 971 1846 xl,
984 1795 1019 1849 90
1031 1797 1106 1852 sqq.‚
1119 1782 1195 1851 cujus
1207 1782 1325 1834 meminit
1339 1785 1424 1836 etiam

368 1871 469 1922 Auson.
482 1864 516 1918 ad
527 1861 682 1915 Paulinum:

570 1947 678 2006 Depressis
684 1946 793 1990 scrobibus
800 1946 878 1991 vitium
886 1947 958 2004 regale
966 1947 1066 1992 minister

570 2014 675 2066 Credidit,
684 2015 749 2072 idque
756 2013 794 2057 diu
803 2014 855 2058 texit
862 2013 967 2058 fidissima
975 2013 1046 2058 tellus.
1053 2047 1058 2057 .
1064 2048 1081 2058 ..

370 2111 397 2154 et
406 2093 545 2153 Petronius
558 2093 591 2146 de
602 2095 717 2145 vanitate
730 2091 892 2148 atticorum:

569 2185 603 2229 Sic
611 2181 728 2228 commissa
735 2195 810 2225 verens
817 2182 893 2225 avidus
900 2196 984 2225 mttere
993 2181 1091 2225 minister

571 2251 634 2296 Fodit
641 2249 737 2292 humum
744 2283 750 2302 ‚
757 2249 856 2306 mgisque
864 2248 954 2291 latentes
962 2249 1058 2306 prodidit
1066 2262 1136 2294 aures.

370 2361 407 2376 -·
416 2333 567 2403 Nusquam,
578 2347 612 2379 ne
623 2324 679 2377 ullo
693 2322 800 2395 quidem
811 2325 839 2374 in
850 2321 919 2374 loco.

405 2497 473 2548 Nor.
496 2509 554 2545 tao.
569 2489 621 2542 Hie
633 2501 720 2542 tamen
731 2486 879 2560 t'nfodt'am:
892 2487 959 2553 vidi,
972 2487 1026 2539 vidi
1039 2489 1104 2560 ipse,
1117 2486 1214 2539 libelle.
1225 2517 1257 2528 —
1269 2489 1321 2540 Hic
1333 2499 1423 2542 ianten

371 2574 501 2650 infodiam
508 2595 517 2635 ,·
532 2571 704 2624 continuatur
715 2567 749 2620 ad
763 2567 892 2620 Fabulam
903 2567 982 2619 Midae
994 2566 1098 2619 allusio.
1112 2567 1188 2620 ovid.

718 2657 868 2700 ...etDomini
876 2656 950 2713 quales
957 2657 1147 2713 adspexeritaures

570 2723 703 2768 Vacereiert
710 2723 1160 2779 parra,terraqueimmurmuratltnustte

368 2809 412 2864 Sic
425 2807 614 2859 immumninre
626 2819 653 2852 se
667 2797 757 2850 libello
770 2816 820 2852 suo
833 2797 896 2850 dicit
908 2801 1026 2864 Persius,
1039 2799 1102 2870 quid
1113 2799 1213 2852 viderit.

398 2977 463 3023 Vttt.
478 2990 530 3022 tat.
544 2967 665 3016 Auriculas
675 2971 735 3014 asini
743 2967 808 3013 Mida
817 2983 859 3014 rex
869 2966 942 3015 babet.
953 2992 985 3004 -
994 2969 1059 3015 lianc
1071 2985 1115 3032 ego
1125 2969 1248 3016 lectionem
1260 2975 1359 3030 servan,
1369 2977 1425 3019 usui

370 3053 448 3116 potins
457 3062 545 3096 tuorem
553 3058 647 3106 gerens,
659 3057 728 3105 quam
737 3053 815 3088 certus
825 3043 933 3088 irritatis.
944 3043 1036 3090 liabent
1045 3045 1194 3107 tnanuscripti
1202 3045 1276 3092 Codd.
1285 3061 1368 3092 omnes
1378 3063 1425 3109 pro

370 3123 406 3170 his
415 3119 512 3170 sou'bns
522 3115 587 3162 Mida
596 3130 651 3170 rex,
662 3113 827 3160 diversissimas
840 3111 883 3160 has
893 3128 977 3160 voces:
991 3115 1047 3174 Quis
1058 3130 1111 3162 nort.
1124 3113 1169 3162 Sed
1182 3129 1260 3164 natm
1273 3129 1355 3164 auctor
1369 3119 1425 3163 vit„

370 3193 443 3240 Persii
453 3191 485 3237 tic
496 3197 611 3234 mutatum
622 3185 693 3230 fuisse
705 3198 798 3230 versum
808 3198 820 3227 a
830 3185 947 3238 Cornuto,
961 3186 1001 3246 qui
1013 3187 1101 3246 primur
1111 3186 1190 3232 Roma
1198 3188 1279 3232 satiras
1289 3187 1360 3233 Persii
1374 3187 1426 3234 edi·

370 3263 418 3318 dit;
426 3277 453 3306 ea
461 3269 540 3305 mente
548 3252 649 3310 scilicet,
661 3269 691 3299 nr
703 3269 727 3299 sc
739 3255 803 3299 Nero
815 3254 884 3299 nimis
896 3267 976 3316 aperte
985 3267 1026 3300 aut
1037 3257 1103 3300 nimis
1115 3257 1226 3316 injuriose
1236 3269 1343 3304 notatum
1355 3257 1426 3304 intel-

370 3331 460 3396 ligeret.
472 3333 558 3375 Verum
575 3325 625 3370 baec
638 3339 703 3372 mera
720 3339 768 3371 esse
785 3326 988 3386 grammaticorum
1002 3339 1133 3372 commenta
1149 3327 1269 3382 nonnulli,
1287 3329 1348 3373 inter
1361 3343 1424 3390 quos

371 3407 460 3468 xmp,
474 3402 624 3448 arbitrantur.
639 3399 751 3443 Praeterea
765 3411 814 3442 non
828 3397 905 3443 minus
919 3409 999 3459 aperte
1011 3397 1104 3443 ridetur
1116 3398 1187 3446 inisse
1201 3401 1265 3447 Nero
1276 3413 1369 3448 notatus
1387 3399 1425 3447 hit

370 3473 545 3538 superioribus:
564 3471 637 3514 Torva
650 3466 815 3523 Mimalloneis,
829 3479 889 3524 etc.‚
903 3469 921 3513 si
933 3469 1003 3514 niodo
1013 3469 1176 3515 suntNeronis
1189 3485 1215 3516 ea
1227 3473 1336 3518 carmina.
1350 3473 1425 3517 Deni-

371 3562 417 3609 quc
431 3543 470 3590 bic
482 3555 560 3588 versus
575 3549 630 3594 tat‘,
650 3539 668 3583 si
682 3537 767 3600 legitur
780 3542 832 3603 quis
844 3555 900 3592 non,
914 3554 967 3584 cum
981 3540 1103 3599 superiore
1115 3555 1183 3585 versu
1195 3557 1208 3602 7
1223 3542 1281 3587 mire
1296 3545 1422 3588 contenit:

370 3632 424 3662 nam
436 3615 512 3660 Romae
523 3613 575 3677 quis
586 3625 658 3656 non...
669 3609 825 3664 Sententiam,
837 3623 888 3670 qua
901 3621 951 3654 turn
961 3609 1005 3652 init
1017 3605 1139 3663 inchoata.
1151 3625 1202 3672 quar
1210 3627 1266 3658 vero
1273 3613 1425 3673 permonita-

370 3705 420 3734 rem
429 3685 518 3732 absolvi
530 3683 677 3746 nequiverat,
693 3697 755 3728 nunc
765 3681 862 3728 absolvit
874 3683 978 3736 Persius,
990 3682 1068 3743 quasi,
1081 3681 1206 3729 confutatis
1217 3684 1338 3730 monitoris
1349 3687 1424 3732 ratio·

371 3759 452 3814 nibus,
465 3754 579 3820 propositi
589 3754 671 3800 victor.
682 3751 752 3798 Unde
762 3767 832 3797 nenio
839 3751 893 3811 jure
903 3753 1091 3812 pronuntiaverit
1102 3753 1203 3814 ineptam
1213 3751 1273 3800 banc
1284 3770 1333 3801 csse
1343 3754 1426 3802 lectio·

371 3843 425 3876 nem
438 3830 490 3892 quis
504 3840 561 3886 pan,
579 3839 629 3885 φιτ
641 3833 729 3868 tantum
742 3819 812 3867 habet
822 3820 978 3878 auctoritatis,
990 3821 1142 3886 nonnihilque
1154 3821 1234 3870 ioman
1248 3825 1364 3880 veritatis,
1380 3826 1425 3872 etsi

371 3897 510 3947 subobscuri
522 3910 601 3942 sensus
614 3895 729 3940 videatur.

404 4007 474 4058 Nor.
498 4021 555 4056 tat.
573 4002 712 4056 Amicitias
727 4003 796 4056 asini
812 4001 888 4054 Mida
905 4021 949 4054 rex
965 4001 1050 4055 isabel.
1065 3989 1190 4079 *ma
1204 4004 1292 4056 dictus
1308 4004 1359 4055 fuit
1374 4001 1425 4056 ba·

371 4085 461 4137 baisse
474 4102 550 4136 eures
560 4085 642 4149 asini,
651 4083 713 4153 quia
723 4082 809 4132 omnis
821 4080 988 4134 discernendi
998 4084 1103 4151 ignarus
1116 4080 1181 4133 nibil
1194 4081 1287 4134 differt
1295 4081 1328 4133 ab
1337 4083 1422 4144 asino;

371 4164 490 4236 Fulgent.
508 4166 535 4218 in
551 4162 632 4216 iabul.
651 4161 781 4234 Apollinis
797 4176 823 4214 et
842 4161 927 4216 Midae.
944 4192 979 4206 ·-
992 4161 1077 4226 Male,
1096 4164 1131 4214 ait
1146 4163 1255 4236 Koesss'p,
1272 4162 1316 4215 hic
1331 4181 1424 4214 versus
1471 4205 1473 4208 .
