3026 4944
389 495 559 562 surina
584 497 745 564 rainl.
1054 527 1094 594 19

74 620 209 691 Effirndat
216 617 378 718 junctura
389 623 616 713 unguesiSoit
626 621 765 692 tendere
778 644 913 694 versum
1058 641 1094 696 65

76 743 140 804 Non
149 759 248 818 secus,
261 759 302 802 ac
313 738 343 802 si
355 730 452 802 oculo
463 734 632 802 rubricam
642 734 766 828 dirigat
776 759 856 804 uno.

78 852 139 916 Sive
147 871 220 940 opus
232 849 268 914 in
280 869 408 929 mores,
421 849 458 912 in
469 845 602 928 luxum,
614 849 650 912 in
662 847 802 938 prandia
814 871 933 941 regum

78 964 185 1042 Dicere,
198 983 249 1027 res
261 957 405 1051 grandes
417 973 534 1025 nostro
545 955 604 1024 dat
615 961 714 1024 Musa
725 975 843 1050 poetae.

110 1077 186 1140 Ecce
195 1071 296 1140 modo
307 1071 428 1140 heroas
440 1093 559 1138 sensus
571 1068 695 1138 afferre
706 1069 858 1140 videmus

72 1187 180 1275 Nugari
191 1183 515 1275 solitosgraeoe,nec
527 1203 653 1274 ponere
665 1180 783 1249 lucum
1062 1217 1097 1270 7⁰

71 1293 220 1376 lnifices,
232 1317 296 1360 neo
307 1317 365 1361 rus
378 1309 532 1362 saturum
540 1291 692 1373 laudare,
704 1293 763 1360 ubi
775 1293 910 1378 corbes,

71 1409 105 1471 Et
114 1405 218 1488 meus,
230 1420 264 1471 et
274 1407 384 1497 porci,
397 1421 431 1472 et
441 1405 573 1472 fumosa
584 1402 700 1472 Palilia
711 1403 822 1488 foeno,

72 1515 155 1583 Unde
166 1521 304 1596 Remus,
317 1515 479 1610 sulooque
490 1533 601 1583 terens
613 1513 774 1599 dentalia,
787 1519 922 1604 Quinti,

71 1630 167 1710 Quum
179 1624 307 1718 trepida
318 1641 398 1694 ante
409 1623 512 1694 boves
524 1624 724 1694 dictanuam
736 1625 846 1694 induit
858 1647 958 1710 uxor,

71 1741 103 1804 Et
113 1753 166 1804 tua
176 1753 287 1804 aratra
297 1737 438 1804 domum
449 1735 547 1804 lictor
558 1736 650 1804 tulit.
660 1789 667 1804 .
678 1789 702 1804 ..
716 1741 824 1829 Euge,
838 1753 948 1829 poeta.
1066 1751 1100 1821 7⁵

104 1856 159 1918 Fst
169 1874 261 1918 nunc
272 1853 392 1918 Briseis
404 1873 506 1945 quem
518 1871 663 1918 venosus
675 1850 759 1919 liber
770 1857 866 1936 Accu

71 2057 93 2103 rt
110 2044 194 2104 nulla
213 2045 358 2127 asperitas
378 2056 540 2128 appareat,
559 2043 607 2105 vel
626 2046 843 2121 commissura,
866 2045 905 2105 ad
924 2067 1018 2127 quam
1036 2046 1099 2110 hoe-

71 2156 142 2202 eant
158 2163 279 2223 ungues
293 2141 341 2202 vel
358 2142 589 2222 diligentissime
605 2163 684 2224 opus
700 2142 907 2225 explorantis?
925 2143 978 2203 llle
994 2159 1101 2227 poeta,

71 2239 99 2296 tit
110 2237 258 2320 populus,
267 2259 389 2297 versum
402 2239 444 2296 ita
456 2250 572 2297 rectum
585 2241 674 2299 novit
686 2237 814 2320 fingere,
828 2253 862 2299 ut
873 2261 953 2323 opus
962 2241 1102 2303 videatur

71 2335 93 2394 d
105 2335 232 2394 rubram
247 2333 363 2395 lineam
375 2334 478 2396 clauso
491 2356 556 2395 uno
569 2335 661 2397 oculo
675 2335 820 2420 dirigere,
836 2342 919 2399 sicuti
926 2339 1004 2422 fucit
1012 2339 1104 2425 faber

71 2437 204 2516 ipmrius.
215 2435 326 2509 Musae,
336 2434 379 2494 ait
386 2432 535 2516 populus,
545 2433 651 2495 favent
658 2449 764 2494 nostro
771 2450 886 2518 poetoe,
896 2451 927 2496 et
938 2436 983 2496 illi
994 2458 1102 2497 conce-

71 2530 140 2590 lnnt
150 2531 288 2592 sublimia
299 2532 339 2592 ad
350 2553 442 2592 omne
452 2545 685 2611 argumentum,
696 2534 758 2591 sive
768 2532 932 2592 dicendum
944 2536 983 2592 sit
992 2534 1030 2592 de
1040 2555 1104 2593 mo-

71 2626 143 2685 ibus
159 2627 210 2703 (in
222 2625 392 2707 comoedia)
407 2628 469 2688 sive
480 2628 518 2687 de
533 2627 608 2686 luxu
620 2627 631 2705 (
638 2629 671 2685 in
683 2629 793 2707 satira)
809 2640 838 2687 et
849 2627 888 2688 de
903 2629 993 2708 regiis
1005 2629 1103 2710 epulis

71 2727 101 2784 in
113 2725 294 2806 tragoedia).

88 2823 139 2902 69.
152 2825 244 2882 Nunc
253 2821 358 2882 videre
369 2835 414 2883 est
426 2819 584 2884 heroicum
594 2823 670 2905 quid
680 2825 742 2883 cito
752 2822 955 2905 proferentes,
968 2838 997 2884 et
1009 2826 1103 2885 subli-

71 2922 113 2980 1ia
137 2935 273 3002 quaeque
293 2942 421 3003 poeseos
438 2943 550 3002 genera
571 2919 748 2982 affectantes
767 2921 1026 2998 adolescentulos,
1048 2926 1102 3005 qui

71 3018 145 3079 rodo
153 3021 239 3079 circa
247 3040 348 3100 nugas
357 3039 453 3101 grace
460 3022 646 3101 compositas
654 3021 687 3079 in
694 3017 1034 3102 scholisoperabantur,
1048 3025 1102 3102 qui

71 3115 196 3176 endum
212 3115 433 3198 descriptiones
446 3115 675 3177 laudationesve
689 3115 804 3198 fingere
818 3131 987 3192 noverunt,
1005 3117 1104 3198 qualis

71 3217 259 3290 memoris,
271 3215 317 3276 vel
327 3217 452 3298 pinguis
461 3217 555 3290 ruris,
566 3217 598 3276 in
609 3214 694 3297 cujus
705 3217 840 3298 imagine
848 3238 938 3298 qttam
948 3221 994 3276 isti
1003 3218 1103 3278 adum

71 3327 151 3390 ant,
165 3327 321 3374 recurrunt
333 3335 377 3373 res
388 3335 476 3394 usque
487 3325 514 3374 et
524 3335 613 3394 osque
622 3313 741 3388 eedem,
755 3317 884 3374 minime
893 3336 958 3376 cum
968 3319 1104 3378 niaximis

71 3431 153 3470 mere
161 3409 438 3493 copulatoe,corbes
448 3411 574 3486 scilicet,
584 3426 614 3470 et
624 3407 724 3486 focus,
734 3407 1044 3494 etporci,quosjuxta
1052 3435 1105 3496 ap-

71 3507 203 3569 ·nuntur
213 3507 292 3568 festa
303 3507 368 3569 deae
381 3508 477 3584 Palis,
492 3510 642 3569 succensis
653 3523 682 3568 et
696 3507 889 3568 fumantibus
901 3509 979 3569 foeni
991 3512 1105 3570 acervis

73 3605 221 3680 lebrata,
231 3619 262 3666 et
273 3607 384 3667 Remus
394 3607 432 3666 ab
444 3608 524 3688 agris
535 3605 700 3682 oriundus,
713 3621 743 3665 et
751 3619 800 3680 tu,
812 3627 830 3665 o
841 3607 1037 3681 Cincinnate,
1051 3609 1105 3688 qui

71 3705 216 3764 emebas
230 3725 389 3765 vomerem
405 3705 494 3766 sulcis
509 3707 662 3781 attritum,
680 3725 777 3788 quum
795 3702 952 3786 trepidans
967 3727 1044 3764 uxor
1061 3707 1106 3764 in-

71 3805 111 3862 rit
130 3803 195 3864 tibi
218 3805 380 3866 dictaturae
398 3820 585 3866 ornamenta·
602 3827 701 3889 prope
721 3805 815 3864 boves
836 3817 923 3880 tuos,
947 3823 1106 3884 quumque

71 3915 172 3960 nores
190 3914 296 3960 aratra
313 3916 369 3961 tua
380 3901 509 3962 domum
529 3902 714 3962 retulerunt.
725 3946 749 3961 ..
769 3901 906 3982 Pergite,
929 3901 1107 3983 descriptio·

71 4018 122 4056 um
136 3999 260 4080 optimi
272 3999 418 4073 artifices3
435 3998 572 4081 preclari
585 4019 640 4060 vos
655 4001 738 4060 eritis
752 4012 861 4081 poetae.

82 4095 136 4175 76.
158 4097 256 4154 Nunc
271 4093 375 4155 videre
391 4109 434 4155 est
447 4095 589 4157 homines
608 4101 743 4179 ineptos,
762 4097 817 4177 qui
835 4106 978 4178 poemate
1000 4093 1106 4155 inflato

71 4193 146 4270 mii,
163 4193 261 4276 quod
279 4195 458 4257 inscribitur
473 4199 594 4272 Briseis,
614 4195 817 4272 delectentur3
838 4195 892 4276 qui
913 4193 1107 4256 detineantur

924 4315 955 4358 2.
