3116 4934
392 339 460 421 564
795 335 1033 406 rausidus

389 465 454 528 Nos
472 479 544 524 seso
556 479 598 522 ue
615 458 669 522 ills
680 457 809 542 quidem
825 459 1087 544 pretermittenda
1102 465 1291 540 censuimus,
1302 465 1334 525 is
1341 467 1412 547 queis

388 559 512 624 videtur
519 558 656 638 Persius,
666 575 732 618 non
742 567 806 618 tem
815 557 946 620 consilio
954 569 985 618 et
993 557 1096 620 studio
1104 559 1256 636 imitandi,
1263 581 1414 642 quamnsu

389 671 422 718 et
431 660 605 738 ξυνιμστῶσιι
615 667 670 716 eut
681 651 764 714 idem
775 654 904 716 verbum
914 651 1058 716 similiter
1067 674 1244 740 usurpasse,
1254 670 1305 718 sut
1313 679 1414 720 versun

388 754 527 840 quodam
536 751 633 815 modo
641 751 772 813 similem
784 750 888 814 fecisse
899 753 991 814 elicui
1003 754 1195 830 Horatian03
1207 776 1280 816 nam
1291 757 1342 816 etsi
1351 755 1416 816 nihil

387 854 518 918 fortusse
530 851 670 934 cogitans
682 853 715 912 iu
729 851 783 911 illa
795 851 920 926 incidit,
933 849 1033 912 nihilo
1045 865 1150 913 tamen
1161 854 1264 915 minus
1279 876 1360 916 cause
1372 876 1417 916 cnr

388 952 488 1014 inille
503 950 697 1034 potissimum
710 951 874 1027 incideret,
887 962 953 1011 erat
966 949 1050 1032 quod
1064 951 1185 1011 Horatii
1196 965 1226 1012 et
1236 953 1325 1013 verbs
1334 968 1362 1014 er
1371 973 1417 1013 nn·

387 1053 465 1114 meri
481 1050 575 1110 etiam
590 1048 674 1110 uliud
692 1049 795 1131 egenti
809 1049 844 1108 in
858 1061 994 1112 mentem
1008 1047 1175 1110 veniebant
1187 1065 1218 1109 et
1226 1049 1283 1110 snb
1290 1050 1347 1110 stili
1360 1072 1418 1112 seu·

388 1168 471 1208 men.
483 1149 520 1208 ln
535 1144 676 1207 hoerero
689 1145 827 1206 carmine
837 1165 938 1227 quum
951 1158 1043 1228 negat
1056 1146 1176 1206 Penius
1185 1167 1217 1206 se
1227 1161 1344 1230 poetam
1354 1167 1420 1224 use,

387 1257 418 1306 et
429 1247 653 1326 semipaqanum
667 1242 827 1318 nominat,
844 1243 1004 1323 ingenioso
1022 1242 1116 1304 verbo
1129 1245 1274 1326 expressit
1291 1243 1418 1318 adfatim,

386 1340 470 1426 quod
485 1340 602 1402 dixerat
617 1339 765 1400 Horatius
783 1359 851 1399 non
865 1337 968 1400 solum
983 1337 1123 1422 pluribus
1142 1341 1257 1418 verbis,
1276 1340 1324 1402 sed
1342 1339 1418 1402 etism

387 1437 541 1501 versibus:
555 1448 590 1498 ut
604 1455 702 1520 quum
713 1447 837 1518 poetam
846 1456 878 1496 se
887 1449 980 1518 negat
993 1436 1026 1497 in
1037 1435 1093 1497 lib.
1110 1435 1139 1512 l,
1157 1437 1220 1500 Sat,
1233 1435 1268 1514 lt,
1281 1437 1333 1519 39:

543 1589 645 1635 Primum
658 1601 703 1650 ego
714 1603 752 1634 me
764 1585 874 1644 illorum,
885 1585 992 1633 dederim
1003 1587 1089 1650 quibus
1098 1601 1148 1634 esse
1158 1601 1252 1650 poetas,

542 1660 670 1722 sseerpm
681 1673 780 1705 numero
792 1674 798 1705 ι
813 1673 892 1721 neque
903 1659 965 1704 enim
976 1657 1117 1704 conclusisse
1130 1675 1225 1709 venun

545 1731 635 1778 Dixeris
643 1743 692 1776 esse
703 1732 775 1784 entier
789 1743 879 1791 neque,
891 1728 910 1772 si
921 1729 974 1792 quis
985 1728 1071 1776 seribst
1082 1729 1117 1774 uti
1126 1745 1169 1776 nos

542 1801 649 1847 Semoni
657 1801 783 1863 propiore,
795 1810 864 1863 putes
875 1797 939 1846 hune
952 1815 1002 1848 esse
1012 1811 1112 1866 possm

388 1935 428 1996 Et
440 1953 538 2016 quum
551 1935 596 1994 sit
608 1933 642 1995 in
660 1933 715 1994 lib.
727 1933 772 2008 11,
784 1933 845 1994 Sat
860 1931 894 2010 6,
911 1955 945 2015 ¹7
958 1954 967 1993 ε

545 2084 608 2147 Quid
616 2086 681 2149 prins
691 2083 806 2134 illustrem
816 2087 895 2135 tauris
905 2087 1022 2151 utroque
1033 2085 1155 2152 pedestri?

385 2226 503 2288 Eodem
514 2245 638 2308 prorsus
651 2225 730 2287 rstio
741 2237 801 2301 est,
813 2247 870 2287 cnr
880 2225 1001 2287 Persius
1012 2228 1238 2310 semipoqastum
1251 2248 1281 2288 se
1290 2224 1421 2310 appellet,

386 2335 418 2384 et
435 2341 491 2382 cur
507 2321 619 2384 Satires
635 2343 706 2384 suns
723 2323 873 2384 Horatius
895 2321 991 2382 modo
1004 2321 1162 2404 pedestrem
1183 2326 1322 2398 Horam,
1338 2320 1421 2384 modo

262 2407 263 2415 ἵ
290 2419 294 2430 ’
386 2419 556 2482 Semnones,-
570 2417 650 2479 utin
665 2431 776 2501 quarte
791 2418 888 2500 primi
902 2417 1125 2501 Epistularum,
1143 2440 1155 2480 1
1169 2441 1177 2480 ε
1275 2416 1277 2424 ’

572 2567 625 2616 sut
635 2581 771 2618 omnm
778 2571 915 2618 monum
926 2567 1026 2620 esndide
1032 2567 1115 2634 judu.

782 2755 837 2832 IN
864 2751 1048 2832 PRIMA.

428 2970 455 3012 s.
472 2951 543 3034 Quis
556 2947 720 3033 leqetlroeo?
730 2983 770 2995 -
783 2949 887 3010 Prima
903 2963 991 3031 perte
1003 2951 1109 3013 Sotirae
1119 2949 1214 3034 hujus
1223 2951 1353 3018 ostendit
1363 2952 1421 3013 Per·

384 3051 446 3110 sius
459 3045 601 3130 pluribus
613 3044 769 3123 versibus,
783 3047 815 3108 id
827 3047 992 3110 consilinm
1005 3049 1064 3111 sihi
1079 3051 1206 3133 probari
1219 3053 1251 3114 iu
1261 3047 1421 3121 scribendo,

386 3143 470 3227 quod
482 3143 680 3228 paucioribus
689 3143 791 3206 verbis
800 3143 894 3205 datur
904 3144 945 3206 ab
954 3148 1062 3209 Horat.
1071 3148 1134 3209 Set.
1143 3149 1273 3226 ultime,
1284 3148 1335 3211 lib.
1344 3144 1421 3227 l‚73=

545 3333 566 3346 ..
578 3334 583 3345 .
594 3335 599 3344 .
610 3298 707 3362 ¹lisque
719 3309 742 3347 te
755 3310 782 3346 ut
793 3300 891 3350 miretur
901 3298 988 3360 turbs,
1000 3299 1091 3350 labore·

541 3369 670 3418 Contentus
680 3369 762 3433 penei·
775 3367 911 3418 lectoribus.

427 3505 457 3566 3.
477 3507 572 3588 Turpe
586 3517 614 3566 et
630 3502 802 3566 nsiserabile.
820 3537 860 3552 ·-
870 3503 1000 3569 Videtur
1018 3503 1156 3570 alludere
1170 3506 1211 3570 sd
1228 3509 1283 3572 ists
1295 3503 1421 3576 nonni,

385 3601 441 3662 lib.
455 3602 487 3677 l,
501 3599 562 3662 Set.
574 3598 662 3678 [ms.
676 3622 734 3663 or:

637 3738 735 3754 ......
744 3709 828 3756 beses
840 3709 959 3767 l‘snnlus.
972 3708 1034 3758 ultre

541 3774 630 3824 llelstis
639 3778 715 3842 espsis
724 3790 748 3826 st
759 3779 874 3842 influet
884 3795 958 3845 quun
970 3796 1022 3828 ures
1030 3795 1099 3830 steno

542 3847 707 3912 unipotens
719 3883 796 3898 .....
988 3857 995 3870 “

388 3983 453 4046 lloec
464 3997 507 4044 est
521 3986 536 4046 d
549 3987 577 4042 s's
590 3991 637 4043 τοῦ
649 3986 765 4044 temtos
775 3986 902 4064 phesse..
