3176 4954
430 381 490 444 nx
515 379 659 448 meno
682 382 781 449 xxx
805 383 951 455 sirm.
1144 405 1209 488 429

624 512 752 576 LXXV.

164 621 210 684 'Et
220 618 347 684 circum
358 615 677 702 volitantlicedulae,
689 618 795 705 turdi,
809 639 945 694 cumtns
955 629 1036 696 coci.

613 734 760 799 LXXVI.

167 834 230 904 Sed
242 836 323 931 qnid
335 859 397 929 ego
408 836 482 905 haec
494 841 606 906 animo
618 840 798 933 trepidanti
811 839 899 912 dicta
909 847 1099 938 profundo?

605 952 768 1019 LXXVII.

167 1056 293 1142 Nolito,
306 1056 366 1125 tibi
378 1081 432 1126 me
443 1059 644 1128 maledicere
652 1084 774 1153 posse,
786 1079 916 1157 putare.

321 1174 324 1182 '
596 1176 775 1240 LXXVIII.

166 1280 329 1360 Tristem,
342 1293 376 1346 et
390 1297 587 1373 corruptum
599 1282 723 1366 scabie,
738 1297 771 1352 et
781 1284 950 1378 porrigini’
961 1285 1110 1380 plenum.
1166 1377 1171 1386 ι

612 1396 757 1460 LXXIX.

166 1501 249 1584 Quae
261 1498 431 1593 qnondam
442 1500 559 1594 populi
571 1505 639 1569 oris
651 1521 914 1597 eures,.pectore
925 1510 1059 1600 rumpit.

165 1723 272 1788 Nemo
281 1722 384 1789 istum
393 1741 544 1792 ventrem
552 1723 746 1818 pertundet,
757 1723 879 1794 delicet
887 1730 948 1810 uti,
956 1743 1059 1826 etque
1067 1729 1205 1800 videbis.

453 1901 457 1908 .
611 1840 759 1903 LXXXI,

166 1946 238 2010 Hoc
248 1946 389 2012 missum
400 1944 517 2028 facies,
529 1942 588 2014 illo
599 1969 655 2014 me
666 1961 761 2013 utere
771 1941 907 2014 libente.

602 2059 765 2124 LXXXII:

166 2163 321 2234 sublatus
331 2163 443 2260 pudor
455 2164 573 2250 omni',
585 2165 735 2248 licentia,
750 2165 849 2235 foenu’
862 2167 1016 2238 refertur.

596 2278 776 2345 LXXXIII.

166 2389 208 2454 Et
219 2385 302 2455 illud
314 2409 449 2483 quoque
461 2391 543 2456 mite
553 2387 699 2471 malum,
712 2384 876 2456 blandum
887 2402 989 2482 etque
1002 2385 1167 2458 dolosum.

598 2504 774 2569 LXXXIV.

164 2611 288 2678 Contra
297 2609 370 2680 baec
380 2611 556 2694 invitasse,
570 2627 630 2679 aut
639 2613 815 2703 instigasse
826 2609 994 2679 videntur.

602 2724 762 2790 LXXXV.

165 2833 290 2900 Omnes
301 2831 456 2915 formosi,
470 2832 587 2918 fortes,
600 2831 660 2902 tibi
672 2856 751 2925 ergo
763 2830 939 2924 improbus
950 2844 1032 2898 esto.

198 3043 300 3095 LXXV.
311 3045 431 3098 Nonius-r
448 3046 584 3111 Gummm,
601 3063 663 3097 cum
741 3042 856 3094 LXXXI.
867 3042 936 3094 Non.
947 3041 1066 3106 Mittere,
1077 3041 1205 3098 omittere.

165 3119 269 3176 delectu
283 3139 449 3195 apparatum.
740 3121 868 3173 LXXXII.
878 3122 981 3173 Nonius
992 3141 998 3169 :
1012 3115 1158 3187 Sublatum,
1168 3117 1207 3170 di-

200 3200 315 3251 LXXVI.
323 3202 426 3254 Nonius
437 3223 443 3252 :
454 3201 602 3274 Trepidam,
612 3220 663 3254 me·
707 3203 790 3255 cimus
805 3214 944 3254 remotum.
1033 3209 1035 3215 ⁴

166 3292 249 3330 tuere.
741 3282 879 3332 LXXXIII.
891 3280 995 3331 Noniur
1011 3298 1017 3327 :
1034 3279 1122 3345 Mitis,
1135 3290 1207 3331 tren·

199 3358 325 3411 LXXVII.
334 3359 400 3412 Non.
408 3360 582 3433 Nolito,pro:
595 3360 659 3412 noli.
707 3360 802 3432 quillus
815 3357 926 3412 etlenir'.
959 3363 961 3367 ’
1009 3405 1013 3417 ,

198 3438 336 3491 LXXVIII.
345 3440 586 3515 NoniumPorripo,
594 3459 663 3492 mor·
741 3438 878 3491 LXXXIV.
907 3439 1011 3490 Nonius
1034 3457 1041 3486 r
1065 3436 1207 3503 Invitam,

165 3515 193 3567 bi
204 3536 298 3589 genus.
706 3531 824 3590 apertam
833 3516 915 3569 hebet
925 3516 1151 3588 significationem.
1269 3561 1273 3570 .
1375 3547 1390 3558 -

197 3597 313 3650 LXXIX.
328 3600 430 3654 Nonius
441 3621 448 3651 ε
458 3603 603 3672 Rumpere,
617 3599 663 3652 de·
741 3597 869 3649 LXXXV.
880 3597 984 3649 Nonius
998 3618 1004 3648 :
1022 3594 1113 3663 Fortis,
1127 3597 1206 3648 etiarn

164 3678 281 3750 fulgere.
302 3679 354 3730 Alii
366 3680 521 3752 ponendum
537 3680 663 3734 arbitron·
708 3675 788 3728 dives.
810 3675 904 3728 ldem:
925 3676 1097 3750 Improbum,
1117 3687 1204 3747 turpe.

165 3757 385 3830 turpepuliorear
392 3779 457 3832 pro:
465 3761 560 3833 populi
571 3779 644 3814 auree
652 3782 662 3823 ,·
707 3758 780 3830 legit
797 3758 889 3809 Densa
907 3769 983 3828 peter
998 3757 1100 3830 fortes:
1116 3756 1205 3828 tErqo

166 3847 192 3887 et
202 3833 239 3888 ibi
247 3835 299 3891 boc
311 3839 469 3910 rignificeret
480 3856 564 3907 oreae,
573 3841 662 3892 frenos
707 3837 867 3909 improbares
876 3847 928 3888 nr.-
940 3835 970 3888 ld
980 3848 1033 3904 eet,
1042 3839 1205 3898 ineu-enum,

166 3929 197 3964 ec
209 3911 286 3967 lebia.
706 3915 792 3969 mulne
805 3918 984 3988 ignarusque,
1000 3917 1100 3987 quippe
1115 3911 1205 3962 defor-

199 3992 301 4046 Lxxx.
309 3994 412 4052 Nonius
420 4019 426 4049 :
435 3995 582 4063 Delira,eet
590 3997 661 4068 aperi
705 4001 770 4066 mie,
783 4019 814 4054 ec
824 3999 858 4054 de
869 4000 996 4073 Gargonii
1008 3995 1132 4069 Pythonis
1142 4011 1205 4067 pro·

165 4071 319 4142 etexplene.
706 4079 788 4148 sapia.
