3026 4944
333 511 376 556 no
647 493 683 554 Λ.
710 489 877 555 PERSll'
891 491 1058 556 FLACCl

331 620 416 684 Sunt
427 639 512 711 quos
525 616 756 710 Pacuviusque
768 631 801 683 et
812 639 991 686 verrucosa
1003 635 1152 686 moretur

332 730 492 818 Antiopa,
508 727 693 792 iaerumnis
706 747 763 792 cor
774 723 988 794 luctificabile
1000 725 1095 795 fulta.
1109 758 1122 788 s

378 841 447 904 Hos
460 839 573 929 pueris
585 837 733 902 monitus
745 851 857 928 patres
869 835 1048 904 infundere
1059 835 1170 930 lippos

331 952 445 1033 Quum
456 945 585 1029 videas,
600 949 766 1041 quaerisne
778 944 869 1022 unde
882 945 954 1015 haec
966 965 1098 1040 sartago
1110 947 1270 1043 loquendi
1345 965 1380 1018 to

331 1059 470 1124 Venerit
480 1059 514 1123 in
528 1055 675 1148 linguas;
687 1055 779 1124 unde
790 1056 880 1125 istud
893 1056 1055 1141 dedecus,
1069 1061 1104 1126 in
1116 1083 1185 1154 quo

331 1167 514 1236 Trossulus
526 1166 670 1236 exsultat
681 1167 741 1234 tihi
753 1191 815 1259 per
826 1165 986 1235 subsellia
997 1166 1110 1236 lteris?

332 1277 430 1346 Nilne
441 1276 561 1371 pudet,
575 1279 675 1370 capiti
687 1301 757 1344 non
769 1299 870 1369 posse
881 1278 1031 1370 pericula
1043 1303 1127 1347 cano

330 1388 473 1472 Pellere,
487 1391 568 1483 quin
580 1387 733 1481 tepidum
746 1387 809 1456 hoc
822 1404 916 1481 optes
928 1389 1045 1458 audire
1057 1395 1244 1460 nacanren?

330 1506 400 1568 Fur
410 1525 462 1582 es,
476 1503 522 1568 ait
533 1499 646 1568 Pedio.
663 1498 782 1570 Pedius
795 1498 897 1594 quid?
909 1502 1051 1570 crimina
1061 1507 1146 1572 rasis
1345 1519 1380 1572 85

330 1611 445 1679 Lihrat
456 1613 491 1678 in
502 1610 697 1678 antithetis:
713 1609 829 1678 doctas
842 1614 997 1703 posuisse
1008 1613 1133 1707 figuras

331 1721 503 1790 Laudatur
517 1747 524 1786 ε
539 1716 667 1788 bellum
679 1719 754 1792 hoc.
768 1725 839 1790 Hoc
851 1721 994 1791 bellum!
1008 1748 1052 1791 an
1064 1724 1208 1794 Romule
1219 1731 1339 1795 ceres?

330 1831 420 1902 Men'
433 1848 566 1900 moveat
576 1835 718 1926 quippe,
732 1849 780 1916 et,
794 1850 906 1903 cantet
918 1837 946 1903 si
960 1836 1161 1929 naufragus,
1175 1863 1286 1906 assem

330 1943 553 2012 Protulerim?
564 1948 700 2024 Cantas,
712 1968 818 2038 quum
831 1944 938 2012 fracta
949 1961 982 2014 te
994 1949 1031 2014 in
1041 1947 1136 2016 trabe
1147 1952 1276 2041 pictum

311 2059 379 2122 'Ex
391 2052 534 2122 humero
545 2067 669 2144 portes.
683 2055 903 2136 Verum,nec
914 2070 1013 2123 nocte
1023 2073 1182 2148 paratum
1345 2091 1382 2142 90

332 2279 456 2338 vetustis
482 2277 607 2338 Pacuvii
633 2279 779 2360 operibus
803 2277 930 2362 ejusque
955 2281 1085 2363 Antiopa
1106 2281 1291 2363 (tragoedia)
1313 2303 1382 2342 ver·

330 2380 411 2438 rucis
433 2374 583 2452 deformi,
601 2391 648 2452 et,
667 2391 702 2438 ut
720 2378 763 2438 ait
781 2392 905 2453 auctor,
927 2380 1096 2440 aerumnis
1112 2401 1166 2441 cor
1185 2379 1384 2442 luctificabile

334 2475 446 2535 fulta.»

372 2593 420 2656 79.
432 2571 510 2650 Qnae
518 2569 629 2654 judicii
637 2571 846 2633 aberrationes
854 2574 909 2634 uhi
920 2571 1015 2648 fiunt,
1024 2585 1055 2634 et
1061 2596 1161 2658 quum
1171 2588 1286 2658 patres,
1296 2578 1382 2638 senio

330 2685 360 2730 et
376 2669 505 2731 stultitia
523 2670 618 2742 coeci,
636 2689 707 2729 suos
721 2682 852 2728 monent
865 2689 977 2750 pueros
992 2672 1179 2731 istiusmodi
1197 2674 1309 2756 scripta
1320 2695 1384 2734 esse

332 2766 497 2839 imitanda,
519 2785 585 2824 non
601 2778 645 2824 est
661 2766 878 2845 quaerendum,
891 2767 975 2827 unde
987 2767 1161 2849 corruptela
1176 2769 1317 2854 linguam
1335 2776 1383 2834 in·

332 2864 455 2937 fecerit,
477 2860 561 2922 unde
579 2863 706 2921 invectae
723 2861 839 2922 fuerint
856 2861 1010 2944 pudendae
1031 2865 1173 2946 ineptiae,
1195 2870 1309 2949 quihus
1329 2871 1382 2932 de-

333 2959 449 3021 licatuli
468 2960 565 3018 nostri
585 2957 790 3019 adolescentes
807 2961 840 3019 in
859 2959 930 3021 foro
941 2975 971 3022 et
978 2960 1104 3042 judiciis
1113 2977 1274 3047 tantopere
1285 2968 1383 3028 exsul·

331 3075 399 3121 tant
419 3071 449 3119 et
469 3057 652 3119 efferuntur.
675 3057 809 3119 Nullone
829 3059 949 3142 pudore
970 3059 1118 3139 afficeris,
1143 3065 1228 3145 quod
1249 3088 1384 3150 nequeas

332 3156 505 3242 pericnlum
518 3177 535 3214 a
547 3155 647 3236 capite
658 3175 737 3215 cano
750 3171 898 3233 avertere,
911 3159 988 3238 quin
999 3156 1121 3220 efficere
1132 3163 1267 3236 coneris,
1282 3178 1317 3224 ut
1328 3164 1383 3224 fri·

332 3254 405 3337 gida
417 3255 474 3312 ista
486 3250 666 3311 laudatione
677 3253 777 3311 oratio
793 3268 847 3312 tua
859 3253 1027 3336 excipiatur
1042 3277 1049 3314 :
1067 3255 1145 3316 dixit
1161 3257 1300 3320 decenter.
1320 3262 1384 3320 Fur

332 3373 381 3427 es,
399 3353 443 3412 ait
457 3362 616 3410 accusator
632 3348 737 3409 Pedio.
755 3350 838 3426 Quid
855 3350 895 3410 ad
913 3349 993 3412 hanc
1010 3366 1144 3413 atrocem
1161 3353 1310 3436 injuriam
1327 3359 1384 3418 Pe·

334 3447 423 3510 dius?
433 3449 558 3508 Crimen
570 3443 726 3528 objectum
736 3460 835 3506 versat
847 3447 881 3507 in
893 3449 1050 3508 sententiis
1062 3449 1102 3509 ad
1114 3449 1291 3512 antithesim
1302 3474 1384 3514 corn·
1417 3451 1419 3460 ⁴

335 3550 463 3632 positis,
480 3545 685 3627 laudaturque
703 3546 789 3626 quod
809 3544 924 3628 figuras
945 3568 1061 3629 ponere
1080 3551 1202 3610 noverit
1222 3553 1383 3614 oratorias.

335 3649 404 3707 Hoc
415 3642 595 3727 pulchrum,
609 3643 766 3724 inquiunt.
779 3641 864 3703 Proh
876 3643 971 3704 fidem
982 3643 1162 3707 hominum!
1174 3646 1234 3707 hoc
1245 3668 1301 3708 vos
1312 3649 1383 3731 pul-

334 3742 445 3804 chrum
459 3739 620 3822 judicatis!
638 3763 657 3800 o
674 3739 800 3800 Romuli
814 3755 956 3823 nepotes,
971 3763 1047 3803 num
1062 3765 1117 3804 vos
1127 3746 1256 3807 canibus
1270 3744 1383 3808 similes

334 3843 407 3903 facti
425 3840 509 3915 estis,
524 3840 577 3919 qui
594 3859 699 3920 segnes
709 3837 812 3918 ,cauda
828 3840 954 3900 remissa
967 3840 1191 3903 blandiuntur?
1208 3845 1326 3905 Scilicet
1342 3865 1383 3905 an

335 3938 505 4019 naufragus
517 3955 700 3996 memorare
711 3935 823 4016 possit,
834 3937 888 4017 qui
898 3937 1016 3999 cantet?
1027 3941 1074 3999 An
1087 3937 1201 4001 efficiat
1212 3941 1288 4003 laetis
1298 3944 1383 4002 voci·

335 4039 406 4113 bus,
420 4049 456 4095 ut
468 4035 608 4095 misertus
621 4055 716 4094 assem
732 4035 760 4093 ei
778 4033 911 4117 largiar?
924 4037 1063 4098 Minime.
1085 4038 1201 4115 Porro,
1212 4055 1247 4102 tu
1261 4055 1382 4108 cantas.

335 4135 411 4196 dum
429 4133 574 4218 experiris
590 4131 808 4214 naufragium,
820 4133 1037 4218 naufragiiqnc
1049 4135 1202 4218 depictam
1214 4139 1382 4222 imaginem
