3148 4950
435 525 589 591 PERSll
615 526 676 590 ΕΤ
699 527 975 593 JUVENALIS.
1160 531 1224 598 533

231 653 290 718 His
307 635 515 742 tenrporihus
534 653 645 718 vixere
665 651 804 730 Persius,
821 655 879 744 qui
899 675 1005 720 annos
1025 655 1080 720 vix
1100 653 1226 723 duode-

184 763 317 852 triginta
329 777 428 828 natus
440 760 622 833 obiitnono
633 763 763 852 imperii
778 763 917 830 Neronis
929 787 1035 846 anno,
1047 781 1080 831 et
1090 768 1228 832 Juvena-

187 873 243 952 lis,
261 876 318 967 qui
330 875 560 964 octogenarius
573 871 615 938 ab
628 871 797 941 Hadriano
807 875 1033 968 in'AEpyptum
1045 881 1165 946 missus
1176 931 1184 961 ,
1195 855 1230 947 et
1243 917 1246 923 ·

186 982 285 1074 paulo
302 998 378 1075 post
389 999 544 1075 mortuus
559 998 619 1050 est.
638 981 713 1066 llle,
730 983 910 1051 volaterris
920 987 954 1051 in
966 989 1111 1070 Etruria,
1125 989 1227 1080 nohili

186 1119 308 1188 genere
318 1111 431 1177 natus,
443 1094 631 1189 opibusque
642 1098 771 1187 magnis
783 1097 979 1178 innutritus,
990 1115 1104 1190 postea
1114 1103 1228 1166 Romoe

186 1205 360 1298 disciplina
387 1229 471 1274 usus
496 1223 547 1273 est
572 1205 769 1273 Palaemonis
793 1209 940 1299 primum
968 1210 1172 1301 grammatici
1197 1228 1230 1278 ct

186 1317 333 1408 Verginii
355 1315 430 1382 Rufi
455 1313 620 1396 rhetoriS,
646 1315 801 1384 ab'anno
828 1335 941 1384 autem
967 1322 1071 1416 astans
1099 1317 1229 1388 decimo

187 1441 279 1492 sexto
298 1426 414 1493 Annaei
433 1426 571 1492 Cornuti
591 1423 781 1517 philosophi
799 1425 918 1510 Stoici,
941 1425 1036 1520 cujus
1057 1427 1153 1496 lateri
1173 1430 1230 1496 nd-

188 1537 284 1606 hoesit
304 1554 476 1631 perpetuo.
498 1540 573 1604 Fuit
596 1536 806 1606 verecundiae
828 1539 995 1632 virginalis
1015 1543 1058 1628 (si
1075 1543 1231 1610 Suetonio

187 1648 240 1716 vel
253 1649 468 1716 auctoriritas
481 1645 553 1739 ejus
568 1645 651 1714 fides
664 1645 855 1731 habenda),
876 1652 996 1716 mentis
1011 1673 1182 1742 generosae
1198 1669 1233 1718 et

187 1759 230 1827 ad
253 1762 463 1828 severitatem
482 1760 664 1853 propioris,
686 1783 820 1828 morum
842 1761 1151 1845 sanctissimorum,
1173 1765 1231 1829 uni

189 1896 305 1966 aequus
324 1873 437 1940 virtuti
455 1886 489 1938 et
508 1888 665 1940 constans
690 1873 847 1938 vitiorum
874 1852 995 1954 hostis,
1022 1871 1080 1940 sed
1105 1873 1233 1941 felicior

188 1985 274 2070 forte
290 1987 434 2052 Zenonis
447 1999 481 2050 et
496 1983 693 2077 Chrysippi,
711 2008 812 2077 quam
830 1985 949 2052 Lucilii
968 2001 1001 2053 et
1018 1988 1145 2053 Horatii
1162 1987 1233 2052 imi-

189 2113 286 2165 tator.
299 2095 414 2165 Satirae
428 2094 500 2189 ejus
515 2118 600 2175 non,
613 2110 651 2160 ut
665 2097 872 2179 Horatianus,
886 2120 967 2164 mox
977 2098 1012 2163 in
1024 2095 1144 2188 vulgus
1159 2096 1233 2164 ede·

189 2208 328 2290 bantur,
347 2205 407 2277 sed
418 2204 558 2297 singulae
574 2206 689 2272 amicis
708 2221 859 2289 tauhun,
882 2207 1004 2300 quibus
1025 2207 1143 2275 eadem
1164 2223 1235 2274 erat

191 2343 285 2386 inens
300 2317 387 2384 etde
403 2339 548 2413 quorum
564 2313 629 2380 fide
643 2316 706 2406 ipsi
722 2315 913 2399 constabat,
927 2323 1091 2401 Cornuto,
1112 2323 1232 2400 Basso,

192 2430 296 2498 Plotio
311 2431 461 2522 Macrino
471 2443 505 2493 et
514 2422 603 2507 ahie,
614 2426 868 2496 innotescebant
877 2445 911 2495 et
920 2452 1037 2497 omnes
1048 2452 1088 2496 eo
1097 2429 1234 2496 demum

194 2646 245 2700 tes,
261 2633 356 2703 quibus
369 2634 499 2703 imperent
511 2629 586 2696 filiis,
599 2642 630 2680 ut
646 2647 693 2701 pe·
734 2620 783 2684 ¹rici
797 2613 941 2684 Horhericis
955 2631 1072 2698 versibus
1089 2649 1184 2684 canere
1200 2633 1234 2684 ti-

194 2726 262 2764 trum
272 2707 623 2782 suorumcapitapraecidant
632 2707 692 2770 ;sed
737 2725 869 2774 muerunt.
881 2711 914 2768 Et
928 2729 962 2764 no
975 2723 1068 2780 poetas
1081 2711 1187 2782 quidem
1203 2710 1236 2763 ed

192 2809 316 2862 responsa
327 2793 353 2841 in
363 2789 513 2862 pestilentia
523 2785 598 2853 date,
609 2799 636 2838 nt
645 2787 695 2837 vir·
737 2789 915 2841 testimonium
939 2794 1016 2840 ritem
1026 2829 1035 2856 ,
1056 2801 1127 2841 certe
1150 2807 1236 2860 neque

191 2871 265 2942 pines
278 2884 328 2922 tres
344 2882 390 2920 sut
402 2865 692 2939 plures—immolentuu
737 2869 860 2935 Platone,
876 2875 963 2940 n'eqne
982 2867 1187 2921 Demosthenem
1203 2870 1238 2922 ad

192 2948 237 3001 sed
250 2941 366 3000 mellitos
376 2948 515 2998 verborum
530 2943 654 3018 globulos
667 2958 693 2995 et
736 2948 789 3000 hoc
801 2969 883 3020 genus
893 2949 1086 3000 exercitationis
1096 2951 1237 3002 accessisse

193 3028 281 3078 omnia
295 3025 364 3078 dicta
378 3025 503 3096 factaque
521 3026 593 3095 quasi
609 3039 693 3095 pape·
737 3028 824 3081 video.
842 3028 954 3080 Grandis
973 3041 1014 3094 et,
1030 3040 1059 3078 ut
1078 3029 1113 3078 ita
1134 3025 1236 3093 dicam,

192 3125 253 3159 vert
273 3119 299 3156 et
316 3123 417 3158 sesamo
436 3121 535 3174 sparta·
554 3103 608 3170 Qui
626 3105 695 3152 luter
724 3107 837 3179 pudica
861 3108 946 3158 oratio
965 3126 1019 3158 non
1042 3119 1081 3157 eet
1102 3104 1237 3157 maculosa

193 3185 249 3237 hnc
262 3185 428 3246 nutriuntur,
440 3201 493 3233 non
507 3183 589 3252 magis
602 3199 693 3252 sapere
738 3205 786 3236 nec
800 3183 920 3254 turgida,
936 3181 982 3234 setl
995 3181 1109 3234 naturali
1124 3180 1238 3254 pulchri-

193 3274 414 3337 possunt‚quttm
426 3257 692 3330 beneolere‚quiin
738 3263 830 3316 tudine
856 3264 978 3330 exsurgit.
1007 3261 1101 3332 Nuper
1128 3274 1239 3312 ventosa

194 3344 282 3395 culina
296 3340 422 3392 habitant.
437 3340 505 3390 Pace
517 3351 604 3389 vestra
619 3337 695 3387 liceat
737 3341 827 3403 isthaec
837 3353 863 3390 et
875 3340 987 3390 enormis
1000 3337 1147 3410 loquacitas
1157 3338 1239 3391 Athe-

195 3422 290 3476 dixisee
306 3440 312 3470 r
332 3419 410 3489 primi
429 3419 546 3469 omniurn
568 3415 695 3484 eloquen·
739 3438 786 3472 rins
799 3436 829 3470 ex
842 3419 903 3468 Asia
916 3418 1113 3487 commigravit,
1129 3420 1240 3471 animos·

194 3504 257 3552 tiam
271 3495 430 3570 perdidistis.
445 3494 557 3546 Levibus
570 3495 640 3543 enim
654 3504 695 3543 at·
741 3516 791 3569 qne
806 3499 933 3568 juvenum
945 3495 1089 3567 aduiapna
1104 3512 1239 3568 surgentes

196 3597 248 3652 que
264 3575 386 3629 inanibus
401 3575 472 3626 sonis
489 3572 600 3623 ludibria
622 3587 703 3650 quw·¹
739 3577 818 3627 veluti
831 3574 963 3646 pestilenti
977 3574 1093 3645 quodam
1104 3577 1188 3629 sidere
1201 3579 1239 3630 nl-

195 3658 255 3712 dem
268 3653 405 3709 excitando
417 3652 549 3716 effecistis,
560 3665 588 3702 ut
598 3667 696 3719 corpus
740 3656 824 3722 flavit,
838 3653 967 3726 simulque
979 3667 1103 3724 corrupta
1115 3653 1241 3728 eloquen.

197 3739 320 3792 orationis
344 3746 513 3788 coenaretur
533 3745 559 3784 et
579 3729 695 3783 caderet.
740 3737 780 3786 tiu
795 3735 885 3804 regula
898 3735 970 3786 stetit
979 3746 1005 3785 et
1019 3732 1159 3787 obmutuit.
1172 3735 1240 3800 Quis

196 3816 322 3871 Nondum
338 3817 449 3886 juvenes
461 3809 696 3864 declamationibus
740 3829 833 3888 possea
858 3813 892 3865 ad
912 3833 1040 3868 summam
1058 3813 1239 3886 Tliucydirlis‚

197 3895 421 3957 conterebantur,
450 3909 531 3962 quum
550 3887 697 3959 sophocles
742 3893 1242 3968 quisllyperidissdfamamprocessit?

199 3987 244 4026 aut
263 3973 399 4044 Euripides
418 3974 574 4023 invenerunt
595 3966 697 4032 verbs,
740 3976 779 4027 Ac
791 3994 824 4027 ne
839 3992 945 4026 carmen
957 3970 1062 4043 quidem
1076 3972 1132 4022 sani
1143 3970 1240 4029 colmie

199 4053 295 4124 quibus
315 4051 442 4104 deberent
463 4049 546 4119 loqui.
570 4044 697 4098 Nondum
742 4055 850 4114 enimin
872 4051 917 4102 sed
937 4050 1025 4102 omnia
1047 4048 1121 4119 quasi
1145 4045 1239 4105 eodem

199 4132 360 4186 umbraticus
372 4131 465 4184 doctor
479 4131 583 4200 ingenia
596 4126 698 4179 deleve·
742 4129 802 4183 cibo
824 4143 897 4202 pasta
916 4147 969 4182 non
991 4137 1136 4197 potuerunt
1156 4146 1240 4198 usque

199 4227 252 4283 rat,
263 4231 344 4285 quum
355 4211 479 4264 Pindarus
489 4227 639 4282 novemque
647 4209 699 4281 lay·
744 4209 775 4264 ad
792 4221 953 4262 senectutem
966 4218 1184 4272 concensemus.
1196 4229 1206 4256 ι
