3038 4932
361 397 435 470 336
602 406 637 469 C.
663 405 848 470 LUCILII
875 404 1169 470 FRAGMENTA

834 536 937 600 XXII.

336 639 360 660 ’“
369 692 906 708 ................
930 640 1123 708 Noctiluca:
1142 640 1281 709 medica.

769 877 1001 896 mmm

525 1069 605 1145 ux
631 1065 794 1180 niuno
820 1068 883 1142 111
913 1063 1245 1143 summouit.
1319 1121 1322 1126 .

410 1276 619 1369 Porphyrion
631 1277 666 1341 in
680 1279 793 1341 Horat.
807 1273 863 1340 lib.
879 1279 910 1356 I,
925 1290 984 1342 sat.
1002 1275 1019 1340 5
1034 1301 1040 1338 ε
1059 1273 1251 1357 «Lucilius,
1263 1273 1317 1341 lib.
1331 1279 1384 1356 III,

366 1385 567 1479 «descripsit
581 1388 643 1452 iter
655 1408 772 1467 suum,
788 1381 879 1477 quod
891 1390 995 1452 Roma
1008 1384 1086 1452 fecit
1099 1390 1265 1476 Capuam,
1280 1401 1310 1451 et
1320 1383 1386 1451 inde

371 1496 438 1563 aad
455 1497 578 1564 fretum
596 1519 704 1590 usquc
723 1494 901 1564 Siciliense.
915 1527 927 1554 ιι
951 1501 1050 1563 Hunc
1065 1499 1214 1563 imitatus
1229 1496 1386 1575 Horatius,

364 1609 426 1672 iter
443 1629 542 1673 suum
561 1605 602 1672 ab
617 1603 700 1671 urhe
720 1609 825 1670 Roma
841 1603 1017 1696 descripsit
1032 1604 1259 1672 Brundusium
1277 1626 1385 1696 usque,

364 1738 630 1782 commemorans
643 1713 716 1808 ejus
727 1716 852 1782 itineris
865 1713 1086 1782 incommoda.

870 1829 896 1890 I.

362 1933 469 2001 Millia
479 1959 581 2026 porro
592 1934 645 2001 bis
658 1937 761 2029 quina
772 1938 941 2026 octoginta
953 1932 1080 2000 videbis

361 2045 543 2146 Commoda
555 2044 596 2113 de
607 2049 731 2138 Capua.
748 2047 833 2111 Hinc
845 2047 1087 2148 quinquaginta
1100 2061 1202 2138 atque
1215 2044 1265 2111 bis
1276 2059 1352 2111 octo.

862 2161 903 2221 11.

361 2262 411 2329 Ad
422 2280 556 2356 portam
568 2263 675 2344 mille,
690 2289 710 2330 a
722 2279 821 2355 porta
832 2281 882 2332 est
896 2289 952 2332 sex
965 2265 1044 2332 inde
1055 2265 1244 2334 Salernum.

851 2380 908 2442 III.

362 2483 443 2552 Inde
457 2486 687 2554 Dicaearchum
700 2486 861 2580 populos,
873 2486 1060 2582 Delumque
1072 2489 1248 2554 minorem.

854 2604 908 2664 IV.

359 2712 529 2800 Campana
540 2713 664 2800 Capua.

859 2821 899 2883 V.

364 2977 730 2992 ...........
755 2929 869 3018 Longe
881 2931 943 2995 tria
955 2927 1056 2994 millia
1066 2951 1242 3019 passuum.

394 3125 476 3178 XXII.
495 3123 656 3178 Noctiluca:
676 3127 745 3178 hanc
766 3147 858 3182 vocem
903 3161 938 3171 —
951 3130 1089 3182 Salernum
1109 3129 1214 3198 (hodie
1236 3127 1341 3189 Salerni,
1359 3123 1381 3172 ln

360 3201 858 3275 usurpavitLuciliusproobscoeno,id
903 3210 1078 3282 Neapolitano
1095 3228 1201 3280 regno5
1220 3209 1246 3258 in
1264 3211 1309 3256 hac
1329 3200 1381 3254 urbe

248 3293 252 3298 '
360 3298 399 3336 est
419 3283 481 3335 mali
493 3285 601 3352 ominis,
624 3283 714 3353 quales
733 3301 794 3338 suut
808 3286 858 3338 bu·
902 3303 1021 3342 mortuns
1040 3302 1078 3340 est
1099 3288 1215 3339 dictator
1233 3283 1309 3356 Sylla,
1327 3295 1379 3332 aun·

359 3363 458 3428 hones,
470 3375 516 3414 aut
524 3362 620 3416 similes
634 3381 693 3416 aves
704 3378 785 3416 noctu
797 3385 857 3418 con·
903 3371 935 3438 78
950 3384 1010 3421 aute
1022 3369 1046 3419 J.
1060 3369 1091 3420 C.
1107 3381 1162 3419 nat.
1172 3369 1183 3437 )
1194 3368 1241 3417 En.

360 3444 493 3506 uiuentes,
514 3463 625 3514 quarum
647 3443 746 3497 scilicet
769 3446 860 3498 oculo·
936 3451 980 3501 III.
990 3451 1082 3500 Festus
1093 3469 1099 3498 ι
1110 3447 1243 3497 Minorem
1250 3439 1380 3494 vetamur-

359 3541 416 3573 rurn
436 3523 518 3574 aclem
533 3523 674 3578 hebetante
690 3525 753 3577 solis
771 3525 859 3598 splen·
902 3525 986 3579 teolos
1001 3526 1091 3597 (hodie
1107 3523 1225 3577 Poumol
1237 3524 1263 3573 in
1274 3512 1378 3588 Neapoli·

359 3599 440 3666 dore,
461 3615 542 3652 noctu
560 3615 662 3654 tanturn
676 3615 780 3656 externa
797 3624 859 3677 pos·
902 3617 964 3656 tano
981 3605 1081 3676 regno)
1098 3622 1153 3656 esse
1172 3604 1302 3665 disentiat,
1321 3589 1378 3667 quod

359 3692 420 3730 sunt
437 3677 597 3750 distinguere
611 3703 619 3744 3
636 3695 661 3733 et
683 3700 734 3734 uox
748 3681 798 3735 illis
814 3683 859 3735 lux
902 3683 982 3737 Delus
999 3683 1140 3756 aliquando
1157 3685 1294 3736 maximum
1305 3691 1378 3744 empta

360 3770 407 3808 est·
423 3759 469 3808 ED-
900 3767 967 3819 rium
984 3766 1064 3816 luerit
1078 3765 1157 3815 totius
1175 3763 1245 3813 orbis
1261 3769 1375 3810 terrarum·

393 3837 413 3886 1.
436 3837 564 3888 Nonius:
587 3839 770 3906 Commodum,
791 3841 856 3893 inte·
937 3847 980 3896 IV.
1005 3831 1377 3915 Porphyr.iu110rn.lib·¹2
1489 3853 1491 3882 ³

357 3933 448 3984 grum,
462 3929 556 3966 totum.
901 3923 983 3974 Sauli,

392 3995 423 4044 u.
443 3995 473 4044 Α.
491 3993 605 4060 cetius,
620 3993 664 4046 uu.
676 3997 700 4063 1,
718 4016 778 4069 cap.
802 3999 854 4050 16:
936 4005 966 4052 v.
992 4000 1142 4066 eham-ius,
1158 3999 1203 4050 ub.
1223 3999 1244 4048 ιι
1261 4014 1266 4042 =
1282 3993 1375 4066 nuc,
1488 3961 1490 3974 ’

358 4071 436 4123 Mitte
445 4091 553 4126 numero
563 4073 688 4144 singulari
697 4074 795 4128 dictum
808 4088 854 4127 est.
907 4099 971 4152 pro:
986 4083 1135 4152 priempuc,
1151 4079 1265 4130 maxime.
1485 4089 1490 4429 q
