3116 4934
389 741 636 866 utras
681 741 1051 866 vintrus

276 1032 362 1124 DE
387 1026 710 1128 CORNUTO
737 1025 1165 1124 PHILOSOPHO

280 1217 285 1234 ’
479 1275 963 1374 saeuiturum,
1062 1329 1064 1334 -

198 1505 238 1548 ott
249 1502 384 1550 cottum
395 1503 427 1548 IN
439 1501 533 1548 l'EllSll
547 1500 668 1546 sarteas
680 1499 916 1555 confltsstttrttttO,
929 1501 967 1546 tc
980 1501 1020 1546 ott
1035 1502 1249 1549 cottttttttrautt

476 1579 701 1640 COMMENTlQUE
713 1577 962 1624 stcntttctrtotttt.

580 1832 868 1860 ...ν-ψὰ-

198 1991 356 2099 Anninus
380 2039 563 2114 Contentus,
586 2037 695 2098 Stoicae
718 2033 888 2118 disciplinas
909 2034 1134 2120 philosophus,
1159 2057 1250 2118 quem

197 2138 335 2197 amicum
356 2146 385 2196 et
408 2136 594 2216 magistrum
617 2155 708 2194 suum
729 2134 822 2194 tantis
845 2131 937 2194 effert
959 2133 1106 2194 laudibus
1132 2135 1252 2195 Persius

137 2307 142 2314 1
197 2233 323 2294 Flaccus
338 2235 371 2293 in
386 2232 485 2292 Satira
497 2233 624 2313 quinta3
637 2233 677 2306 is,
697 2231 720 2291 si
737 2229 812 2312 quid
832 2231 933 2291 Suidae
949 2231 1141 2292 collectaneis
1158 2231 1252 2292 credi·

198 2349 285 2407 mus',
306 2329 391 2390 dives
404 2328 494 2390 valde
512 2327 579 2389 fuit.
594 2331 732 2389 Patriam
746 2329 858 2389 habuit
870 2330 979 2390 urbem
993 2329 1103 2390 Alricae
1121 2331 1252 2411 Leptin,

197 2427 249 2489 sed
263 2431 370 2489 Romae
382 2440 487 2488 tamen
500 2425 632 2486 Claudio
647 2441 678 2487 et
689 2427 809 2488 Nerone
821 2427 1011 2510 principibus
1025 2425 1252 2509 philosophiam

197 2523 352 2606 professus
365 2537 419 2586 est.
435 2522 519 2585 ldem
534 2525 653 2584 Persius
667 2523 712 2584 illi
724 2545 753 2584 se
767 2525 801 2584 in
815 2523 1010 2607 disciplinam
1020 2523 1180 2584 tradidisse
1191 2523 1252 2582 fer-

197 2633 249 2683 tur
263 2641 347 2683 ann'o
363 2623 459 2684 aetatis
475 2641 537 2682 suae
552 2621 806 2704 quintodecimo:
821 2643 913 2702 quem
925 2617 998 2683 inde
1011 2644 1046 2682 ea
1058 2621 1253 2682 observantia

198 2717 311 2799 coluit,
333 2733 369 2780 ut
388 2719 493 2802 quoad
513 2733 622 2801 posset·
638 2732 667 2779 et
682 2719 803 2794 liceret,
825 2720 864 2779 ab
884 2715 948 2800 ejus
972 2719 1067 2779 latere
1090 2737 1253 2800 nunquam

197 2816 374 2878 discederet.
390 2818 475 2896 Quin
490 2839 561 2878 eum
578 2817 688 2898 quanti
704 2815 816 2879 faceret
834 2815 893 2878 hoc
911 2815 1062 2892 ostendit,
1081 2815 1167 2898 quod
1185 2835 1253 2875 mo-

196 2915 278 2975 riens
293 2915 340 2975 illi
361 2929 460 2976 totam
473 2914 699 2976 bibliothecam
717 2937 807 3010 suam
822 2915 1003 2996 argentique
1023 2914 1158 2974 multum
1171 2913 1253 2994 lega-

197 3015 241 3074 vit
254 3038 260 3072 :
274 3013 357 3075 unde
367 3003 489 3075 sustulit
500 3015 654 3076 Cornutus
666 3015 762 3074 libros
778 3028 899 3074 tantum
911 3007 1086 3092 :reliquum
1102 3013 1253 3094 legatum,
1267 3055 1270 3060 -

197 3111 353 3170 sororibus
376 3109 471 3169 Persii
490 3132 566 3192 quas
585 3110 684 3170 frater
700 3109 835 3170 heoredes
859 3109 1052 3183 instituerat,
1073 3112 1254 3170 universum

196 3205 332 3287 reliquit.
343 3205 443 3286 Hujus
457 3207 501 3266 rei
514 3221 671 3267 auctorem
683 3207 850 3282 habemus,
863 3209 1003 3288 quisquis
1016 3221 1171 3284 veterum,
1184 3206 1254 3267 Per-

198 3302 235 3364 sii
245 3317 343 3385 poetae
352 3305 449 3362 vitam
461 3303 597 3386 scripsit,
607 3323 675 3384 quae
687 3317 797 3377 exstat,
810 3305 872 3362 sive
880 3305 1044 3364 Suetonius
1053 3303 1253 3385 Tranquillus

197 3399 248 3460 hic
266 3402 319 3477 sit,
333 3401 395 3461 sive
414 3400 516 3482 potius
535 3399 598 3481 ejus
617 3403 764 3481 antiquus
778 3401 938 3482 interpres.
954 3401 1147 3481 Scriptorum
1164 3401 1254 3462 disci·

198 3497 266 3580 puli
284 3500 331 3558 sui
348 3517 454 3559 censor
468 3511 498 3558 et
513 3498 628 3558 arbiter
644 3497 705 3558 fuit
721 3497 789 3572 ille;
813 3501 980 3578 Satiraeque
993 3497 1087 3558 Persii
1104 3497 1172 3579 jam
1191 3503 1253 3559 vita
1284 3549 1285 3552 ,

198 3599 299 3660 functi
312 3620 379 3660 non
396 3611 467 3659 ante
486 3597 615 3658 fuerunt
632 3599 738 3676 editae,
755 3619 850 3680 quam
869 3621 919 3659 eas
937 3599 1136 3658 recensuisset
1150 3621 1254 3659 emen-

198 3694 391 3778 davissetque
404 3697 468 3779 ipse
479 3697 635 3776 magister.
655 3697 781 3778 Scripsit
796 3709 902 3756 autem
915 3695 969 3783 hic⁸
978 3695 1134 3756 Cornutus
1154 3694 1253 3777 philo·

198 3793 325 3878 sophica
339 3795 439 3856 multa
455 3809 485 3854 et
499 3791 671 3870 rhetorica,
686 3817 755 3877 quac
769 3795 807 3856 ad
826 3815 882 3856 nos
899 3815 971 3874 non¹
982 3807 1204 3878 pervenerunt:
1221 3795 1252 3854 in

199 3911 293 3974 quem
307 3895 400 3954 etiam
412 3893 543 3954 Neronis
561 3893 757 3974 tyrannidem
773 3886 906 3954 saeviisse‘
916 3893 997 3952 Dion
1012 3893 1169 3951 memoriae
1183 3913 1253 3974 pro·

172 4013 174 4016 ·
200 3989 288 4052 didit'.
303 3993 383 4053 Nero
400 3993 483 4053 enim
497 4011 542 4052 res
556 4009 698 4052 romanas
712 4013 730 4051 a
742 3991 913 4076 primordio
927 3991 1016 4051 Urbis
1031 3989 1169 4049 carmine
1185 4010 1253 4070 per-

200 4091 330 4152 scribere
343 4094 563 4152 constituerat:
576 4091 677 4173 etjam
690 4103 776 4168 ante,
792 4111 887 4174 qaam
899 4087 1015 4149 librum
1027 4077 1141 4163 uuum,
1155 4085 1254 4147 absol-

201 4189 303 4264 visset,
315 4187 509 4249 consultabat
521 4211 590 4249 cum
606 4191 681 4264 suis,
695 4205 771 4270 qamt
783 4189 871 4249 libris
886 4177 1078 4247 rem'tantam
1093 4185 1252 4268 complecti
