3176 4954
351 505 417 583 410
530 461 537 474 ’
585 497 1151 567 c.uucrn11rnreunnrr

788 623 953 690 XXXVII.

347 735 591 804 sarcinatorem
603 754 676 802 esse
689 753 881 813 summum,
893 753 991 799 suere
1003 745 1183 802 eentonem
1194 751 1344 828 optume.

776 844 961 910 XXXVIII.

348 956 449 1024 Tanti
459 950 610 1045 tempori
622 975 657 1020 se
669 967 801 1020 montes
815 967 850 1020 et
860 947 985 1020 foedere
996 948 1125 1022 tollent.

795 1064 945 1130 XXXIX.

348 1181 476 1246 Verum
487 1193 525 1244 tu
537 1176 618 1272 qnid
631 1178 724 1269 egis?
734 1171 911 1268 interpella
924 1197 996 1257 me,
1010 1188 1050 1241 ut
1061 1175 1175 1244 seiam.

835 1287 903 1352 XL.

350 1395 623 1491 Prospiciendum
635 1419 714 1488 ergo
725 1397 761 1462 in
773 1408 926 1475 senecta,
939 1417 1030 1462 nunc
1041 1394 1264 1465 adolescentie
1277 1411 1338 1464 est.

826 1509 914 1574 XLI.

350 1624 391 1687 ln
404 1618 553 1687 medium
564 1617 738 1700 Chremes,
751 1618 786 1688 iu
798 1638 970 1684 summum
983 1617 1032 1685 ire
1044 1619 1269 1686 Daemenetus.

817 1728 922 1794 XLII.

352 1845 483 1932 Aquam
496 1817 529 1904 te
540 1839 576 1903 in
586 1838 699 1904 animo
710 1833 835 1906 habere
847 1838 1055 1905 intercutem.

808 1950 929 2016 XLIII.

352 2065 463 2148 Qunre
476 2083 538 2152 pro
550 2060 649 2140 fecie,
662 2076 723 2151 pro
736 2075 863 2126 statura
875 2073 991 2126 status.

812 2171 928 2236 XLIV.

353 2316 396 2346 .·.
425 2330 431 2346 .
460 2299 467 2344 ι
495 2283 644 2374 Quaeque
657 2295 796 2371 aspectu
806 2294 886 2346 sunt
899 2299 1023 2370 spureo
1033 2294 1068 2346 et
1079 2277 1194 2348 odore.

385 2464 516 2516 XXXVII.
538 2464 642 2516 Nonius
660 2485 666 2515 :
682 2465 849 2532 Sardeates,
886 2461 988 2534 federa
1003 2462 1125 2520 tollent.»
1139 2463 1216 2516 Unde
1230 2460 1326 2514 Paulus
1338 2463 1397 2514 Me·

351 2557 432 2599 sutor.
447 2544 529 2611 Cato,
544 2543 576 2596 de
589 2545 627 2597 Re
643 2537 718 2598 IIust.
733 2563 793 2616 cap.
807 2545 846 2596 II:
892 2541 949 2593 ruia
958 2543 1134 2596 emendabat:
1148 2543 1261 2595 «Tutius
1268 2543 1398 2594 intentent

352 2624 506 2675 «centones
532 2623 695 2676 vetteulliones
721 2622 848 2676 familiam
892 2635 986 2676 mortes
999 2637 1024 2677 et
1032 2623 1134 2696 foedera
1146 2623 1272 2678 tollant.»
1290 2624 1396 2694 Deque

349 2705 497 2774 oportuisse
510 2701 559 2754 sibi
572 2704 700 2754 sarcire·
894 2701 1004 2754 consule
1013 2706 1100 2775 ipsum
1114 2702 1148 2756 td
1159 2700 1273 2754 Annales
1284 2701 1373 2752 Ennii.

384 2781 525 2832 XXXVIII.
543 2781 646 2832 Nonius
664 2801 671 2831 :
689 2778 791 2830 Tollere
811 2792 851 2832 est
934 2782 1052 2834 XXXIX.
1064 2783 1167 2835 Nonius
1183 2800 1190 2831 ε
1207 2778 1396 2851 Interpellare,

350 2857 460 2910 elevare.
472 2860 546 2909 Hane
558 2875 646 2910 verum
656 2858 795 2908 lectionem
808 2875 850 2908 su·
895 2863 1000 2929 dicere,
1012 2861 1117 2914 ducere.

350 2939 466 3007 spieetur
478 2937 534 2987 Jos.
544 2935 667 3004 Scaliger.
680 2935 791 3004 Tempus
802 2953 850 3004 pro
928 2943 983 2995 XL,
999 2943 1104 2994 Nonius
1117 2962 1124 2992 =
1136 2941 1244 2995 senecia
1251 2978 1261 3007 7
1274 2955 1324 3011 pro
1336 2957 1342 2987 ς
1356 2955 1399 2990 30.

349 3025 498 3087 tempestate
508 3011 650 3085 aliquando
658 3015 766 3063 Veteres
777 3009 850 3063 diee-
877 3035 882 3042 -
896 3035 1012 3074 nectum,
1112 3039 1113 3046 .

348 3091 633 3156 hunt.IiutiIIus,Iib.I:
644 3093 851 3161 «Dumquepro-
930 3101 996 3150 XLI,
1008 3099 1133 3164 Nonam
1145 3095 1336 3150 ambulare,
1349 3095 1399 3146 ne.

350 3171 439 3224 cellotl
450 3174 575 3243 temporit
587 3173 624 3223 Ira
638 3169 741 3222 nadib·
756 3171 851 3223 Foe‘lut
894 3177 1035 3229 etIssimeJ.
1043 3177 1158 3249 Lipsius:
1169 3173 1400 3228 elusummumt’re

349 3251 500 3322 estfoeditas
511 3249 705 3304 Iurisconsuito
716 3273 723 3301 t
736 3249 851 3302 «Mulier
894 3257 1067 3308 Dementes.
1078 3278 1090 3302 ι
1107 3258 1142 3306 Ut
1159 3254 1252 3308 dixerit
1268 3252 1398 3305 Lucilius:

349 3347 406 3401 (1¹²ae
418 3348 445 3382 ὅθ
460 3333 487 3381 in
501 3343 603 3383 lantum
614 3331 700 3384 foedus
714 3329 848 3382 dederim
895 3337 1019 3390 Chremes
1032 3335 1075 3390 ille
1084 3337 1200 3389 Terentii
1211 3337 1238 3387 in
1249 3335 1302 3386 filio
1312 3330 1400 3383 Indul-

348 3407 441 3461 Feedes
455 3421 481 3462 et
495 3429 605 3482 spurces
617 3424 786 3482 tempestates
799 3411 850 3464 Ve-
895 3417 983 3490 gendo
999 3415 1115 3468 medium
1127 3417 1219 3468 tenuit.
1233 3414 1400 3465 Demenetus

348 3500 417 3539 teres
445 3485 577 3542 dicebant.
603 3491 731 3543 Caeterum
759 3492 850 3542 Densa
895 3495 986 3556 Plauti
999 3493 1106 3545 modum
1119 3493 1236 3546 excessit.
1252 3493 1352 3543 Notum
1367 3505 1401 3540 ex

348 3579 423 3638 puter
434 3565 489 3618 Iuee
502 3570 618 3639 pristine
629 3570 772 3638 integritati
779 3571 852 3622 resti·
895 3574 1016 3626 Asinaria
1027 3569 1162 3643 quomodo
1175 3569 1217 3622 ille
1227 3587 1305 3620 senex
1314 3565 1399 3617 lilium

348 3643 447 3697 tuenda
457 3645 584 3717 putabat:
599 3649 700 3699 ‘Tanis'
715 3666 740 3700 te
753 3659 852 3719 tempe·
896 3667 999 3706 tantnm
1007 3671 1062 3706 non
1074 3652 1108 3706 nd
1120 3652 1203 3707 lustra
1212 3664 1238 3705 et
1247 3648 1398 3702 meretrices

349 3725 853 3780 stetismontesodsitleratolluut.»Sub-
896 3731 1020 3784 deducat.

349 3805 479 3858 scribente
492 3803 589 3856 Ovidio
603 3809 630 3856 iu
644 3805 851 3872 Tristibusi‚n‚
932 3811 1009 3862 XLII.
1034 3809 1137 3862 Nonius
1159 3829 1166 3860 ι
1187 3807 1263 3882 Aqua
1287 3805 1401 3856 intercus

350 3884 397 3936 ²62
412 3885 474 3936 «Me
487 3885 626 3950 miserum,
642 3886 733 3956 quenti
747 3898 851 3938 montes
895 3887 1046 3961 hydropum
1055 3887 1179 3940 morbus:
1191 3884 1401 3958 quatioquuin-

348 3963 637 4036 volvunturequerum!
650 3965 763 4035 Jnmjero
770 3976 852 4016 taetu-
894 3979 1043 4018 terentem.

350 4060 394 4094 ros
405 4043 490 4095 sideru
501 4061 602 4095 summ-e
613 4053 698 4114 putes.
708 4066 719 4089 n
733 4043 763 4094 In
772 4045 853 4095 veteri
931 4047 1020 4098 XLIII.
1037 4045 1140 4098 Nonius
1151 4066 1157 4096 ι
1170 4045 1290 4111 Statura,
1307 4059 1398 4114 gener.

348 4138 410 4173 vero
421 4122 489 4174 libro
499 4125 579 4177 Nonii
588 4122 667 4194 longe
679 4121 755 4176 aliter
765 4136 852 4176 exste—
895 4126 985 4179 femin.

349 4198 407 4253 bate
421 4203 535 4258 ufutt're
550 4215 576 4257 et
589 4215 705 4257 terrerem
721 4214 815 4257 mortes
826 4215 853 4256 et
931 4205 1020 4258 XLIV.
1032 4205 1101 4256 Nou.
1111 4202 1252 4275 Spurcum,
1264 4197 1399 4253 feudum.
