3038 4932
396 436 445 500 IN
469 436 679 502 SATIRAM
703 439 904 506 SEXTAM.
1105 448 1167 512 281

126 571 203 606 tamen
216 557 331 606 editorum
345 558 451 606 nonnulli
457 572 573 622 ,propter
590 561 650 606 aude
660 562 762 624 potitum
775 576 845 607 veron
858 563 980 624 superiore
994 563 1034 624 49
1051 564 1105 610 Fert
1118 569 1171 629 qui-

127 629 179 676 dem
195 630 270 676 Mais.
289 629 366 675 Codex
382 629 441 677 8055
457 593 521 674 laud
536 645 580 692 pro
593 645 653 686 ncn;
648 629 708 678 ·acd
724 646 753 676 ne
769 646 796 677 ea
814 631 908 695 quidem
926 635 1040 680 correctio
1057 634 1170 691 sufficiat,

127 715 198 762 qonrn
206 700 318 748 claudicet
323 700 432 748 adhuctn
440 703 520 762 quinto
531 700 591 762 pede
599 717 695 755 vertunt
702 718 755 748 raro
763 703 824 747 enim
831 702 1056 750 overbornmlinalit
1063 706 1169 767 corripit,

126 773 214 816 etiamsi
225 770 263 816 rel
279 783 332 816 ante
350 769 433 817 vocalis
448 782 568 824 occurrat,
585 783 625 816 aut
644 770 763 832 producit,
783 783 823 816 aut
842 770 941 818 eliditur.
961 773 1088 818 censuerat
1104 786 1171 819 retus

125 841 201 888 editor
210 841 343 902 legendum,
353 843 426 886 ausim
431 856 475 903 pro
483 842 564 896 ntideo,
576 852 601 886 ut
609 843 637 886 ait
645 855 724 886 venua
733 842 883 903 spondaicus;
893 858 941 888 non
948 841 1049 889 absurde
1058 843 1171 906 proiecto.

125 912 169 958 Sed
177 911 303 973 legendum
312 913 418 968 ridetur,
428 913 461 957 uti
470 913 558 974 piimus
570 913 673 957 omnium
687 913 778 957 monuit
788 913 910 958 Turnebus
921 927 927 958 ι
943 915 996 958 Νοιι
1007 914 1063 958 deo
1069 947 1077 969 ‚
1088 915 1170 977 inquis.

125 986 164 1031 Est
175 999 232 1030 vero
246 986 343 1046 qnaestio
352 984 594 1046 interpungendum
609 987 638 1031 sit
650 999 657 1029 ι
671 999 717 1029 non
727 985 798 1042 odeo,
812 986 898 1048 iuquis‚·
908 995 1036 1040 exossabat,
1055 997 1114 1041 etc.;
1125 1000 1170 1031 an:

127 1073 171 1103 ιιοιι
181 1056 252 1112 odeo,
263 1059 349 1120 inquis,
360 1064 477 1102 ιιοιιαιιιι
486 1071 552 1120 ψη
561 1067 584 1102 ιι
595 1058 660 1119 prior
668 1056 738 1103 lectio
749 1056 843 1103 ridetur
851 1055 881 1103 ad
889 1056 1139 1104 wammeommodior.

159 1180 228 1232 Nor.
243 1179 285 1232 51.
296 1179 339 1232 An
350 1179 488 1249 prohibes?
501 1178 542 1231 dic
553 1177 741 1232 clare-Noa
753 1179 836 1246 adeo,
849 1179 1173 1252 inquis.-Anproliibes?

125 1259 187 1309 liaec
201 1276 294 1310 rursus
313 1256 347 1309 ad
365 1255 503 1309 heredem.
518 1259 588 1309 Num
608 1272 636 1309 tn
649 1277 733 1308 meam
749 1257 885 1328 probibere
898 1260 935 1310 vis
947 1257 1172 1328 largitionem?-

124 1337 175 1388 Dic
186 1335 257 1388 clare
263 1359 273 1398 ;
284 1339 362 1388 instat
374 1351 399 1388 et
411 1337 475 1408 quid
487 1338 596 1400 sentiat,
605 1335 691 1408 palam
701 1337 871 1406 profiteatur,
884 1350 967 1409 rpgat.
975 1339 1078 1391 -Νοιι
1090 1337 1170 1404 odeo,

126 1416 213 1489 iuquit
220 1439 230 1478 ;
244 1415 414 1488 multiplicem
428 1419 456 1469 in
469 1415 577 1469 modum
587 1417 643 1468 lateo
653 1418 869 1487 interpretantur.
881 1415 934 1468 alii
948 1438 954 1468 ι
972 1437 1026 1468 non
1042 1418 1106 1470 adeo
1119 1419 1172 1470 ier-

124 1494 177 1547 tilis
189 1510 216 1548 et
228 1499 332 1567 opimus
348 1510 387 1548 est
400 1494 498 1550 fundus
513 1510 588 1564 tuus,
603 1496 797 1566 uthteretlitatis
812 1511 861 1549 tuae
873 1496 965 1548 aridus
977 1499 1039 1563 aim,
1052 1510 1078 1549 et
1085 1510 1172 1550 vetare

117 1573 202 1638 ‚velim
214 1577 279 1646 quin
290 1593 398 1666 prprsus
410 1577 435 1626 in
447 1573 599 1644 largitiones
610 1574 743 1628 effundas.
755 1575 808 1627 Alii
819 1598 825 1628 :
836 1595 891 1626 ιιοιι
903 1577 940 1628 ita
952 1576 1023 1628 dives
1035 1595 1076 1640 es,
1090 1589 1118 1628 ιιι
1130 1575 1171 1628 his

124 1653 250 1706 sufficere
259 1655 353 1726 possis.
364 1652 433 1706 Alii:
427 1673 502 1706 ·non
514 1654 578 1708 adeo
595 1668 645 1707 tuas
658 1654 791 1726 largitioni
804 1655 946 1717 adversor,
962 1669 1000 1707 est
1016 1655 1085 1706 enirn
1096 1657 1172 1724 juxta

124 1752 188 1804 ager
198 1749 347 1801 exossatus,
357 1753 403 1806 qui
395 1733 477 1787 'inibi
488 1737 549 1788 tatis
562 1737 604 1787 sit.
615 1735 736 1820 Denique
747 1747 808 1786 sunt
821 1753 866 1806 qut
859 1736 943 1787 'adeo
952 1753 1006 1785 non
1018 1732 1172 1786 adverbium

124 1825 235 1882 putent,
250 1811 297 1864 sed
307 1812 432 1879 verbum,
447 1813 578 1866 rerburn'
568 1815 650 1885 Juris,
666 1827 693 1865 et
708 1813 823 1866 subaudi
835 1813 935 1865 velint:
928 1827 1019 1865 ·tuam
1034 1812 1172 1866 haeredita-

124 1904 191 1954 tem;
206 1894 285 1963 quasi
297 1911 387 1946 secum
400 1895 582 1946 immurmuret
592 1893 675 1947 heres
691 1913 718 1946 se
729 1895 799 1946 adire
810 1893 900 1945 nolle'
893 1907 970 1945 astant
984 1891 1171 1946 haereditatem.

124 1971 191 2038 Quas
203 1971 269 2024 mibi
283 1975 364 2044 magia
379 1973 485 2044 placet'
477 1975 660 2046 interpretatio
669 2012 677 2042 ,
687 1987 799 2046 propter
810 1991 840 2026 ea
853 1992 911 2045 que
925 1985 1092 2044 sequuntur:
1107 1991 1155 2047 age
1161 2009 1171 2036 ‚

124 2051 147 2102 εἰ
157 2051 226 2104 milii
237 2052 329 2123 nullu,
342 2066 392 2106 etc.

159 2193 228 2246 Non.
252 2193 294 2246 52.
313 2196 451 2249 Exossatus
474 2213 537 2269 oper
552 2199 634 2268 jttxta
656 2206 700 2248 est.
715 2193 869 2266 -Duplici
888 2207 914 2247 ct
937 2197 1072 2247 contrario
1092 2211 1171 2246 sensu

125 2272 179 2324 hnc
200 2275 289 2348 accipi
302 2291 424 2346 possunt.
440 2277 578 2330 Exossatus
584 2299 594 2337 ,·
610 2273 649 2328 vel
666 2289 793 2346 purgatus
812 2275 962 2346 lapidibus,
978 2278 1099 2347 quisunt
1117 2291 1171 2327 otta

125 2365 217 2420 terrm,
234 2357 299 2430 satis
314 2357 437 2427 pinguis3
452 2355 494 2409 vel
508 2356 541 2409 ad
554 2374 607 2408 osso
622 2355 761 2420 redactus,
774 2353 933 2422 exhaustus,
952 2368 980 2406 ut
992 2356 1024 2406 sit
1040 2371 1132 2406 seusus
1143 2356 1171 2404 in

126 2452 170 2486 ore
187 2434 320 2489 heredis:
343 2455 405 2508 ager
419 2439 482 2490 satis
499 2439 606 2508 pinguis
626 2449 653 2489 et
671 2438 716 2508 qui
734 2432 799 2486 mibi
813 2435 928 2487 sufficiat
943 2449 981 2487 est
989 2438 1085 2507 juxta,
1102 2433 1128 2485 h.
1147 2453 1170 2486 e.

124 2531 227 2586 prope,
243 2515 293 2567 tub
310 2515 420 2584 urbem,
438 2519 465 2568 iu
479 2515 541 2568 loco
553 2515 600 2566 uhi
611 2513 695 2585 pluris
711 2513 811 2576 valcat,
830 2526 876 2565 aut
891 2535 897 2567 ι
915 2531 976 2584 ager
987 2512 1130 2566 exhaustus
1146 2526 1172 2564 et

124 2595 169 2665 qni
189 2593 258 2646 nihil
276 2595 369 2648 reddat
381 2609 421 2648 eat
434 2599 510 2666 juxta
521 2594 698 2648 hereditatem
711 2597 787 2646 istam
806 2606 896 2656 tuam
910 2594 985 2664 quasi
994 2591 1066 2644 dicat
1080 2612 1087 2641 .·
1106 2589 1172 2644 nihil

124 2691 175 2743 ego
189 2675 273 2743 magis
286 2689 351 2744 opto
362 2672 541 2726 hereditatem
553 2676 591 2725 sic
601 2675 803 2738 comminutam,
817 2689 897 2743 quam
908 2689 1001 2741 agrurn
1014 2668 1171 2724 exhaustum

126 2769 158 2803 en
173 2771 226 2824 quo
236 2753 324 2806 nullus
337 2753 436 2806 reditus
450 2755 493 2804 sit.
506 2754 541 2806 Δι
552 2755 574 2805 si
586 2751 681 2823 legitur
691 2770 722 2803 ea
733 2769 794 2823 pars
808 2767 898 2802 versus
910 2751 937 2801 in
951 2768 996 2801 ora
1007 2748 1102 2814 Persii,
1115 2767 1173 2800 sen-

126 2835 238 2884 cussit:
254 2853 316 2907 ager
335 2835 399 2887 satis
410 2835 563 2906 pinguiam
582 2833 736 2886 suburbano
751 2831 814 2884 mihi
833 2831 950 2902 reliquus
962 2843 1015 2895 est,
1039 2847 1117 2901 quarn
1136 2828 1172 2881 ad

123 2911 207 2964 alium
224 2915 379 2968 transieram
396 2913 546 2981 haeredem,
563 2915 687 2985 quoniam
700 2927 729 2965 ιιι
745 2912 926 2964 hereditatem
945 2928 1031 2962 meam
1049 2909 1169 2980 negligis.

121 2993 185 3045 Non
203 2993 268 3046 nihil
280 2994 362 3047 babet
378 2997 427 3047 iste
444 2994 519 3047 locus
537 2993 714 3062 ambiguitatis
729 3005 755 3045 et
768 2992 952 3046 obscuritatis:
968 2989 1037 3041 malo
1055 2993 1171 3061 priorem

122 3073 372 3145 interpretationem
391 3074 424 3126 de
438 3073 541 3127 haerede
557 3087 737 3145 conquerente
750 3091 841 3145 agrum
853 3089 910 3124 este
925 3068 1096 3132 exhaustum
1115 3089 1171 3121 me·

121 3153 172 3206 litu
185 3173 215 3206 ea
229 3159 369 3209 convenire
380 3154 484 3208 videtur
495 3175 556 3208 cum
569 3158 640 3207 omni
653 3169 743 3208 tenore
760 3155 903 3219 orationis,
919 3166 945 3205 et
960 3171 1020 3204 cum
1034 3171 1095 3204 vera
1109 3151 1171 3203 lati·

121 3233 206 3286 nitate
214 3235 286 3286 vocis
290 3238 378 3307 juxta.
389 3233 494 3288 Sallust.
504 3233 580 3288 Catil.
594 3233 656 3287 Bell.
671 3236 751 3307 capit.
763 3234 846 3287 LVII:
860 3237 954 3306 «juxta
965 3249 1068 3286 mecum
1079 3249 1171 3284 omnes

122 3311 299 3384 intelligilis-a

156 3465 225 3516 Non.
239 3463 287 3531 53,
300 3463 342 3530 54.
355 3464 525 3540 Apertam
535 3464 611 3518 nulla
620 3465 682 3516 Jam
695 3462 795 3536 reliqua
805 3464 939 3530 examita,
949 3461 1170 3536 patruelisnullu,

119 3545 256 3615 proneptis
275 3544 362 3598 Nulla
383 3557 490 3609 monn,-
510 3547 600 3618 patrui
626 3543 719 3598 sterilis
741 3556 878 3596 matertera
901 3543 983 3611 vixit,
999 3542 1089 3615 Deque
1111 3543 1189 3596 avia*

122 3623 239 3675 nihilum
256 3637 376 3713 superest.
391 3655 427 3666 —
441 3627 501 3678 Fuit
515 3625 588 3696 apud
605 3627 739 3677 Romanos
756 3642 840 3695 genus
854 3624 967 3676 infamia
982 3641 1074 3674 carere
1090 3622 1173 3675 here·

27 3764 31 3772 Ι
122 3701 220 3768 dihns,
236 3721 281 3774 qut
273 3703 371 3754 funus
384 3717 514 3756 curarent.
528 3705 601 3755 Hanc
617 3720 666 3774 ego
676 3701 760 3754 mihi'
753 3703 924 3774 ignominiam
936 3699 1001 3754 nibil
1012 3700 1170 3768 reformido,

122 3781 207 3853 inquit
219 3783 338 3849 Persius,
350 3801 430 3854 quarn
443 3795 471 3833 ιιι
484 3781 562 3850 mihi,
576 3800 651 3835 meus
662 3781 759 3867 haeres,
775 3785 851 3854 quasi
863 3783 1039 3834 comminaris.
1060 3781 1129 3832 Nam
1141 3793 1170 3832 ιιι

123 3878 174 3931 ego
193 3876 219 3912 te
234 3880 318 3913 unum
337 3861 451 3916 habeam
467 3861 596 3916 haeredem
617 3842 809 3928 necessarium,
833 3881 887 3915 non
903 3861 963 3915 ideo
987 3860 1020 3913 ab
1043 3863 1169 3914 intestato

122 3941 231 3991 moriar.
246 3968 283 3981 -
301 3939 375 4012 A90‚·
369 3941 476 3992 ·faout
493 3939 574 4004 libet;
600 3940 671 4007 Quid
686 3941 823 4013 sequitur?
840 3939 904 4014 qnid
919 3940 1034 4031 postea?
1053 3937 1171 3989 -Mili

123 4015 224 4068 nulla
206 4036 267 4089 Jam
286 4017 385 4092 reliqna
399 4037 431 4071 ex
445 4019 545 4080 amitis;
561 4021 693 4072 catamito
707 4022 789 4091 patris
801 4039 894 4074 soror:
910 4038 933 4073 si
924 4017 1008 4070 mihi
1020 4016 1093 4068 nulla
1107 4014 1169 4068 reli·
1246 4057 1249 4070 .

125 4108 224 4164 quaeat
235 4114 267 4149 ex
280 4096 382 4165 amitis,
395 4096 430 4150 ad
447 4117 525 4170 quarn
540 4099 625 4170 ipsam
638 4099 774 4170 perveniat
784 4097 935 4166 hereditat,
948 4108 994 4149 aut
1007 4113 1066 4167 quaa
1080 4113 1169 4148 susce-
