3148 4950
346 564 411 651 492
563 560 624 624 DE
647 559 814 626 stTlut
839 559 1166 627 ROMANORUM.

343 683 420 751 bico
432 680 487 748 vel
502 681 681 750 trochaico.
699 681 828 751 Deinde
843 700 915 751 tum
930 684 1067 753 facetior
1081 702 1115 753 et
1125 684 1297 767 urbanior,
1314 701 1393 754 tum

343 792 489 860 limatior
500 792 578 873 fuit,
592 817 693 886 quam
706 797 835 861 Ennius
844 812 877 862 et
888 801 1242 888 poetarumseniorum
1255 797 1389 866 turba¹.

343 905 496 997 Denique
511 905 616 972 Satira
629 899 703 996 ejus
714 903 757 970 ab
770 893 922 972 Enniana
933 904 1101 997 discrepat
1112 924 1146 973 et
1157 909 1190 973 in
1206 909 1346 974 materia
1355 925 1393 974 et

343 1012 521 1095 informa,
544 1017 662 1082 sivein
683 1033 883 1106 argumento
903 1019 991 1084 etin
1011 1019 1141 1085 ratione
1161 1015 1392 1112 consilioque,

343 1123 435 1217 quod
453 1125 489 1190 in
502 1146 543 1190 eo
563 1124 738 1192 tractando
760 1142 922 1220 sequutus
941 1143 1094 1194 esttnon
1117 1129 1207 1194 enim
1228 1149 1335 1218 saepe,
1351 1144 1393 1193 ut

343 1240 486 1318 Ennius,
499 1236 559 1304 sed
570 1239 668 1305 unice
679 1261 719 1304 ac
730 1261 864 1330 semper
874 1238 909 1306 id
924 1242 1009 1331 egit,
1021 1254 1059 1305 ut
1071 1262 1182 1306 mores
1195 1237 1390 1320 hominum,

343 1347 533 1441 etquidem
554 1346 782 1428 acerbissime,
800 1359 948 1430 notaret,
971 1371 1034 1416 nec
1054 1351 1134 1415 vitia
1156 1365 1305 1428 tantum,
1327 1346 1391 1413 sed

347 1481 508 1550 personas
520 1481 673 1552 quoque,
684 1460 723 1524 iis
733 1461 991 1540 contaminatae,
1002 1460 1199 1525 nominatim
1210 1475 1245 1524 et
1254 1480 1394 1523 summa

343 1567 510 1650 libertate,
525 1567 618 1635 nulla
631 1567 801 1658 dignitatis
816 1571 945 1635 ratione
959 1566 1089 1650 habita,
1105 1569 1391 1660 perstringeret²;

344 1703 517 1774 quumque
538 1681 660 1746 veteris
679 1683 874 1747 Graecorum
893 1678 1066 1748 comoediae
1084 1677 1195 1748 studio
1216 1682 1393 1770 ingenium

344 1787 417 1883 ejus
429 1789 612 1856 formatum
623 1841 631 1869 ,
642 1785 813 1883 hujusque
826 1789 928 1856 veluti
942 1813 1042 1857 succo
1054 1791 1220 1857 nutritum
1229 1805 1336 1870 esset,
1352 1786 1393 1853 il·

345 1898 410 1966 lius
434 1922 503 1966 non
524 1897 626 1965 modo
645 1921 835 1966 sermonem
857 1899 1091 1994 quotidianum
1112 1923 1151 1966 ac
1171 1923 1267 1991 paene
1287 1896 1394 1990 pede·

344 2026 463 2091 strom,
478 2014 536 2104 qui
549 2010 658 2076 satiris
670 2007 750 2076 inde
763 2012 920 2102 proprius
935 2009 998 2077 luit
1010 2009 1088 2096 (vid.
1106 2014 1221 2077 Horat.
1236 2010 1342 2100 Epist.
1360 2011 1391 2090 1,

383 2196 405 2232 ι.
416 2179 474 2232 Vid.
488 2181 577 2231 Horat.
589 2180 641 2232 Sat.
655 2181 681 2247 1,
693 2180 723 2247 4,
735 2199 764 2251 7,
777 2183 807 2246 8,
818 2195 844 2234 et
888 2183 998 2234 Horatio
1013 2179 1158 2247 dissentio,
1172 2180 1218 2252 qui
1233 2177 1301 2248 (Sat.
1316 2179 1343 2240 1,
1358 2177 1396 2242 4,

348 2273 395 2322 to,
412 2257 446 2323 64
459 2276 514 2329 seq.
531 2259 585 2310 Cio.
606 2261 680 2311 Orat.
696 2262 721 2325 1,
742 2261 789 2320 16;
805 2262 843 2326 ss,
893 2261 948 2328 tt.)
960 2258 1088 2311 Lucilium
1091 2261 1179 2335 fluere
1188 2253 1358 2317 lutulentum,
1369 2264 1396 2306 et

344 2335 844 2412 6,etadDiv.lX,15,ubrantiqua
889 2359 938 2396 esse
961 2340 1065 2412 aliquid
1086 2340 1158 2414 quod
1182 2336 1271 2391 tollere
1288 2337 1394 2408 possis,

345 2419 402 2488 eJus
415 2429 440 2468 et
460 2414 598 2468 retinacula
609 2415 740 2488 festivitat
754 2419 845 2470 lauda·
888 2433 974 2492 putat.
988 2421 1056 2470 Nam
1066 2433 1092 2471 'et
1106 2417 1218 2470 eruditio
1231 2420 1257 2468 in
1268 2435 1300 2468 eo
1313 2418 1396 2481 mira,

344 2509 402 2562 tur,
418 2513 475 2566 qnae
496 2494 600 2546 videtur
616 2497 750 2567 praecipua
766 2496 846 2549 luisse
891 2510 916 2548 et
930 2495 1037 2548 libertas
1051 2511 1131 2568 etque
1144 2493 1206 2546 inde
1219 2493 1350 2546 acerbitas
1369 2507 1396 2545 et

345 2574 847 2648 causa,quareLucilinsejuequeSati-
890 2575 996 2628 abunde
1013 2575 1082 2629 salis.
1099 2575 1185 2626 Multo
1202 2587 1240 2626 eet
1253 2575 1351 2626 tersior
1363 2591 1395 2624 ee

345 2674 373 2708 ra
393 2659 518 2709 Romanis
544 2671 597 2708 tarn
619 2655 665 2707 diu
689 2659 715 2708 io
746 2656 847 2709 deliciis
890 2676 972 2730 purus
986 2658 1067 2727 magis
1080 2657 1204 2708 Horatius
1214 2667 1240 2706 et
1252 2653 1286 2705 ad
1297 2665 1394 2703 notau-

345 2737 432 2788 luerit.
464 2737 522 2788 Vid.
550 2736 675 2788 Wieland
695 2737 728 2788 ad
755 2741 845 2789 Horat.
892 2734 1090 2788 dosbominum
1109 2734 1393 2804 morespraecipuus.·

345 2814 397 2867 Set.
413 2819 438 2880 1,
453 2816 484 2883 4,
506 2829 560 2866 not.
583 2833 612 2880 t,
629 2829 655 2867 et
674 2819 767 2868 Manen
785 2835 846 2887 pag.
891 2815 1030 2866 Enimvero
1046 2815 1170 2866 Horatius
1183 2812 1288 2865 easdem
1299 2814 1323 2863 ei
1334 2811 1397 2864 lau·

346 2895 494 2965 4¹9-442-
513 2897 579 2946 Nam
594 2895 663 2948 idem
680 2898 804 2949 Horatius
818 2896 845 2948 ll.
892 2891 1052 2956 destribuit,
1066 2907 1091 2946 et
1102 2912 1160 2964 que
1167 2895 1314 2962 vituperat,
1323 2901 1397 2942 recte

345 2972 373 3025 ll.
391 2973 443 3025 Sat.
461 2974 536 3040 ι,4,
551 2976 566 3026 8
585 2993 638 3046 seq.
650 2989 676 3026 et
692 2993 736 3041 ιο,
751 2977 845 3042 1-30,
891 2975 1053 3044 vituperasse
1073 2971 1190 3042 qidetur,
1212 2974 1291 3023 immo
1314 2989 1397 3021 excu-

345 3051 446 3123 46-71
459 3090 467 3118 ,
480 3051 629 3116 contendit,
641 3072 699 3104 eum
710 3055 790 3106 fuisse
800 3055 847 3106 du·
892 3071 963 3117 sare,
978 3067 1079 3124 partem
1089 3054 1213 3104 vitiorum
1224 3053 1337 3122 tempori
1347 3051 1398 3102 im·

347 3151 405 3186 rum
425 3151 578 3203 componere
597 3151 682 3185 versus
692 3163 727 3172 —
738 3134 845 3208 pigrum
892 3143 997 3202 putans.
1015 3133 1056 3184 cf.
1071 3131 1196 3183 Wieland
1209 3143 1235 3182 et
1251 3131 1345 3180 Mauso
1366 3127 1396 3179 ll.

341 3211 846 3282 ferrerectescribendilaborem-eum
891 3210 919 3262 ll.
941 3240 975 3250 -
994 3213 1033 3263 De
1056 3209 1157 3261 Lucilio
1181 3229 1267 3282 pauca
1291 3209 1398 3278 attingit

345 3289 427 3363 fluere
445 3289 620 3356 lutulentum,
637 3309 704 3360 soepe
716 3291 846 3360 serentem
892 3303 996 3342 nostras
1009 3288 1134 3355 Boileau,
1145 3292 1197 3340 Art
1214 3291 1285 3342 Poet.
1299 3286 1341 3338 cb.
1357 3289 1397 3353 ll,

345 3367 424 3442 plura
437 3369 552 3422 tollendo
563 3369 750 3442 relinquendis,
762 3372 848 3441 -qui
892 3387 928 3421 vs.
953 3367 1000 3434 145
1016 3386 1074 3438 sqq.
1092 3367 1216 3434 «Lucile,
1231 3365 1256 3418 le
1268 3367 1398 3437 premier,

347 3450 469 3504 detereret
486 3450 534 3502 siti
551 3448 655 3514 multa,
674 3451 695 3502 si
711 3449 785 3522 soret
801 3450 849 3501 boc
893 3469 940 3502 osa
954 3449 979 3500 la
998 3450 1062 3500 faire
1080 3451 1137 3502 voir
1154 3449 1194 3520 (la
1214 3449 1327 3518 verite‘);
1346 3464 1399 3497 aux

348 3541 463 3582 nostmm
474 3528 536 3601 suto
555 3528 653 3581 delatus
667 3529 695 3579 in
711 3548 809 3596 aeortm,
823 3541 849 3580 et
892 3529 963 3580 vices
975 3526 1021 3578 des
1036 3527 1160 3596 Romaips
1173 3529 1296 3596 pretenta
1311 3525 1335 3575 le
1348 3525 1400 3576 rni-

350 3609 394 3678 qui
407 3626 460 3660 non
477 3626 602 3680 magnum
613 3608 696 3677 fecit,
711 3609 780 3680 quod
796 3627 851 3658 ver·
894 3609 960 3668 roir;
972 3630 983 3652 ι
1002 3620 1027 3658 et
1038 3626 1095 3677 quae
1103 3619 1259 3676 sequuntur.
1272 3606 1318 3655 En.

349 3687 386 3738 bis
398 3687 487 3739 Groeca
502 3687 602 3739 Latinis
613 3687 725 3738 miscuit.
740 3689 796 3738 Hoc
804 3691 850 3757 ju·
929 3705 954 3737 r.
967 3687 1057 3738 Dousa
1072 3687 1116 3756 (in
1130 3700 1194 3736 nota
1207 3702 1269 3756 pag.
1292 3683 1340 3734 185
1355 3681 1398 3733 ed.

278 3767 281 3771 ’
351 3763 449 3818 dicium
461 3765 849 3836 improbatQuintilianuslust.
894 3766 1084 3835 Havercamp.)
1103 3777 1207 3830 monet,
1226 3765 1252 3814 in
1276 3762 1400 3833 pauculis

352 3847 426 3900 Orat.
440 3846 479 3911 X,
503 3863 532 3910 ι,
550 3845 602 3914 93:
618 3846 754 3897 «Lucilius
769 3863 851 3916 quos·
894 3844 1048 3914 fragmentis
1067 3845 1191 3914 exagitari
1206 3844 1266 3895 XVI
1283 3841 1401 3894 clarissi-

351 3924 412 3978 dam
428 3926 465 3976 ita
481 3923 586 3976 deditos
601 3924 651 3975 sibi
668 3923 754 3976 adhuc
769 3923 851 3977 habet
896 3942 953 3975 mos
965 3925 1113 3984 Romanos,
1124 3936 1150 3975 et
1160 3936 1282 3976 mortuos
1293 3939 1401 3992 quoque

352 4017 502 4070 amatores,
522 4017 553 4056 ut
573 4021 633 4058 earn
661 4023 715 4056 non
733 4003 851 4074 ejusdem
897 4015 1006 4072 poetas,
1021 4001 1189 4073 Euripidem,
1204 4000 1402 4064 Ennium&-

352 4084 433 4136 modo
443 4085 530 4154 operis
541 4083 760 4150 auctoribus,sed
772 4087 853 4136 omni·
895 4082 985 4134 cilium
994 4118 1002 4146 ,
1012 4083 1169 4146 Pacuvium,
1183 4078 1403 4132 Accium—M

352 4164 403 4216 bus
417 4166 502 4234 poetis
515 4165 638 4235 praeferre
652 4183 707 4217 non
720 4162 850 4217 dubitent.
896 4163 1004 4216 tulimus
1023 4181 1072 4214 nos
1088 4163 1114 4213 in
1132 4163 1265 4213 Prooemio
1282 4160 1403 4212 Terentii

352 4245 408 4315 Ego
425 4256 555 4314 quantum
570 4244 603 4298 ab
618 4243 685 4312 illis,
699 4258 802 4298 tautum
818 4245 852 4296 ab
896 4243 1003 4305 Nostri,
1015 4255 1034 4294 t
1045 4243 1072 4308 1,
1086 4260 1115 4313 p.
1127 4259 1236 4308 uxvru,
1251 4259 1293 4312 sq.
1305 4240 1354 4291 Eo.
