<?xml version="1.0" encoding="UTF-8"?>
<!DOCTYPE html PUBLIC "-//W3C//DTD XHTML 1.0 Transitional//EN"
    "http://www.w3.org/TR/xhtml1/DTD/xhtml1-transitional.dtd">
<html xmlns="http://www.w3.org/1999/xhtml" xml:lang="en" lang="en">
 <head>
  <title>
</title>
<meta http-equiv="Content-Type" content="text/html;charset=utf-8" />
  <meta name='ocr-system' content='tesseract 3.04.00' />
  <meta name='ocr-capabilities' content='ocr_page ocr_carea ocr_par ocr_line ocrx_word'/>
</head>
<body>
  <div class='ocr_page' id='page_1' title='image "./sexdecimsatir00lemagoog_0098.png"; bbox 0 0 2970 4936; ppageno 0'>
   <div class='ocr_carea' id='block_1_1' title="bbox 341 492 1210 594">
    <p class='ocr_par' dir='ltr' id='par_1_1' title="bbox 341 492 1210 594">
     <span class='ocr_line' id='line_1_1' title="bbox 341 492 1210 594; baseline -0.044 0"><span class='ocrx_word' id='word_1_1' title='bbox 341 529 385 594; x_wconf 78' lang='lat'>82</span> <span class='ocrx_word' id='word_1_2' title='bbox 514 510 669 580; x_wconf 79' lang='lat' dir='ltr'>VARIAE</span> <span class='ocrx_word' id='word_1_3' title='bbox 693 497 963 572; x_wconf 75' lang='lat' dir='ltr'>LEGTIONES</span> <span class='ocrx_word' id='word_1_4' title='bbox 987 495 1050 560; x_wconf 83' lang='lat' dir='ltr'>ET</span> <span class='ocrx_word' id='word_1_5' title='bbox 1074 492 1210 560; x_wconf 81' lang='lat' dir='ltr'>NOTAE</span> 
     </span>
    </p>
   </div>
   <div class='ocr_carea' id='block_1_2' title="bbox 341 615 1390 722">
    <p class='ocr_par' dir='ltr' id='par_1_2' title="bbox 341 615 1390 722">
     <span class='ocr_line' id='line_1_2' title="bbox 341 615 1390 722; baseline -0.036 -19"><span class='ocrx_word' id='word_1_6' title='bbox 341 653 437 722; x_wconf 78' lang='lat' dir='ltr'>hospes.</span> <span class='ocrx_word' id='word_1_7' title='bbox 450 637 653 697; x_wconf 81' lang='lat' dir='ltr'>Pronominibus</span> <span class='ocrx_word' id='word_1_8' title='bbox 668 634 722 688; x_wconf 78' lang='lat' dir='ltr'>bec</span> <span class='ocrx_word' id='word_1_9' title='bbox 734 643 761 684; x_wconf 83' lang='lat' dir='ltr'>et</span> <span class='ocrx_word' id='word_1_10' title='bbox 774 626 827 681; x_wconf 80' lang='lat' dir='ltr'>ille</span> <span class='ocrx_word' id='word_1_11' title='bbox 839 621 1064 696; x_wconf 67' lang='lat' dir='ltr'>grammaticalem</span> <span class='ocrx_word' id='word_1_12' title='bbox 1079 637 1157 672; x_wconf 85' lang='lat' dir='ltr'>sunm</span> <span class='ocrx_word' id='word_1_13' title='bbox 1169 615 1268 670; x_wconf 63' lang='lat' dir='ltr'>serrari</span> <span class='ocrx_word' id='word_1_14' title='bbox 1280 627 1390 668; x_wconf 83' lang='lat' dir='ltr'>sensum</span> 
     </span>
    </p>
   </div>
   <div class='ocr_carea' id='block_1_3' title="bbox 337 694 1392 887">
    <p class='ocr_par' dir='ltr' id='par_1_3' title="bbox 337 694 1392 887">
     <span class='ocr_line' id='line_1_3' title="bbox 342 694 1390 804; baseline -0.04 -18"><span class='ocrx_word' id='word_1_15' title='bbox 342 724 561 804; x_wconf 85' lang='lat' dir='ltr'>deprehenderis,</span> <span class='ocrx_word' id='word_1_16' title='bbox 575 714 688 774; x_wconf 89' lang='lat' dir='ltr'>simodo</span> <span class='ocrx_word' id='word_1_17' title='bbox 700 711 735 766; x_wconf 87' lang='lat' dir='ltr'>ad</span> <span class='ocrx_word' id='word_1_18' title='bbox 746 709 890 764; x_wconf 84' lang='lat' dir='ltr'>sententias</span> <span class='ocrx_word' id='word_1_19' title='bbox 901 707 987 776; x_wconf 84' lang='lat' dir='ltr'>ipses,</span> <span class='ocrx_word' id='word_1_20' title='bbox 999 719 1112 775; x_wconf 86' lang='lat' dir='ltr'>quarum</span> <span class='ocrx_word' id='word_1_21' title='bbox 1125 700 1200 751; x_wconf 80' lang='lat' dir='ltr'>alteri</span> <span class='ocrx_word' id='word_1_22' title='bbox 1217 697 1330 749; x_wconf 83' lang='lat' dir='ltr'>alterum</span> <span class='ocrx_word' id='word_1_23' title='bbox 1344 694 1390 746; x_wconf 89' lang='lat' dir='ltr'>ad·</span> 
     </span>
     <span class='ocr_line' id='line_1_4' title="bbox 337 775 1392 887; baseline -0.041 -18"><span class='ocrx_word' id='word_1_24' title='bbox 337 820 462 887; x_wconf 77' lang='lat' dir='ltr'>junctum</span> <span class='ocrx_word' id='word_1_25' title='bbox 473 819 525 872; x_wconf 82' lang='lat' dir='ltr'>est,</span> <span class='ocrx_word' id='word_1_26' title='bbox 541 803 630 876; x_wconf 86' lang='lat' dir='ltr'>potins</span> <span class='ocrx_word' id='word_1_27' title='bbox 644 793 802 856; x_wconf 85' lang='lat' dir='ltr'>attenderis,</span> <span class='ocrx_word' id='word_1_28' title='bbox 817 805 897 861; x_wconf 86' lang='lat' dir='ltr'>quam</span> <span class='ocrx_word' id='word_1_29' title='bbox 912 785 947 838; x_wconf 86' lang='lat' dir='ltr'>ad</span> <span class='ocrx_word' id='word_1_30' title='bbox 960 782 1082 837; x_wconf 83' lang='lat' dir='ltr'>ordinem</span> <span class='ocrx_word' id='word_1_31' title='bbox 1097 782 1287 834; x_wconf 81' lang='lat' dir='ltr'>sententiarum</span> <span class='ocrx_word' id='word_1_32' title='bbox 1299 775 1392 828; x_wconf 82' lang='lat' dir='ltr'>verbo-</span> 
     </span>
    </p>
   </div>
   <div class='ocr_carea' id='block_1_4' title="bbox 342 857 1393 1108">
    <p class='ocr_par' dir='ltr' id='par_1_4' title="bbox 342 857 1393 1108">
     <span class='ocr_line' id='line_1_5' title="bbox 342 857 1393 965; baseline -0.041 -15"><span class='ocrx_word' id='word_1_33' title='bbox 342 910 463 965; x_wconf 79' lang='lat' dir='ltr'><strong>rumque.</strong></span> <span class='ocrx_word' id='word_1_34' title='bbox 475 886 580 940; x_wconf 79' lang='lat' dir='ltr'>Etenim</span> <span class='ocrx_word' id='word_1_35' title='bbox 590 882 643 934; x_wconf 81' lang='lat' dir='ltr'>ltoec</span> <span class='ocrx_word' id='word_1_36' title='bbox 652 877 772 946; x_wconf 75' lang='lat' dir='ltr'>designat</span> <span class='ocrx_word' id='word_1_37' title='bbox 783 885 891 944; x_wconf 87' lang='lat' dir='ltr'>preces,</span> <span class='ocrx_word' id='word_1_38' title='bbox 900 885 959 940; x_wconf 75' lang='lat' dir='ltr'>que</span> <span class='ocrx_word' id='word_1_39' title='bbox 969 863 1109 938; x_wconf 77' lang='lat' dir='ltr'>propalam</span> <span class='ocrx_word' id='word_1_40' title='bbox 1120 863 1262 914; x_wconf 78' lang='lat' dir='ltr'>recitantur</span> <span class='ocrx_word' id='word_1_41' title='bbox 1272 872 1300 910; x_wconf 88' lang='lat' dir='ltr'>et</span> <span class='ocrx_word' id='word_1_42' title='bbox 1313 857 1393 929; x_wconf 78' lang='lat' dir='ltr'>quasi</span> 
     </span>
     <span class='ocr_line' id='line_1_6' title="bbox 342 941 1392 1049; baseline -0.042 -19"><span class='ocrx_word' id='word_1_43' title='bbox 342 990 481 1049; x_wconf 76' lang='lat' dir='ltr'>propiores</span> <span class='ocrx_word' id='word_1_44' title='bbox 491 979 567 1027; x_wconf 86' lang='lat' dir='ltr'>snnt;</span> <span class='ocrx_word' id='word_1_45' title='bbox 576 962 625 1019; x_wconf 80' lang='lat' dir='ltr'>illu</span> <span class='ocrx_word' id='word_1_46' title='bbox 634 977 696 1012; x_wconf 81' lang='lat' dir='ltr'>uero</span> <span class='ocrx_word' id='word_1_47' title='bbox 706 957 828 1023; x_wconf 75' lang='lat' dir='ltr'>designat</span> <span class='ocrx_word' id='word_1_48' title='bbox 836 967 890 1014; x_wconf 87' lang='lat' dir='ltr'>eas,</span> <span class='ocrx_word' id='word_1_49' title='bbox 897 967 957 1020; x_wconf 75' lang='lat' dir='ltr'>qne</span> <span class='ocrx_word' id='word_1_50' title='bbox 967 947 1034 998; x_wconf 85' lang='lat' dir='ltr'>liunt</span> <span class='ocrx_word' id='word_1_51' title='bbox 1043 946 1131 1009; x_wconf 86' lang='lat' dir='ltr'>intus,</span> <span class='ocrx_word' id='word_1_52' title='bbox 1141 955 1168 994; x_wconf 90' lang='lat' dir='ltr'>et</span> <span class='ocrx_word' id='word_1_53' title='bbox 1180 953 1243 995; x_wconf 84' lang='lat' dir='ltr'>eunt</span> <span class='ocrx_word' id='word_1_54' title='bbox 1253 941 1338 1008; x_wconf 65' lang='lat' dir='ltr'>magis</span> <span class='ocrx_word' id='word_1_55' title='bbox 1349 953 1392 988; x_wconf 87' lang='lat' dir='ltr'>re·</span> 
     </span>
     <span class='ocr_line' id='line_1_7' title="bbox 343 1021 1393 1108; baseline -0.041 0"><span class='ocrx_word' id='word_1_56' title='bbox 343 1054 457 1108; x_wconf 76' lang='lat' dir='ltr'>conditu</span> <span class='ocrx_word' id='word_1_57' title='bbox 471 1063 497 1101; x_wconf 91' lang='lat' dir='ltr'>et</span> <span class='ocrx_word' id='word_1_58' title='bbox 515 1056 629 1098; x_wconf 72' lang='lat' dir='ltr'>mmotae.</span> <span class='ocrx_word' id='word_1_59' title='bbox 647 1069 683 1078; x_wconf 94' lang='lat'>-</span> <span class='ocrx_word' id='word_1_60' title='bbox 697 1035 751 1089; x_wconf 88' lang='lat' dir='ltr'>Sibi</span> <span class='ocrx_word' id='word_1_61' title='bbox 757 1057 767 1097; x_wconf 93' lang='lat'>,·</span> <span class='ocrx_word' id='word_1_62' title='bbox 784 1051 839 1083; x_wconf 88' lang='lat' dir='ltr'>non</span> <span class='ocrx_word' id='word_1_63' title='bbox 859 1028 915 1081; x_wconf 86' lang='lat' dir='ltr'>aliis</span> <span class='ocrx_word' id='word_1_64' title='bbox 933 1026 1033 1079; x_wconf 85' lang='lat' dir='ltr'>scilicet</span> <span class='ocrx_word' id='word_1_65' title='bbox 1050 1021 1190 1075; x_wconf 88' lang='lat' dir='ltr'>audienda.</span> <span class='ocrx_word' id='word_1_66' title='bbox 1203 1021 1393 1070; x_wconf 72' lang='lat' dir='ltr'>-lntrorrrtrrt</span> 
     </span>
    </p>
   </div>
   <div class='ocr_carea' id='block_1_5' title="bbox 344 1096 1396 1279">
    <p class='ocr_par' dir='ltr' id='par_1_5' title="bbox 344 1096 1396 1279">
     <span class='ocr_line' id='line_1_8' title="bbox 344 1096 1394 1200; baseline -0.041 -11"><span class='ocrx_word' id='word_1_67' title='bbox 344 1146 370 1188; x_wconf 87' lang='lat' dir='ltr'>et</span> <span class='ocrx_word' id='word_1_68' title='bbox 381 1134 427 1187; x_wconf 84' lang='lat' dir='ltr'>tub</span> <span class='ocrx_word' id='word_1_69' title='bbox 439 1131 544 1200; x_wconf 70' lang='lat' dir='ltr'>linqua,</span> <span class='ocrx_word' id='word_1_70' title='bbox 558 1125 576 1173; x_wconf 92' lang='lat' dir='ltr'>i.</span> <span class='ocrx_word' id='word_1_71' title='bbox 592 1139 615 1172; x_wconf 89' lang='lat' dir='ltr'>e.</span> <span class='ocrx_word' id='word_1_72' title='bbox 629 1119 667 1170; x_wconf 87' lang='lat' dir='ltr'>ita</span> <span class='ocrx_word' id='word_1_73' title='bbox 678 1129 709 1167; x_wconf 90' lang='lat' dir='ltr'>nt</span> <span class='ocrx_word' id='word_1_74' title='bbox 720 1129 839 1165; x_wconf 88' lang='lat' dir='ltr'>murmur</span> <span class='ocrx_word' id='word_1_75' title='bbox 849 1106 917 1160; x_wconf 90' lang='lat' dir='ltr'>illud</span> <span class='ocrx_word' id='word_1_76' title='bbox 928 1106 974 1158; x_wconf 87' lang='lat' dir='ltr'>sub</span> <span class='ocrx_word' id='word_1_77' title='bbox 986 1103 1077 1178; x_wconf 65' lang='lat' dir='ltr'>linqua</span> <span class='ocrx_word' id='word_1_78' title='bbox 1090 1113 1208 1166; x_wconf 81' lang='lat' dir='ltr'>maneat,</span> <span class='ocrx_word' id='word_1_79' title='bbox 1219 1117 1268 1152; x_wconf 82' lang='lat' dir='ltr'>uec</span> <span class='ocrx_word' id='word_1_80' title='bbox 1281 1096 1394 1170; x_wconf 90' lang='lat' dir='ltr'>prodeat</span> 
     </span>
     <span class='ocr_line' id='line_1_9' title="bbox 344 1179 1396 1279; baseline -0.039 -11"><span class='ocrx_word' id='word_1_81' title='bbox 344 1214 431 1279; x_wconf 84' lang='lat' dir='ltr'>foras,</span> <span class='ocrx_word' id='word_1_82' title='bbox 445 1209 556 1278; x_wconf 86' lang='lat' dir='ltr'>aliisque</span> <span class='ocrx_word' id='word_1_83' title='bbox 568 1205 735 1253; x_wconf 88' lang='lat' dir='ltr'>innotescant</span> <span class='ocrx_word' id='word_1_84' title='bbox 748 1211 780 1244; x_wconf 88' lang='lat' dir='ltr'>ea</span> <span class='ocrx_word' id='word_1_85' title='bbox 791 1209 848 1263; x_wconf 77' lang='lat' dir='ltr'>quse</span> <span class='ocrx_word' id='word_1_86' title='bbox 864 1199 998 1262; x_wconf 86' lang='lat' dir='ltr'>optantur.</span> <span class='ocrx_word' id='word_1_87' title='bbox 1014 1185 1128 1254; x_wconf 79' lang='lat' dir='ltr'>Respice</span> <span class='ocrx_word' id='word_1_88' title='bbox 1143 1181 1178 1234; x_wconf 85' lang='lat' dir='ltr'>ed</span> <span class='ocrx_word' id='word_1_89' title='bbox 1191 1181 1293 1233; x_wconf 78' lang='lat' dir='ltr'>Horatii</span> <span class='ocrx_word' id='word_1_90' title='bbox 1304 1179 1396 1232; x_wconf 86' lang='lat' dir='ltr'>locum</span> 
     </span>
    </p>
   </div>
   <div class='ocr_carea' id='block_1_6' title="bbox 347 1281 692 1368">
    <p class='ocr_par' dir='ltr' id='par_1_6' title="bbox 347 1281 692 1368">
     <span class='ocr_line' id='line_1_10' title="bbox 347 1281 692 1368; baseline -0.064 -19"><span class='ocrx_word' id='word_1_91' title='bbox 347 1293 483 1368; x_wconf 81' lang='lat' dir='ltr'>superiore</span> <span class='ocrx_word' id='word_1_92' title='bbox 495 1298 559 1340; x_wconf 85' lang='lat' dir='ltr'>uota</span> <span class='ocrx_word' id='word_1_93' title='bbox 571 1281 692 1346; x_wconf 59' lang='lat' dir='ltr'>relatum.</span> 
     </span>
    </p>
   </div>
   <div class='ocr_carea' id='block_1_7' title="bbox 346 1443 1400 1746">
    <p class='ocr_par' dir='ltr' id='par_1_7' title="bbox 346 1443 1400 1746">
     <span class='ocr_line' id='line_1_11' title="bbox 377 1443 1396 1529; baseline -0.068 -4"><span class='ocrx_word' id='word_1_94' title='bbox 377 1481 438 1525; x_wconf 79' lang='lat' dir='ltr'>Vsa.</span> <span class='ocrx_word' id='word_1_95' title='bbox 459 1489 494 1520; x_wconf 88' lang='grc' dir='ltr'>ιο.</span> <span class='ocrx_word' id='word_1_96' title='bbox 507 1466 597 1518; x_wconf 80' lang='lat' dir='ltr'>Ebullit</span> <span class='ocrx_word' id='word_1_97' title='bbox 605 1463 684 1529; x_wconf 82' lang='lat' dir='ltr'>patrui</span> <span class='ocrx_word' id='word_1_98' title='bbox 693 1456 827 1524; x_wconf 65' lang='lat' dir='ltr'>preclarum</span> <span class='ocrx_word' id='word_1_99' title='bbox 831 1454 916 1518; x_wconf 70' lang='lat' dir='ltr'>fimus.</span> <span class='ocrx_word' id='word_1_100' title='bbox 929 1476 960 1488; x_wconf 91' lang='grc'>-.</span> <span class='ocrx_word' id='word_1_101' title='bbox 969 1451 1045 1498; x_wconf 63' lang='lat' dir='ltr'>{mm</span> <span class='ocrx_word' id='word_1_102' title='bbox 1054 1449 1114 1510; x_wconf 71' lang='lat'>⁸²7²</span> <span class='ocrx_word' id='word_1_103' title='bbox 1126 1443 1221 1492; x_wconf 53' lang='lat' dir='ltr'>stup-4,</span> <span class='ocrx_word' id='word_1_104' title='bbox 1230 1447 1321 1508; x_wconf 50' lang='lat' dir='ltr'>md·</span> <span class='ocrx_word' id='word_1_105' title='bbox 1333 1443 1396 1506; x_wconf 76' lang='lat'><strong>⁸⁰7⁰</strong></span> 
     </span>
     <span class='ocr_line' id='line_1_12' title="bbox 347 1512 1399 1611; baseline -0.04 -14"><span class='ocrx_word' id='word_1_106' title='bbox 347 1547 434 1596; x_wconf 82' lang='lat' dir='ltr'>libullit</span> <span class='ocrx_word' id='word_1_107' title='bbox 441 1553 538 1611; x_wconf 57' lang='lat' dir='ltr'>patrum·</span> <span class='ocrx_word' id='word_1_108' title='bbox 551 1552 617 1601; x_wconf 76' lang='lat' dir='ltr'>ipre,</span> <span class='ocrx_word' id='word_1_109' title='bbox 630 1534 673 1580; x_wconf 85' lang='lat' dir='ltr'>etti</span> <span class='ocrx_word' id='word_1_110' title='bbox 684 1545 733 1578; x_wconf 88' lang='lat' dir='ltr'>nou</span> <span class='ocrx_word' id='word_1_111' title='bbox 743 1529 822 1589; x_wconf 77' lang='lat' dir='ltr'>inepta</span> <span class='ocrx_word' id='word_1_112' title='bbox 833 1526 929 1574; x_wconf 85' lang='lat' dir='ltr'>omuino</span> <span class='ocrx_word' id='word_1_113' title='bbox 943 1519 1064 1575; x_wconf 88' lang='lat' dir='ltr'>videntur,</span> <span class='ocrx_word' id='word_1_114' title='bbox 1081 1518 1172 1580; x_wconf 80' lang='lat' dir='ltr'>(ipsum</span> <span class='ocrx_word' id='word_1_115' title='bbox 1184 1518 1245 1562; x_wconf 87' lang='lat' dir='ltr'>enim</span> <span class='ocrx_word' id='word_1_116' title='bbox 1255 1512 1340 1560; x_wconf 86' lang='lat' dir='ltr'>ebulirt</span> <span class='ocrx_word' id='word_1_117' title='bbox 1352 1513 1399 1575; x_wconf 66' lang='lat' dir='ltr'>legi</span> 
     </span>
     <span class='ocr_line' id='line_1_13' title="bbox 346 1571 1400 1690; baseline -0.053 -19"><span class='ocrx_word' id='word_1_118' title='bbox 346 1623 418 1690; x_wconf 81' lang='lat' dir='ltr'>posuit</span> <span class='ocrx_word' id='word_1_119' title='bbox 425 1615 518 1681; x_wconf 78' lang='lat' dir='ltr'>ebuljot,</span> <span class='ocrx_word' id='word_1_120' title='bbox 529 1623 555 1658; x_wconf 88' lang='lat' dir='ltr'>ut</span> <span class='ocrx_word' id='word_1_121' title='bbox 563 1608 642 1673; x_wconf 65' lang='lat' dir='ltr'>ariete)</span> <span class='ocrx_word' id='word_1_122' title='bbox 653 1601 783 1666; x_wconf 70' lang='lat' dir='ltr'>posteriora</span> <span class='ocrx_word' id='word_1_123' title='bbox 793 1591 1016 1656; x_wconf 78' lang='lat' dir='ltr'>tamenjudicobuic</span> <span class='ocrx_word' id='word_1_124' title='bbox 1023 1590 1131 1636; x_wconf 88' lang='lat' dir='ltr'>lectioni:</span> <span class='ocrx_word' id='word_1_125' title='bbox 1140 1586 1227 1632; x_wconf 83' lang='lat' dir='ltr'>Ebulllt</span> <span class='ocrx_word' id='word_1_126' title='bbox 1233 1587 1318 1649; x_wconf 64' lang='grc' dir='ltr'>ραιηιῑ,</span> <span class='ocrx_word' id='word_1_127' title='bbox 1327 1571 1400 1649; x_wconf 67' lang='lat' dir='ltr'>q&#39;m</span> 
     </span>
     <span class='ocr_line' id='line_1_14' title="bbox 347 1654 1398 1746; baseline -0.044 -7"><span class='ocrx_word' id='word_1_128' title='bbox 347 1691 396 1739; x_wconf 89' lang='lat' dir='ltr'>edit</span> <span class='ocrx_word' id='word_1_129' title='bbox 407 1688 467 1736; x_wconf 85' lang='lat'><strong>8055</strong></span> <span class='ocrx_word' id='word_1_130' title='bbox 473 1721 480 1744; x_wconf 84' lang='lat'>,</span> <span class='ocrx_word' id='word_1_131' title='bbox 495 1692 612 1746; x_wconf 84' lang='lat' dir='ltr'>quamque</span> <span class='ocrx_word' id='word_1_132' title='bbox 627 1679 768 1732; x_wconf 85' lang='lat' dir='ltr'>receperunt</span> <span class='ocrx_word' id='word_1_133' title='bbox 778 1681 859 1712; x_wconf 83' lang='lat' dir='ltr'>omnes</span> <span class='ocrx_word' id='word_1_134' title='bbox 869 1664 943 1710; x_wconf 78' lang='lat' dir='ltr'>ferme</span> <span class='ocrx_word' id='word_1_135' title='bbox 954 1661 1063 1707; x_wconf 82' lang='lat' dir='ltr'>editores.</span> <span class='ocrx_word' id='word_1_136' title='bbox 1074 1654 1166 1703; x_wconf 80' lang='lat' dir='ltr'>Ebullet</span> <span class='ocrx_word' id='word_1_137' title='bbox 1174 1655 1230 1716; x_wconf 74' lang='lat' dir='ltr'>legit</span> <span class='ocrx_word' id='word_1_138' title='bbox 1239 1655 1398 1708; x_wconf 72' lang='lat' dir='ltr'>Britannicae,</span> 
     </span>
    </p>
   </div>
   <div class='ocr_carea' id='block_1_8' title="bbox 347 1724 1405 2166">
    <p class='ocr_par' dir='ltr' id='par_1_8' title="bbox 347 1724 1405 2166">
     <span class='ocr_line' id='line_1_15' title="bbox 347 1724 1402 1823; baseline -0.033 -18"><span class='ocrx_word' id='word_1_139' title='bbox 347 1762 412 1823; x_wconf 81' lang='lat' dir='ltr'>quasi</span> <span class='ocrx_word' id='word_1_140' title='bbox 422 1755 451 1803; x_wconf 84' lang='lat' dir='ltr'>ab</span> <span class='ocrx_word' id='word_1_141' title='bbox 460 1750 548 1807; x_wconf 86' lang='lat' dir='ltr'>ebullo,</span> <span class='ocrx_word' id='word_1_142' title='bbox 559 1763 593 1795; x_wconf 83' lang='lat' dir='ltr'>ut.</span> <span class='ocrx_word' id='word_1_143' title='bbox 606 1743 687 1792; x_wconf 86' lang='lat' dir='ltr'>Potuit</span> <span class='ocrx_word' id='word_1_144' title='bbox 695 1739 793 1799; x_wconf 76' lang='lat' dir='ltr'>Koenig,</span> <span class='ocrx_word' id='word_1_145' title='bbox 804 1749 829 1782; x_wconf 87' lang='lat' dir='ltr'>et</span> <span class='ocrx_word' id='word_1_146' title='bbox 838 1735 932 1798; x_wconf 79' lang='lat' dir='ltr'>quidem</span> <span class='ocrx_word' id='word_1_147' title='bbox 940 1747 1001 1778; x_wconf 82' lang='lat' dir='ltr'>unus</span> <span class='ocrx_word' id='word_1_148' title='bbox 1011 1729 1116 1775; x_wconf 82' lang='lat' dir='ltr'>omnium</span> <span class='ocrx_word' id='word_1_149' title='bbox 1122 1760 1129 1781; x_wconf 95' lang='lat'>,</span> <span class='ocrx_word' id='word_1_150' title='bbox 1140 1724 1219 1772; x_wconf 78' lang='lat' dir='ltr'>ebullit</span> <span class='ocrx_word' id='word_1_151' title='bbox 1226 1733 1332 1788; x_wconf 69' lang='grc' dir='ltr'>ραῑηιιιε,</span> <span class='ocrx_word' id='word_1_152' title='bbox 1341 1739 1402 1787; x_wconf 82' lang='lat' dir='ltr'>proe·</span> 
     </span>
     <span class='ocr_line' id='line_1_16' title="bbox 347 1795 1401 1895; baseline -0.015 -37"><span class='ocrx_word' id='word_1_153' title='bbox 347 1835 435 1882; x_wconf 58' lang='lat' dir='ltr'>clm„</span> <span class='ocrx_word' id='word_1_154' title='bbox 442 1829 532 1895; x_wconf 41' lang='grc' dir='ltr'>ΜΗ).</span> <span class='ocrx_word' id='word_1_155' title='bbox 547 1825 626 1885; x_wconf 60' lang='lat' dir='ltr'>,acque</span> <span class='ocrx_word' id='word_1_156' title='bbox 643 1815 721 1879; x_wconf 72' lang='lat' dir='ltr'>pontit</span> <span class='ocrx_word' id='word_1_157' title='bbox 735 1812 882 1871; x_wconf 83' lang='lat' dir='ltr'>conjectura,</span> <span class='ocrx_word' id='word_1_158' title='bbox 895 1821 924 1853; x_wconf 89' lang='lat' dir='ltr'>eo</span> <span class='ocrx_word' id='word_1_159' title='bbox 940 1803 1006 1868; x_wconf 85' lang='lat' dir='ltr'>qnod</span> <span class='ocrx_word' id='word_1_160' title='bbox 1018 1813 1124 1848; x_wconf 82' lang='lat' dir='ltr'>recurrat</span> <span class='ocrx_word' id='word_1_161' title='bbox 1134 1813 1183 1844; x_wconf 90' lang='lat' dir='ltr'>non</span> <span class='ocrx_word' id='word_1_162' title='bbox 1196 1795 1269 1844; x_wconf 83' lang='lat' dir='ltr'>semel</span> <span class='ocrx_word' id='word_1_163' title='bbox 1278 1796 1343 1858; x_wconf 84' lang='lat' dir='ltr'>apud</span> <span class='ocrx_word' id='word_1_164' title='bbox 1354 1813 1401 1842; x_wconf 85' lang='lat' dir='ltr'>an·</span> 
     </span>
     <span class='ocr_line' id='line_1_17' title="bbox 348 1865 1402 1952; baseline -0.026 -14"><span class='ocrx_word' id='word_1_165' title='bbox 348 1917 426 1952; x_wconf 61' lang='lat' dir='ltr'>„mm</span> <span class='ocrx_word' id='word_1_166' title='bbox 436 1900 539 1950; x_wconf 62' lang='lat' dir='ltr'>meio,</span> <span class='ocrx_word' id='word_1_167' title='bbox 554 1889 646 1940; x_wconf 73' lang='lat' dir='ltr'>ebullire</span> <span class='ocrx_word' id='word_1_168' title='bbox 657 1888 769 1938; x_wconf 69' lang='lat' dir='ltr'>ommam,</span> <span class='ocrx_word' id='word_1_169' title='bbox 783 1877 878 1926; x_wconf 75' lang='lat' dir='ltr'>ebullire</span> <span class='ocrx_word' id='word_1_170' title='bbox 891 1878 1007 1940; x_wconf 84' lang='lat' dir='ltr'>spiritum,</span> <span class='ocrx_word' id='word_1_171' title='bbox 1019 1888 1063 1935; x_wconf 86' lang='lat' dir='ltr'>pro</span> <span class='ocrx_word' id='word_1_172' title='bbox 1077 1871 1142 1916; x_wconf 80' lang='lat' dir='ltr'>morl.</span> <span class='ocrx_word' id='word_1_173' title='bbox 1154 1869 1235 1914; x_wconf 87' lang='lat' dir='ltr'>Senec.</span> <span class='ocrx_word' id='word_1_174' title='bbox 1247 1868 1272 1912; x_wconf 91' lang='lat' dir='ltr'>in</span> <span class='ocrx_word' id='word_1_175' title='bbox 1284 1865 1402 1929; x_wconf 78' lang='lat' dir='ltr'>Apoeolo·</span> 
     </span>
     <span class='ocr_line' id='line_1_18' title="bbox 349 1937 1400 2040; baseline -0.035 -21"><span class='ocrx_word' id='word_1_176' title='bbox 349 1974 470 2040; x_wconf 67' lang='lat' dir='ltr'>cyneboti:</span> <span class='ocrx_word' id='word_1_177' title='bbox 483 1966 545 2014; x_wconf 76' lang='lat' dir='ltr'>«ute</span> <span class='ocrx_word' id='word_1_178' title='bbox 553 1961 649 2026; x_wconf 84' lang='lat' dir='ltr'>quidem</span> <span class='ocrx_word' id='word_1_179' title='bbox 661 1953 801 2016; x_wconf 80' lang='lat' dir='ltr'>(Claudius)</span> <span class='ocrx_word' id='word_1_180' title='bbox 813 1952 913 1996; x_wconf 72' lang='lat' dir='ltr'>aninum</span> <span class='ocrx_word' id='word_1_181' title='bbox 924 1944 1023 2000; x_wconf 82' lang='lat' dir='ltr'>ebulliit,</span> <span class='ocrx_word' id='word_1_182' title='bbox 1034 1953 1078 1990; x_wconf 86' lang='lat' dir='ltr'>etc.</span> <span class='ocrx_word' id='word_1_183' title='bbox 1090 1953 1119 1986; x_wconf 83' lang='lat' dir='ltr'>eo</span> <span class='ocrx_word' id='word_1_184' title='bbox 1128 1940 1197 1987; x_wconf 76' lang='lat' dir='ltr'>desiit</span> <span class='ocrx_word' id='word_1_185' title='bbox 1205 1940 1284 1984; x_wconf 82' lang='lat' dir='ltr'>virere</span> <span class='ocrx_word' id='word_1_186' title='bbox 1292 1937 1378 1983; x_wconf 79' lang='lat' dir='ltr'>videri.</span> <span class='ocrx_word' id='word_1_187' title='bbox 1389 1959 1400 1978; x_wconf 86' lang='grc' dir='ltr'>ι</span> 
     </span>
     <span class='ocr_line' id='line_1_19' title="bbox 350 2009 1405 2106; baseline -0.027 -24"><span class='ocrx_word' id='word_1_188' title='bbox 350 2047 407 2106; x_wconf 60' lang='lat' dir='ltr'>Qu„</span> <span class='ocrx_word' id='word_1_189' title='bbox 419 2041 515 2106; x_wconf 67' lang='lat' dir='ltr'>quidem</span> <span class='ocrx_word' id='word_1_190' title='bbox 523 2034 612 2082; x_wconf 79' lang='lat' dir='ltr'>locutio</span> <span class='ocrx_word' id='word_1_191' title='bbox 623 2037 696 2076; x_wconf 77' lang='lat' dir='ltr'>nucu</span> <span class='ocrx_word' id='word_1_192' title='bbox 708 2037 744 2071; x_wconf 84' lang='lat' dir='ltr'>ert</span> <span class='ocrx_word' id='word_1_193' title='bbox 754 2022 853 2068; x_wconf 74' lang='lat' dir='ltr'>forsitan</span> <span class='ocrx_word' id='word_1_194' title='bbox 862 2035 876 2066; x_wconf 88' lang='lat' dir='ltr'>a</span> <span class='ocrx_word' id='word_1_195' title='bbox 885 2032 980 2080; x_wconf 72' lang='lat' dir='ltr'>mnne,</span> <span class='ocrx_word' id='word_1_196' title='bbox 993 2029 1045 2078; x_wconf 76' lang='lat' dir='ltr'>que</span> <span class='ocrx_word' id='word_1_197' title='bbox 1057 2014 1081 2060; x_wconf 86' lang='lat' dir='ltr'>in</span> <span class='ocrx_word' id='word_1_198' title='bbox 1090 2010 1161 2058; x_wconf 85' lang='lat' dir='ltr'>lubrie</span> <span class='ocrx_word' id='word_1_199' title='bbox 1169 2009 1318 2056; x_wconf 80' lang='lat' dir='ltr'>muricatim</span> <span class='ocrx_word' id='word_1_200' title='bbox 1329 2009 1405 2054; x_wconf 84' lang='lat' dir='ltr'>eninr·</span> 
     </span>
     <span class='ocr_line' id='line_1_20' title="bbox 350 2075 1404 2166; baseline -0.037 -3"><span class='ocrx_word' id='word_1_201' title='bbox 350 2115 485 2162; x_wconf 72' lang='lat' dir='ltr'>advertitur.</span> <span class='ocrx_word' id='word_1_202' title='bbox 500 2105 546 2154; x_wconf 83' lang='lat' dir='ltr'>Sed</span> <span class='ocrx_word' id='word_1_203' title='bbox 557 2107 606 2166; x_wconf 85' lang='lat' dir='ltr'>ipse</span> <span class='ocrx_word' id='word_1_204' title='bbox 617 2097 702 2158; x_wconf 71' lang='lat' dir='ltr'>lioeuig</span> <span class='ocrx_word' id='word_1_205' title='bbox 714 2095 800 2140; x_wconf 82' lang='lat' dir='ltr'>letetur</span> <span class='ocrx_word' id='word_1_206' title='bbox 811 2107 835 2138; x_wconf 81' lang='lat' dir='ltr'>ue</span> <span class='ocrx_word' id='word_1_207' title='bbox 850 2103 965 2151; x_wconf 76' lang='lat' dir='ltr'>umqum</span> <span class='ocrx_word' id='word_1_208' title='bbox 977 2084 1061 2134; x_wconf 76' lang='lat' dir='ltr'>vidisse</span> <span class='ocrx_word' id='word_1_209' title='bbox 1075 2079 1170 2130; x_wconf 77' lang='lat' dir='ltr'>ebullire</span> <span class='ocrx_word' id='word_1_210' title='bbox 1180 2081 1284 2143; x_wconf 74' lang='lat' dir='ltr'>positu</span> <span class='ocrx_word' id='word_1_211' title='bbox 1296 2075 1404 2124; x_wconf 68' lang='lat' dir='ltr'>absolue</span> 
     </span>
    </p>
   </div>
   <div class='ocr_carea' id='block_1_9' title="bbox 350 2149 1405 2306">
    <p class='ocr_par' dir='ltr' id='par_1_9' title="bbox 350 2149 1405 2306">
     <span class='ocr_line' id='line_1_21' title="bbox 350 2149 1405 2250; baseline -0.041 -16"><span class='ocrx_word' id='word_1_212' title='bbox 350 2202 394 2250; x_wconf 88' lang='lat' dir='ltr'>pro</span> <span class='ocrx_word' id='word_1_213' title='bbox 403 2185 468 2232; x_wconf 83' lang='lat' dir='ltr'>mori.</span> <span class='ocrx_word' id='word_1_214' title='bbox 479 2178 513 2226; x_wconf 81' lang='lat' dir='ltr'>Ad</span> <span class='ocrx_word' id='word_1_215' title='bbox 522 2176 581 2224; x_wconf 86' lang='lat' dir='ltr'>alios</span> <span class='ocrx_word' id='word_1_216' title='bbox 589 2183 667 2219; x_wconf 81' lang='lat' dir='ltr'>tutem</span> <span class='ocrx_word' id='word_1_217' title='bbox 677 2183 705 2214; x_wconf 83' lang='lat' dir='ltr'>ac</span> <span class='ocrx_word' id='word_1_218' title='bbox 713 2165 879 2212; x_wconf 81' lang='lat' dir='ltr'>diversissimos</span> <span class='ocrx_word' id='word_1_219' title='bbox 888 2174 969 2207; x_wconf 84' lang='lat' dir='ltr'>sensus</span> <span class='ocrx_word' id='word_1_220' title='bbox 979 2158 1011 2204; x_wconf 83' lang='lat' dir='ltr'>uic</span> <span class='ocrx_word' id='word_1_221' title='bbox 1021 2157 1123 2218; x_wconf 81' lang='lat' dir='ltr'>positum</span> <span class='ocrx_word' id='word_1_222' title='bbox 1134 2149 1239 2200; x_wconf 54' lang='lat' dir='ltr'>&amp;enine</span> <span class='ocrx_word' id='word_1_223' title='bbox 1248 2165 1309 2212; x_wconf 70' lang='lat' dir='ltr'>sape</span> <span class='ocrx_word' id='word_1_224' title='bbox 1319 2149 1405 2212; x_wconf 69' lang='lat' dir='ltr'>rapine</span> 
     </span>
     <span class='ocr_line' id='line_1_22' title="bbox 352 2220 1405 2306; baseline -0.041 1"><span class='ocrx_word' id='word_1_225' title='bbox 352 2259 459 2306; x_wconf 83' lang='lat' dir='ltr'>recurrit.</span> <span class='ocrx_word' id='word_1_226' title='bbox 470 2254 518 2299; x_wconf 90' lang='lat' dir='ltr'>Cic.</span> <span class='ocrx_word' id='word_1_227' title='bbox 529 2251 600 2294; x_wconf 82' lang='lat' dir='ltr'>Tute.</span> <span class='ocrx_word' id='word_1_228' title='bbox 610 2245 696 2304; x_wconf 80' lang='lat' dir='ltr'>Qnaeet.</span> <span class='ocrx_word' id='word_1_229' title='bbox 705 2239 751 2295; x_wconf 87' lang='lat' dir='ltr'>lli,</span> <span class='ocrx_word' id='word_1_230' title='bbox 761 2235 800 2292; x_wconf 75' lang='lat' dir='ltr'>bn.</span> <span class='ocrx_word' id='word_1_231' title='bbox 810 2233 878 2280; x_wconf 87' lang='lat' dir='ltr'>Unde</span> <span class='ocrx_word' id='word_1_232' title='bbox 889 2231 990 2278; x_wconf 80' lang='lat' dir='ltr'>arbitror</span> <span class='ocrx_word' id='word_1_233' title='bbox 999 2226 1111 2278; x_wconf 74' lang='lat' dir='ltr'>tundunt</span> <span class='ocrx_word' id='word_1_234' title='bbox 1121 2241 1170 2272; x_wconf 81' lang='lat' dir='ltr'>estc</span> <span class='ocrx_word' id='word_1_235' title='bbox 1180 2225 1255 2272; x_wconf 64' lang='lat' dir='ltr'>etita</span> <span class='ocrx_word' id='word_1_236' title='bbox 1265 2220 1353 2279; x_wconf 86' lang='lat' dir='ltr'>Cotid,</span> <span class='ocrx_word' id='word_1_237' title='bbox 1363 2222 1405 2284; x_wconf 83' lang='lat' dir='ltr'>qui</span> 
     </span>
    </p>
   </div>
   <div class='ocr_carea' id='block_1_10' title="bbox 354 2320 669 2390">
    <p class='ocr_par' dir='ltr' id='par_1_10' title="bbox 354 2320 669 2390">
     <span class='ocr_line' id='line_1_23' title="bbox 354 2320 669 2390; baseline -0.063 -15"><span class='ocrx_word' id='word_1_238' title='bbox 354 2339 467 2390; x_wconf 80' lang='lat' dir='ltr'>nusquam</span> <span class='ocrx_word' id='word_1_239' title='bbox 480 2320 553 2368; x_wconf 90' lang='lat' dir='ltr'>edunt</span> <span class='ocrx_word' id='word_1_240' title='bbox 564 2323 669 2380; x_wconf 78' lang='lat' dir='ltr'>patruus.</span> 
     </span>
    </p>
   </div>
   <div class='ocr_carea' id='block_1_11' title="bbox 355 2401 1408 2577">
    <p class='ocr_par' dir='ltr' id='par_1_11' title="bbox 355 2401 1408 2577">
     <span class='ocr_line' id='line_1_24' title="bbox 389 2401 1407 2492; baseline -0.038 -4"><span class='ocrx_word' id='word_1_241' title='bbox 389 2439 458 2488; x_wconf 84' lang='lat' dir='ltr'>Nor.</span> <span class='ocrx_word' id='word_1_242' title='bbox 481 2447 521 2482; x_wconf 89' lang='grc' dir='ltr'>ιο.</span> <span class='ocrx_word' id='word_1_243' title='bbox 538 2425 594 2480; x_wconf 85' lang='lat' dir='ltr'>Oti</span> <span class='ocrx_word' id='word_1_244' title='bbox 604 2417 707 2475; x_wconf 80' lang='lat' dir='ltr'>Ebulllt</span> <span class='ocrx_word' id='word_1_245' title='bbox 714 2415 805 2492; x_wconf 78' lang='lat' dir='ltr'>parmi</span> <span class='ocrx_word' id='word_1_246' title='bbox 813 2410 967 2485; x_wconf 74' lang='lat' dir='ltr'>preclarum</span> <span class='ocrx_word' id='word_1_247' title='bbox 975 2407 1072 2480; x_wconf 74' lang='lat' dir='ltr'>fitetur,</span> <span class='ocrx_word' id='word_1_248' title='bbox 1087 2419 1139 2459; x_wconf 89' lang='lat' dir='ltr'>eto</span> <span class='ocrx_word' id='word_1_249' title='bbox 1151 2405 1211 2458; x_wconf 74' lang='lat' dir='ltr'>si...</span> <span class='ocrx_word' id='word_1_250' title='bbox 1223 2432 1259 2464; x_wconf 83' lang='grc'>-,</span> <span class='ocrx_word' id='word_1_251' title='bbox 1272 2403 1295 2454; x_wconf 92' lang='grc'><em>0</em></span> <span class='ocrx_word' id='word_1_252' title='bbox 1306 2401 1343 2466; x_wconf 80' lang='lat' dir='ltr'>ei,</span> <span class='ocrx_word' id='word_1_253' title='bbox 1356 2419 1407 2472; x_wconf 89' lang='lat' dir='ltr'>cp-</span> 
     </span>
     <span class='ocr_line' id='line_1_25' title="bbox 355 2479 1408 2577; baseline -0.039 -8"><span class='ocrx_word' id='word_1_254' title='bbox 355 2515 441 2568; x_wconf 86' lang='lat' dir='ltr'>tantis&#39;</span> <span class='ocrx_word' id='word_1_255' title='bbox 454 2524 480 2563; x_wconf 89' lang='lat' dir='ltr'>et</span> <span class='ocrx_word' id='word_1_256' title='bbox 495 2505 613 2577; x_wconf 79' lang='lat' dir='ltr'>rogantis</span> <span class='ocrx_word' id='word_1_257' title='bbox 626 2497 721 2560; x_wconf 85' lang='lat' dir='ltr'>verba,</span> <span class='ocrx_word' id='word_1_258' title='bbox 737 2492 850 2566; x_wconf 84' lang='lat' dir='ltr'>perfecti</span> <span class='ocrx_word' id='word_1_259' title='bbox 865 2508 912 2562; x_wconf 93' lang='lat' dir='ltr'>per</span> <span class='ocrx_word' id='word_1_260' title='bbox 925 2507 953 2540; x_wconf 90' lang='lat' dir='ltr'>se</span> <span class='ocrx_word' id='word_1_261' title='bbox 969 2499 1110 2556; x_wconf 89' lang='lat' dir='ltr'>utrumque</span> <span class='ocrx_word' id='word_1_262' title='bbox 1125 2501 1231 2546; x_wconf 85' lang='lat' dir='ltr'>sensus,</span> <span class='ocrx_word' id='word_1_263' title='bbox 1245 2479 1308 2532; x_wconf 87' lang='lat' dir='ltr'>lieet</span> <span class='ocrx_word' id='word_1_264' title='bbox 1324 2479 1408 2530; x_wconf 91' lang='lat' dir='ltr'>iuter-</span> 
     </span>
    </p>
   </div>
   <div class='ocr_carea' id='block_1_12' title="bbox 325 2558 1418 3848">
    <p class='ocr_par' dir='ltr' id='par_1_12' title="bbox 325 2558 1418 3848">
     <span class='ocr_line' id='line_1_26' title="bbox 356 2558 1409 2661; baseline -0.038 -11"><span class='ocrx_word' id='word_1_265' title='bbox 356 2597 434 2661; x_wconf 91' lang='lat' dir='ltr'>dum,</span> <span class='ocrx_word' id='word_1_266' title='bbox 446 2606 475 2643; x_wconf 88' lang='lat' dir='ltr'>ut</span> <span class='ocrx_word' id='word_1_267' title='bbox 486 2589 539 2641; x_wconf 87' lang='lat' dir='ltr'>hoe</span> <span class='ocrx_word' id='word_1_268' title='bbox 551 2585 627 2648; x_wconf 89' lang='lat' dir='ltr'>loco,</span> <span class='ocrx_word' id='word_1_269' title='bbox 642 2569 892 2650; x_wconf 71' lang='lat' dir='ltr'>copulentur.Virg.</span> <span class='ocrx_word' id='word_1_270' title='bbox 904 2566 1007 2621; x_wconf 80' lang='lat' dir='ltr'>AEneid.</span> <span class='ocrx_word' id='word_1_271' title='bbox 1017 2569 1064 2632; x_wconf 91' lang='lat' dir='ltr'>VI,</span> <span class='ocrx_word' id='word_1_272' title='bbox 1078 2563 1141 2636; x_wconf 85' lang='lat'>187:</span> <span class='ocrx_word' id='word_1_273' title='bbox 1156 2564 1198 2614; x_wconf 78' lang='lat' dir='ltr'>«si</span> <span class='ocrx_word' id='word_1_274' title='bbox 1209 2579 1281 2613; x_wconf 89' lang='lat' dir='ltr'>nunc</span> <span class='ocrx_word' id='word_1_275' title='bbox 1291 2579 1320 2613; x_wconf 91' lang='lat' dir='ltr'>se</span> <span class='ocrx_word' id='word_1_276' title='bbox 1329 2558 1409 2611; x_wconf 84' lang='lat' dir='ltr'>nobis</span> 
     </span>
     <span class='ocr_line' id='line_1_27' title="bbox 355 2640 1408 2730; baseline -0.039 1"><span class='ocrx_word' id='word_1_277' title='bbox 355 2676 400 2730; x_wconf 91' lang='lat' dir='ltr'>ilie</span> <span class='ocrx_word' id='word_1_278' title='bbox 415 2689 509 2726; x_wconf 88' lang='lat' dir='ltr'>aureus</span> <span class='ocrx_word' id='word_1_279' title='bbox 522 2666 616 2720; x_wconf 83' lang='lat' dir='ltr'>arbore</span> <span class='ocrx_word' id='word_1_280' title='bbox 631 2675 727 2711; x_wconf 84' lang='lat' dir='ltr'>ramus.</span> <span class='ocrx_word' id='word_1_281' title='bbox 739 2680 750 2703; x_wconf 76' lang='lat' dir='ltr'>r</span> <span class='ocrx_word' id='word_1_282' title='bbox 764 2685 799 2694; x_wconf 90' lang='lat'>-—</span> <span class='ocrx_word' id='word_1_283' title='bbox 812 2654 835 2702; x_wconf 84' lang='lat' dir='ltr'><em>E</em></span> <span class='ocrx_word' id='word_1_284' title='bbox 838 2649 930 2717; x_wconf 83' lang='lat' dir='ltr'>bullit,</span> <span class='ocrx_word' id='word_1_285' title='bbox 945 2649 1093 2701; x_wconf 88' lang='lat' dir='ltr'>contractio</span> <span class='ocrx_word' id='word_1_286' title='bbox 1105 2664 1155 2718; x_wconf 91' lang='lat' dir='ltr'>pro</span> <span class='ocrx_word' id='word_1_287' title='bbox 1168 2641 1288 2706; x_wconf 83' lang='lat' dir='ltr'>ebulliat,</span> <span class='ocrx_word' id='word_1_288' title='bbox 1303 2640 1346 2692; x_wconf 84' lang='lat' dir='ltr'>vel</span> <span class='ocrx_word' id='word_1_289' title='bbox 1358 2659 1408 2713; x_wconf 90' lang='lat' dir='ltr'>pro</span> 
     </span>
     <span class='ocr_line' id='line_1_28' title="bbox 356 2720 1412 2817; baseline -0.052 -7"><span class='ocrx_word' id='word_1_290' title='bbox 356 2754 497 2817; x_wconf 85' lang='lat' dir='ltr'>ebullierit,</span> <span class='ocrx_word' id='word_1_291' title='bbox 512 2751 581 2801; x_wconf 87' lang='lat' dir='ltr'>sicut</span> <span class='ocrx_word' id='word_1_292' title='bbox 593 2739 666 2812; x_wconf 84' lang='lat' dir='ltr'>apud</span> <span class='ocrx_word' id='word_1_293' title='bbox 680 2740 770 2788; x_wconf 87' lang='lat' dir='ltr'>Horat.</span> <span class='ocrx_word' id='word_1_294' title='bbox 785 2736 838 2787; x_wconf 87' lang='lat' dir='ltr'>Sat.</span> <span class='ocrx_word' id='word_1_295' title='bbox 851 2734 888 2798; x_wconf 87' lang='lat'>11,</span> <span class='ocrx_word' id='word_1_296' title='bbox 900 2733 930 2797; x_wconf 90' lang='lat'>8,</span> <span class='ocrx_word' id='word_1_297' title='bbox 946 2747 996 2800; x_wconf 84' lang='lat'>90:</span> <span class='ocrx_word' id='word_1_298' title='bbox 1012 2752 1023 2774; x_wconf 78' lang='lat' dir='ltr'>u</span> <span class='ocrx_word' id='word_1_299' title='bbox 1034 2745 1113 2800; x_wconf 74' lang='lat' dir='ltr'>qnam</span> <span class='ocrx_word' id='word_1_300' title='bbox 1128 2728 1151 2778; x_wconf 70' lang='lat' dir='ltr'>si</span> <span class='ocrx_word' id='word_1_301' title='bbox 1165 2743 1225 2776; x_wconf 75' lang='lat' dir='ltr'>cum</span> <span class='ocrx_word' id='word_1_302' title='bbox 1239 2720 1338 2775; x_wconf 66' lang='lat' dir='ltr'>lumbi,</span> <span class='ocrx_word' id='word_1_303' title='bbox 1350 2722 1412 2792; x_wconf 69' lang='lat' dir='ltr'>qui,</span> 
     </span>
     <span class='ocr_line' id='line_1_29' title="bbox 358 2801 1413 2897; baseline -0.044 -7"><span class='ocrx_word' id='word_1_304' title='bbox 358 2833 424 2894; x_wconf 71' lang='lat' dir='ltr'>edit,</span> <span class='ocrx_word' id='word_1_305' title='bbox 436 2855 446 2878; x_wconf 79' lang='grc' dir='ltr'>ι</span> <span class='ocrx_word' id='word_1_306' title='bbox 462 2841 508 2882; x_wconf 89' lang='lat' dir='ltr'>aut</span> <span class='ocrx_word' id='word_1_307' title='bbox 520 2821 592 2897; x_wconf 90' lang='lat' dir='ltr'>apud</span> <span class='ocrx_word' id='word_1_308' title='bbox 601 2817 690 2888; x_wconf 73' lang='lat' dir='ltr'>virgil.</span> <span class='ocrx_word' id='word_1_309' title='bbox 705 2811 807 2865; x_wconf 84' lang='lat' dir='ltr'>AEneid.</span> <span class='ocrx_word' id='word_1_310' title='bbox 821 2812 858 2876; x_wconf 87' lang='lat'>11,</span> <span class='ocrx_word' id='word_1_311' title='bbox 874 2811 938 2862; x_wconf 73' lang='lat'>118:</span> <span class='ocrx_word' id='word_1_312' title='bbox 955 2831 965 2854; x_wconf 77' lang='lat' dir='ltr'>u</span> <span class='ocrx_word' id='word_1_313' title='bbox 977 2807 1062 2872; x_wconf 72' lang='lat' dir='ltr'>viret,</span> <span class='ocrx_word' id='word_1_314' title='bbox 1071 2807 1115 2856; x_wconf 86' lang='lat' dir='ltr'>cui</span> <span class='ocrx_word' id='word_1_315' title='bbox 1124 2805 1203 2854; x_wconf 86' lang='lat' dir='ltr'>vitam</span> <span class='ocrx_word' id='word_1_316' title='bbox 1213 2801 1293 2866; x_wconf 85' lang='lat' dir='ltr'>deus,</span> <span class='ocrx_word' id='word_1_317' title='bbox 1304 2813 1352 2852; x_wconf 88' lang='lat' dir='ltr'>ant</span> <span class='ocrx_word' id='word_1_318' title='bbox 1363 2817 1413 2852; x_wconf 67' lang='lat' dir='ltr'>eun</span> 
     </span>
     <span class='ocr_line' id='line_1_30' title="bbox 358 2881 1413 2967; baseline -0.038 0"><span class='ocrx_word' id='word_1_319' title='bbox 358 2915 450 2967; x_wconf 84' lang='lat' dir='ltr'>dextra</span> <span class='ocrx_word' id='word_1_320' title='bbox 462 2907 587 2960; x_wconf 78' lang='lat' dir='ltr'>dedisset.</span> <span class='ocrx_word' id='word_1_321' title='bbox 600 2925 610 2949; x_wconf 73' lang='lat' dir='ltr'>r</span> <span class='ocrx_word' id='word_1_322' title='bbox 625 2895 688 2950; x_wconf 82' lang='lat' dir='ltr'>Edit</span> <span class='ocrx_word' id='word_1_323' title='bbox 698 2913 747 2965; x_wconf 89' lang='lat' dir='ltr'>pro</span> <span class='ocrx_word' id='word_1_324' title='bbox 757 2893 865 2944; x_wconf 84' lang='lat' dir='ltr'>ediderit</span> <span class='ocrx_word' id='word_1_325' title='bbox 869 2913 879 2952; x_wconf 82' lang='lat'>,-</span> <span class='ocrx_word' id='word_1_326' title='bbox 892 2892 961 2941; x_wconf 72' lang='lat' dir='ltr'>viret</span> <span class='ocrx_word' id='word_1_327' title='bbox 968 2907 1018 2962; x_wconf 91' lang='lat' dir='ltr'>pro</span> <span class='ocrx_word' id='word_1_328' title='bbox 1030 2886 1139 2939; x_wconf 78' lang='lat' dir='ltr'>vixisset.</span> <span class='ocrx_word' id='word_1_329' title='bbox 1152 2881 1284 2950; x_wconf 76' lang='lat' dir='ltr'>Ebullire,</span> <span class='ocrx_word' id='word_1_330' title='bbox 1300 2882 1413 2953; x_wconf 82' lang='lat' dir='ltr'>proprie</span> 
     </span>
     <span class='ocr_line' id='line_1_31' title="bbox 358 2953 1415 3056; baseline -0.041 -9"><span class='ocrx_word' id='word_1_331' title='bbox 358 2997 386 3046; x_wconf 92' lang='lat' dir='ltr'>in</span> <span class='ocrx_word' id='word_1_332' title='bbox 394 2990 494 3046; x_wconf 89' lang='lat' dir='ltr'>bullam</span> <span class='ocrx_word' id='word_1_333' title='bbox 505 3002 579 3056; x_wconf 72' lang='lat' dir='ltr'>aquae</span> <span class='ocrx_word' id='word_1_334' title='bbox 590 2993 746 3048; x_wconf 76' lang='lat' dir='ltr'>exsurgere,</span> <span class='ocrx_word' id='word_1_335' title='bbox 756 2968 980 3045; x_wconf 84' lang='lat' dir='ltr'>quemadmodum</span> <span class='ocrx_word' id='word_1_336' title='bbox 991 2987 1005 3018; x_wconf 88' lang='lat' dir='ltr'>e</span> <span class='ocrx_word' id='word_1_337' title='bbox 1015 2965 1088 3030; x_wconf 85' lang='lat' dir='ltr'>lacu,</span> <span class='ocrx_word' id='word_1_338' title='bbox 1105 2961 1212 3036; x_wconf 87' lang='lat' dir='ltr'>quando</span> <span class='ocrx_word' id='word_1_339' title='bbox 1227 2961 1308 3032; x_wconf 92' lang='lat' dir='ltr'>pluit,</span> <span class='ocrx_word' id='word_1_340' title='bbox 1323 2953 1366 3012; x_wconf 79' lang='lat' dir='ltr'>vei</span> <span class='ocrx_word' id='word_1_341' title='bbox 1381 2979 1415 3012; x_wconf 76' lang='lat' dir='ltr'>ex</span> 
     </span>
     <span class='ocr_line' id='line_1_32' title="bbox 360 3043 1415 3148; baseline -0.038 -19"><span class='ocrx_word' id='word_1_342' title='bbox 360 3093 428 3148; x_wconf 88' lang='lat' dir='ltr'>aqna</span> <span class='ocrx_word' id='word_1_343' title='bbox 443 3068 599 3128; x_wconf 81' lang='lat' dir='ltr'>ebulliente,</span> <span class='ocrx_word' id='word_1_344' title='bbox 615 3078 671 3134; x_wconf 79' lang='lat' dir='ltr'>quae</span> <span class='ocrx_word' id='word_1_345' title='bbox 683 3054 834 3108; x_wconf 85' lang='lat' dir='ltr'>intumescit</span> <span class='ocrx_word' id='word_1_346' title='bbox 844 3063 870 3103; x_wconf 95' lang='lat' dir='ltr'>et</span> <span class='ocrx_word' id='word_1_347' title='bbox 882 3049 979 3111; x_wconf 83' lang='lat' dir='ltr'>effluit;</span> <span class='ocrx_word' id='word_1_348' title='bbox 995 3045 1191 3117; x_wconf 83' lang='lat' dir='ltr'>metaphorice,</span> <span class='ocrx_word' id='word_1_349' title='bbox 1201 3043 1346 3112; x_wconf 86' lang='lat' dir='ltr'>derepente</span> <span class='ocrx_word' id='word_1_350' title='bbox 1363 3059 1415 3111; x_wconf 86' lang='lat' dir='ltr'>ap-</span> 
     </span>
     <span class='ocr_line' id='line_1_33' title="bbox 358 3123 1412 3230; baseline -0.036 -22"><span class='ocrx_word' id='word_1_351' title='bbox 358 3171 452 3230; x_wconf 87' lang='lat' dir='ltr'>parere</span> <span class='ocrx_word' id='word_1_352' title='bbox 469 3168 499 3201; x_wconf 89' lang='lat' dir='ltr'>ac</span> <span class='ocrx_word' id='word_1_353' title='bbox 517 3148 569 3197; x_wconf 89' lang='lat' dir='ltr'>cito</span> <span class='ocrx_word' id='word_1_354' title='bbox 589 3153 755 3192; x_wconf 82' lang='lat' dir='ltr'>evanescere.</span> <span class='ocrx_word' id='word_1_355' title='bbox 772 3131 849 3184; x_wconf 89' lang='lat' dir='ltr'>Unde</span> <span class='ocrx_word' id='word_1_356' title='bbox 868 3128 1054 3202; x_wconf 81' lang='lat' dir='ltr'>proverbium,</span> <span class='ocrx_word' id='word_1_357' title='bbox 1074 3127 1149 3194; x_wconf 84' lang='lat' dir='ltr'>eujus</span> <span class='ocrx_word' id='word_1_358' title='bbox 1169 3124 1287 3175; x_wconf 86' lang='lat' dir='ltr'>meminit</span> <span class='ocrx_word' id='word_1_359' title='bbox 1302 3123 1412 3173; x_wconf 85' lang='lat' dir='ltr'>Terent.</span> 
     </span>
     <span class='ocr_line' id='line_1_34' title="bbox 358 3199 1416 3285; baseline -0.043 1"><span class='ocrx_word' id='word_1_360' title='bbox 358 3237 442 3285; x_wconf 83' lang='lat' dir='ltr'>Varro</span> <span class='ocrx_word' id='word_1_361' title='bbox 457 3226 561 3277; x_wconf 80' lang='lat' dir='ltr'>«bomo</span> <span class='ocrx_word' id='word_1_362' title='bbox 573 3217 668 3273; x_wconf 75' lang='lat' dir='ltr'>bullas</span> <span class='ocrx_word' id='word_1_363' title='bbox 688 3211 741 3264; x_wconf 89' lang='lat' dir='ltr'>hoc</span> <span class='ocrx_word' id='word_1_364' title='bbox 755 3211 831 3274; x_wconf 83' lang='lat' dir='ltr'>ioco,</span> <span class='ocrx_word' id='word_1_365' title='bbox 847 3211 982 3279; x_wconf 83' lang='lat' dir='ltr'>derepente</span> <span class='ocrx_word' id='word_1_366' title='bbox 996 3221 1130 3278; x_wconf 80' lang='lat' dir='ltr'>apparere.</span> <span class='ocrx_word' id='word_1_367' title='bbox 1145 3231 1181 3244; x_wconf 89' lang='lat'><em>-</em></span> <span class='ocrx_word' id='word_1_368' title='bbox 1193 3201 1301 3264; x_wconf 82' lang='lat' dir='ltr'>Patmi‚·</span> <span class='ocrx_word' id='word_1_369' title='bbox 1315 3199 1416 3252; x_wconf 66' lang='lat' dir='ltr'>decen.</span> 
     </span>
     <span class='ocr_line' id='line_1_35' title="bbox 360 3277 1416 3367; baseline -0.034 -2"><span class='ocrx_word' id='word_1_370' title='bbox 360 3316 411 3364; x_wconf 85' lang='lat' dir='ltr'>tius</span> <span class='ocrx_word' id='word_1_371' title='bbox 426 3307 526 3362; x_wconf 81' lang='lat' dir='ltr'>scilieet</span> <span class='ocrx_word' id='word_1_372' title='bbox 539 3315 646 3362; x_wconf 84' lang='lat' dir='ltr'>votum,</span> <span class='ocrx_word' id='word_1_373' title='bbox 664 3294 779 3367; x_wconf 87' lang='lat' dir='ltr'>quamsi</span> <span class='ocrx_word' id='word_1_374' title='bbox 796 3290 903 3342; x_wconf 82' lang='lat' dir='ltr'>dixisset</span> <span class='ocrx_word' id='word_1_375' title='bbox 918 3287 1012 3360; x_wconf 82' lang='lat' dir='ltr'>putris,</span> <span class='ocrx_word' id='word_1_376' title='bbox 1033 3304 1090 3357; x_wconf 81' lang='lat' dir='ltr'>quoe</span> <span class='ocrx_word' id='word_1_377' title='bbox 1106 3301 1156 3335; x_wconf 80' lang='lat' dir='ltr'>vox</span> <span class='ocrx_word' id='word_1_378' title='bbox 1173 3283 1259 3334; x_wconf 86' lang='lat' dir='ltr'>minus</span> <span class='ocrx_word' id='word_1_379' title='bbox 1274 3277 1416 3332; x_wconf 88' lang='lat' dir='ltr'>habuisset</span> 
     </span>
     <span class='ocr_line' id='line_1_36' title="bbox 359 3365 1415 3446; baseline -0.035 -1"><span class='ocrx_word' id='word_1_380' title='bbox 359 3373 827 3446; x_wconf 70' lang='lat' dir='ltr'>festivitatis.-Proeclurumfttnus,</span> <span class='ocrx_word' id='word_1_381' title='bbox 839 3382 968 3443; x_wconf 88' lang='lat' dir='ltr'>apparatu</span> <span class='ocrx_word' id='word_1_382' title='bbox 976 3367 1110 3420; x_wconf 81' lang='lat' dir='ltr'>scilieetet</span> <span class='ocrx_word' id='word_1_383' title='bbox 1119 3365 1302 3436; x_wconf 82' lang='lat' dir='ltr'>exsequiarum</span> <span class='ocrx_word' id='word_1_384' title='bbox 1311 3378 1415 3432; x_wconf 87' lang='lat' dir='ltr'>pompa</span> 
     </span>
     <span class='ocr_line' id='line_1_37' title="bbox 362 3444 1417 3544; baseline -0.035 -18"><span class='ocrx_word' id='word_1_385' title='bbox 362 3469 537 3544; x_wconf 78' lang='lat' dir='ltr'>magnificum.</span> <span class='ocrx_word' id='word_1_386' title='bbox 553 3464 594 3516; x_wconf 86' lang='lat' dir='ltr'>Sic</span> <span class='ocrx_word' id='word_1_387' title='bbox 605 3458 684 3522; x_wconf 82' lang='lat' dir='ltr'>dixit,</span> <span class='ocrx_word' id='word_1_388' title='bbox 697 3470 821 3526; x_wconf 89' lang='lat' dir='ltr'>tanquam</span> <span class='ocrx_word' id='word_1_389' title='bbox 835 3453 881 3523; x_wconf 90' lang='lat' dir='ltr'>qui</span> <span class='ocrx_word' id='word_1_390' title='bbox 892 3451 972 3502; x_wconf 84' lang='lat' dir='ltr'>funus</span> <span class='ocrx_word' id='word_1_391' title='bbox 985 3459 1061 3520; x_wconf 83' lang='lat' dir='ltr'>optat</span> <span class='ocrx_word' id='word_1_392' title='bbox 1072 3445 1161 3497; x_wconf 89' lang='lat' dir='ltr'>videre</span> <span class='ocrx_word' id='word_1_393' title='bbox 1171 3444 1276 3517; x_wconf 82' lang='lat' dir='ltr'>patrui,</span> <span class='ocrx_word' id='word_1_394' title='bbox 1290 3445 1348 3512; x_wconf 85' lang='lat' dir='ltr'>ejus</span> <span class='ocrx_word' id='word_1_395' title='bbox 1358 3455 1417 3492; x_wconf 84' lang='lat' dir='ltr'>tan-</span> 
     </span>
     <span class='ocr_line' id='line_1_38' title="bbox 361 3519 1417 3615; baseline -0.035 -10"><span class='ocrx_word' id='word_1_396' title='bbox 361 3547 499 3604; x_wconf 88' lang='lat' dir='ltr'>tummodo</span> <span class='ocrx_word' id='word_1_397' title='bbox 506 3543 617 3615; x_wconf 73' lang='lat' dir='ltr'>gloriam</span> <span class='ocrx_word' id='word_1_398' title='bbox 624 3549 650 3590; x_wconf 89' lang='lat' dir='ltr'>et</span> <span class='ocrx_word' id='word_1_399' title='bbox 657 3535 789 3587; x_wconf 87' lang='lat' dir='ltr'>bonorem</span> <span class='ocrx_word' id='word_1_400' title='bbox 798 3533 894 3583; x_wconf 90' lang='lat' dir='ltr'>intueri</span> <span class='ocrx_word' id='word_1_401' title='bbox 900 3528 1030 3581; x_wconf 88' lang='lat' dir='ltr'>videatur.</span> <span class='ocrx_word' id='word_1_402' title='bbox 1039 3525 1071 3576; x_wconf 84' lang='lat' dir='ltr'>Vi</span> <span class='ocrx_word' id='word_1_403' title='bbox 1079 3527 1181 3576; x_wconf 84' lang='lat' dir='ltr'>comica</span> <span class='ocrx_word' id='word_1_404' title='bbox 1190 3541 1246 3574; x_wconf 89' lang='lat' dir='ltr'>non</span> <span class='ocrx_word' id='word_1_405' title='bbox 1254 3533 1313 3591; x_wconf 77' lang='lat' dir='ltr'>eget</span> <span class='ocrx_word' id='word_1_406' title='bbox 1320 3519 1417 3586; x_wconf 87' lang='lat' dir='ltr'>locus,</span> 
     </span>
     <span class='ocr_line' id='line_1_39' title="bbox 363 3601 1417 3704; baseline -0.035 -19"><span class='ocrx_word' id='word_1_407' title='bbox 363 3649 442 3704; x_wconf 85' lang='lat' dir='ltr'>quem</span> <span class='ocrx_word' id='word_1_408' title='bbox 453 3625 553 3698; x_wconf 80' lang='lat' dir='ltr'>posteri</span> <span class='ocrx_word' id='word_1_409' title='bbox 565 3619 663 3674; x_wconf 87' lang='lat' dir='ltr'>satirici</span> <span class='ocrx_word' id='word_1_410' title='bbox 674 3613 829 3666; x_wconf 87' lang='lat' dir='ltr'>retulerunt.</span> <span class='ocrx_word' id='word_1_411' title='bbox 841 3609 913 3664; x_wconf 86' lang='lat' dir='ltr'>Nihil</span> <span class='ocrx_word' id='word_1_412' title='bbox 927 3609 1014 3660; x_wconf 89' lang='lat' dir='ltr'>dicam</span> <span class='ocrx_word' id='word_1_413' title='bbox 1028 3604 1062 3657; x_wconf 90' lang='lat' dir='ltr'>de</span> <span class='ocrx_word' id='word_1_414' title='bbox 1074 3623 1166 3658; x_wconf 89' lang='lat' dir='ltr'>eorum</span> <span class='ocrx_word' id='word_1_415' title='bbox 1177 3601 1417 3673; x_wconf 79' lang='lat' dir='ltr'>interpretatione,</span> 
     </span>
     <span class='ocr_line' id='line_1_40' title="bbox 325 3681 1418 3786; baseline -0.038 -18"><span class='ocrx_word' id='word_1_416' title='bbox 325 3754 328 3768; x_wconf 91' lang='lat'>.</span> <span class='ocrx_word' id='word_1_417' title='bbox 362 3715 407 3786; x_wconf 89' lang='lat' dir='ltr'>qui</span> <span class='ocrx_word' id='word_1_418' title='bbox 412 3710 498 3783; x_wconf 75' lang='lat' dir='ltr'>fimus</span> <span class='ocrx_word' id='word_1_419' title='bbox 511 3701 644 3775; x_wconf 79' lang='lat' dir='ltr'>explicant</span> <span class='ocrx_word' id='word_1_420' title='bbox 660 3715 707 3770; x_wconf 88' lang='lat' dir='ltr'>per</span> <span class='ocrx_word' id='word_1_421' title='bbox 720 3693 900 3767; x_wconf 83' lang='lat' dir='ltr'>sepulchrum,</span> <span class='ocrx_word' id='word_1_422' title='bbox 912 3687 1006 3742; x_wconf 89' lang='lat' dir='ltr'>ebullit</span> <span class='ocrx_word' id='word_1_423' title='bbox 1016 3705 1064 3758; x_wconf 87' lang='lat' dir='ltr'>per</span> <span class='ocrx_word' id='word_1_424' title='bbox 1075 3685 1323 3756; x_wconf 79' lang='lat' dir='ltr'>ructetuperiutur,</span> <span class='ocrx_word' id='word_1_425' title='bbox 1337 3681 1418 3752; x_wconf 73' lang='lat' dir='ltr'>quasi</span> 
     </span>
     <span class='ocr_line' id='line_1_41' title="bbox 362 3761 1418 3848; baseline -0.034 0"><span class='ocrx_word' id='word_1_426' title='bbox 362 3812 457 3848; x_wconf 85' lang='lat' dir='ltr'>aurum</span> <span class='ocrx_word' id='word_1_427' title='bbox 467 3787 597 3841; x_wconf 84' lang='lat' dir='ltr'>inclusum</span> <span class='ocrx_word' id='word_1_428' title='bbox 609 3780 671 3834; x_wconf 89' lang='lat' dir='ltr'>inde</span> <span class='ocrx_word' id='word_1_429' title='bbox 683 3776 843 3830; x_wconf 82' lang='lat' dir='ltr'>extrahatur.</span> <span class='ocrx_word' id='word_1_430' title='bbox 857 3774 944 3840; x_wconf 88' lang='lat' dir='ltr'>Quam</span> <span class='ocrx_word' id='word_1_431' title='bbox 957 3769 1076 3822; x_wconf 84' lang='lat' dir='ltr'>retulisse</span> <span class='ocrx_word' id='word_1_432' title='bbox 1087 3766 1348 3839; x_wconf 87' lang='lat' dir='ltr'>interpretationem,</span> <span class='ocrx_word' id='word_1_433' title='bbox 1362 3761 1418 3812; x_wconf 86' lang='lat' dir='ltr'>fnit</span> 
     </span>
    </p>
   </div>
   <div class='ocr_carea' id='block_1_13' title="bbox 363 3874 1419 4122">
    <p class='ocr_par' dir='ltr' id='par_1_13' title="bbox 363 3874 1419 4122">
     <span class='ocr_line' id='line_1_42' title="bbox 364 3874 526 3934; baseline -0.08 -5"><span class='ocrx_word' id='word_1_434' title='bbox 364 3874 526 3934; x_wconf 76' lang='lat' dir='ltr'>confutasse.</span> 
     </span>
     <span class='ocr_line' id='line_1_43' title="bbox 398 3945 1418 4037; baseline -0.031 -6"><span class='ocrx_word' id='word_1_435' title='bbox 398 3980 464 4031; x_wconf 81' lang='lat' dir='ltr'>Nor.</span> <span class='ocrx_word' id='word_1_436' title='bbox 488 3991 527 4026; x_wconf 86' lang='lat' dir='ltr'>tt.</span> <span class='ocrx_word' id='word_1_437' title='bbox 541 3971 593 4024; x_wconf 83' lang='lat' dir='ltr'>Sub</span> <span class='ocrx_word' id='word_1_438' title='bbox 606 3979 685 4020; x_wconf 84' lang='lat' dir='ltr'>rastro</span> <span class='ocrx_word' id='word_1_439' title='bbox 700 3975 785 4037; x_wconf 77' lang='lat' dir='ltr'>crepet</span> <span class='ocrx_word' id='word_1_440' title='bbox 795 3962 895 4035; x_wconf 70' lang='lat' dir='ltr'>arpenti</span> <span class='ocrx_word' id='word_1_441' title='bbox 907 3959 974 4011; x_wconf 81' lang='lat' dir='ltr'>mibi</span> <span class='ocrx_word' id='word_1_442' title='bbox 984 3945 1062 4025; x_wconf 71' lang='lat' dir='ltr'>seria,</span> <span class='ocrx_word' id='word_1_443' title='bbox 1074 3957 1163 4008; x_wconf 83' lang='lat' dir='ltr'>dextro</span> <span class='ocrx_word' id='word_1_444' title='bbox 1176 3949 1351 4005; x_wconf 76' lang='lat' dir='ltr'>Herculel-</span> <span class='ocrx_word' id='word_1_445' title='bbox 1360 3947 1418 4000; x_wconf 88' lang='lat' dir='ltr'>Sub</span> 
     </span>
     <span class='ocr_line' id='line_1_44' title="bbox 363 4027 1419 4122; baseline -0.033 -10"><span class='ocrx_word' id='word_1_446' title='bbox 363 4071 455 4122; x_wconf 81' lang='lat' dir='ltr'>restro,</span> <span class='ocrx_word' id='word_1_447' title='bbox 471 4059 497 4108; x_wconf 88' lang='lat' dir='ltr'>in</span> <span class='ocrx_word' id='word_1_448' title='bbox 509 4069 571 4122; x_wconf 81' lang='lat' dir='ltr'>agro</span> <span class='ocrx_word' id='word_1_449' title='bbox 586 4047 699 4108; x_wconf 84' lang='lat' dir='ltr'>scilicet,</span> <span class='ocrx_word' id='word_1_450' title='bbox 713 4043 754 4094; x_wconf 83' lang='lat' dir='ltr'>vel</span> <span class='ocrx_word' id='word_1_451' title='bbox 768 4046 796 4093; x_wconf 92' lang='lat' dir='ltr'>in</span> <span class='ocrx_word' id='word_1_452' title='bbox 809 4041 904 4102; x_wconf 90' lang='lat' dir='ltr'>horto;</span> <span class='ocrx_word' id='word_1_453' title='bbox 919 4057 953 4090; x_wconf 90' lang='lat' dir='ltr'>ne</span> <span class='ocrx_word' id='word_1_454' title='bbox 963 4038 1065 4089; x_wconf 87' lang='lat' dir='ltr'>mireris</span> <span class='ocrx_word' id='word_1_455' title='bbox 1080 4034 1188 4087; x_wconf 88' lang='lat' dir='ltr'>attribui</span> <span class='ocrx_word' id='word_1_456' title='bbox 1208 4043 1318 4083; x_wconf 80' lang='lat' dir='ltr'>rastrum</span> <span class='ocrx_word' id='word_1_457' title='bbox 1336 4027 1419 4079; x_wconf 90' lang='lat' dir='ltr'>alicui</span> 
     </span>
    </p>
   </div>
   <div class='ocr_carea' id='block_1_14' title="bbox 362 4107 1418 4281">
    <p class='ocr_par' dir='ltr' id='par_1_14' title="bbox 362 4107 1418 4281">
     <span class='ocr_line' id='line_1_45' title="bbox 363 4107 1416 4212; baseline -0.031 -20"><span class='ocrx_word' id='word_1_458' title='bbox 363 4149 514 4212; x_wconf 87' lang='lat' dir='ltr'>procerum.</span> <span class='ocrx_word' id='word_1_459' title='bbox 530 4131 637 4184; x_wconf 82' lang='lat' dir='ltr'>Dabunt</span> <span class='ocrx_word' id='word_1_460' title='bbox 651 4128 766 4197; x_wconf 76' lang='lat' dir='ltr'>aliquem</span> <span class='ocrx_word' id='word_1_461' title='bbox 781 4121 946 4192; x_wconf 74' lang='lat' dir='ltr'>agriculture</span> <span class='ocrx_word' id='word_1_462' title='bbox 960 4135 1069 4189; x_wconf 83' lang='lat' dir='ltr'>operam</span> <span class='ocrx_word' id='word_1_463' title='bbox 1082 4115 1123 4168; x_wconf 80' lang='lat' dir='ltr'>vei</span> <span class='ocrx_word' id='word_1_464' title='bbox 1138 4116 1190 4185; x_wconf 86' lang='lat' dir='ltr'>ipsi</span> <span class='ocrx_word' id='word_1_465' title='bbox 1202 4127 1328 4184; x_wconf 75' lang='lat' dir='ltr'>proceret</span> <span class='ocrx_word' id='word_1_466' title='bbox 1342 4107 1416 4178; x_wconf 84' lang='lat' dir='ltr'>apud</span> 
     </span>
     <span class='ocr_line' id='line_1_46' title="bbox 362 4189 1418 4281; baseline -0.032 -9"><span class='ocrx_word' id='word_1_467' title='bbox 362 4224 510 4278; x_wconf 78' lang='lat' dir='ltr'>Romanos,</span> <span class='ocrx_word' id='word_1_468' title='bbox 527 4225 553 4263; x_wconf 86' lang='lat' dir='ltr'>et</span> <span class='ocrx_word' id='word_1_469' title='bbox 570 4210 687 4281; x_wconf 87' lang='lat' dir='ltr'>alioquin</span> <span class='ocrx_word' id='word_1_470' title='bbox 702 4205 751 4257; x_wconf 85' lang='lat' dir='ltr'>sibi</span> <span class='ocrx_word' id='word_1_471' title='bbox 766 4217 879 4255; x_wconf 78' lang='lat' dir='ltr'>rastrum</span> <span class='ocrx_word' id='word_1_472' title='bbox 894 4221 921 4253; x_wconf 81' lang='lat' dir='ltr'>ee</span> <span class='ocrx_word' id='word_1_473' title='bbox 937 4212 1052 4251; x_wconf 86' lang='lat' dir='ltr'>tractare</span> <span class='ocrx_word' id='word_1_474' title='bbox 1073 4197 1142 4248; x_wconf 87' lang='lat' dir='ltr'>uitro</span> <span class='ocrx_word' id='word_1_475' title='bbox 1161 4193 1243 4262; x_wconf 69' lang='lat' dir='ltr'>fingat</span> <span class='ocrx_word' id='word_1_476' title='bbox 1259 4189 1418 4244; x_wconf 75' lang='lat' dir='ltr'>ambitiosus</span> 
     </span>
    </p>
   </div>
   <div class='ocr_carea' id='block_1_15' title="bbox 0 0 1523 4936">
    <p class='ocr_par' dir='ltr' id='par_1_15' title="bbox 0 0 1523 4936">
     <span class='ocr_line' id='line_1_47' title="bbox 0 0 1523 4936; baseline 0 0"><span class='ocrx_word' id='word_1_477' title='bbox 0 0 1523 4936; x_wconf 95' lang='lat' dir='ltr'> </span> 
     </span>
    </p>
   </div>
  </div>
 </body>
</html>
