3038 4932
470 511 641 576 sarrai
667 511 826 576 snum.
986 477 988 486 ’
1101 515 1167 581 263

126 633 1218 732 ιρυὶἀτείἰφιιιωεεῐῖυΙὶείἰῳιιιιηῗηυυοηιιυοίωρεηείιιειιῃῧο,

121 753 237 840 Unge,
249 771 354 840 puer,
366 745 489 814 caules.
503 745 587 814 Mihi
596 746 682 814 festa
693 745 769 814 luce
780 764 944 842 coquatur

120 861 298 938 Unica,et
310 857 388 924 fissa
399 857 570 924 fumosum
582 858 729 948 sinciput
740 881 839 942 aure3
1135 891 1169 944 7⁰

121 972 170 1034 Ut
180 984 262 1035 tuus
274 971 337 1035 iste
348 985 453 1059 nepos
466 965 546 1034 olim
559 983 652 1034 satur
664 970 792 1034 anseris
805 971 903 1054 extis,

120 1081 236 1164 Quum
248 1100 384 1145 morosa
394 1102 478 1170 vago
490 1075 661 1169 singultiet
672 1079 809 1168 inguine
820 1101 922 1162 vena,

121 1191 272 1256 Patriciae
284 1190 431 1256 immeiat
444 1187 572 1256 vulvae?
583 1187 665 1255 mihi
678 1205 785 1256 trama
796 1188 913 1280 figurae

120 1299 170 1366 Sit
183 1296 332 1391 reliqua,
346 1312 398 1363 ast
408 1295 456 1362 illi
468 1310 734 1364 trematomento
746 1320 837 1389 popa
848 1302 989 1364 venter?
1137 1313 1170 1381 74

168 1405 288 1475 Vende
298 1408 447 1474 animam
457 1404 568 1489 lucro,
581 1405 747 1487 mercare,
761 1422 862 1502 atque
874 1425 996 1475 excute
1009 1406 1113 1476 solers

120 1521 232 1588 Omne
244 1517 332 1586 latus
344 1517 477 1600 mundi,
491 1542 534 1585 ne
548 1518 591 1586 sit
601 1521 814 1609 praestantior
824 1517 909 1586 alter

119 1626 338 1720 Cappadocas
353 1626 457 1720 rigida
468 1629 611 1720 pingues
623 1631 755 1720 pavisse
770 1643 911 1696 catasta:
954 1715 961 1727 .

120 1744 206 1806 Rern
218 1739 365 1831 duplica.
382 1741 458 1807 Feci
468 1765 476 1820 ;
485 1736 557 1832 jam
568 1738 705 1833 triplex,
716 1735 787 1831 jam
799 1737 882 1805 mihi
896 1755 1031 1834 quarto,

120 1853 196 1917 Jam
209 1848 321 1917 decies
332 1849 419 1918 redit
429 1851 464 1942 in
475 1873 607 1942 rugam.
625 1853 805 1944 Depunge,
818 1849 877 1918 uhi
889 1852 1014 1920 sistam.

121 1959 700 2056 Iuventus,Chrysippe,tuifinitcr
710 1962 838 2030 acervi!
1134 1973 1169 2028 80

160 2163 247 2242 Quid
263 2161 420 2245 reliquum
434 2163 485 2240 sit,
510 2165 628 2245 inquies.
644 2162 870 2244 Reliquum...
888 2162 929 2222 cd
945 2164 1029 2224 istam
1050 2163 1169 2224 interm-

121 2263 268 2344 parionem
284 2262 325 2320 sic
339 2279 466 2342 repono:
481 2280 581 2342 unge,
594 2258 725 2336 famule,
735 2281 817 2341 unge
829 2257 928 2320 caules
940 2259 1126 2342 impensius,
1140 2271 1171 2328 et

121 2355 284 2416 lautiorem
297 2376 413 2439 appara
430 2375 578 2416 mensam.
593 2357 698 2438 Egone
709 2355 790 2416 festis
802 2357 894 2416 etiam
906 2356 1013 2418 diebus
1024 2355 1169 2416 vilissima

122 2451 290 2514 herbarum
304 2453 401 2514 urtica
414 2472 537 2526 vescar,
552 2463 583 2510 et
595 2451 724 2533 porcino
738 2453 837 2533 capite
857 2450 943 2532 quod
957 2455 1120 2527 exaruerit,
1135 2452 1169 2520 in

122 2550 246 2610 camino
259 2571 332 2610 aure
343 2546 494 2631 perforata
506 2568 700 2634 suspensum,
715 2562 750 2607 ut
761 2546 874 2607 ditatus
890 2547 964 2608 olim
977 2549 1169 2629 parcimonia

122 2665 190 2704 mea
200 2646 257 2706 iste
267 2657 341 2712 tuus
354 2665 465 2728 nepos,
478 2645 590 2704 anseris
606 2643 722 2724 jecore,
734 2644 805 2704 cibo
819 2643 1057 2725 exquisitissimo
1064 2688 1074 2717 ,
1088 2663 1169 2704 exsa-

123 2755 257 2820 turetur3
272 2756 380 2826 atque,
394 2742 449 2803 ubi
462 2763 582 2803 morosa
597 2741 725 2804 libidine
739 2741 876 2820 fervens,
891 2763 1019 2803 novena
1033 2741 1168 2823 inguinis

123 2837 185 2900 hue
195 2838 267 2900 illue
275 2838 467 2921 singultatim
478 2838 660 2921 palpitante,
672 2839 832 2920 vulgarem
842 2838 1002 2902 fastidierit
1011 2859 1153 2900 venerem
1158 2896 1167 2926 ‚

122 2947 216 2998 tentet
226 2957 299 2998 cum
313 2935 414 2997 nobili
426 2948 571 2996 matrona
585 2934 686 2998 coire?
699 2938 804 3016 Egone
816 2956 866 2996 me
876 2937 974 2995 macie
986 2935 1167 3005 conficiam,

121 3047 155 3094 nt
168 3053 336 3096 nervorum
349 3045 467 3094 textura
479 3045 603 3092 tantum
614 3029 691 3092 mihi
708 3045 738 3092 et
756 3053 823 3093 ossa
841 3033 1009 3115 supersint3
1023 3032 1079 3091 iste
1094 3051 1166 3092 vero

123 3129 314 3212 pinguedine
326 3143 496 3210 turgescat,
510 3143 541 3190 et
554 3129 644 3211 adipe
658 3129 795 3190 subsiliat
805 3131 832 3190 ci
843 3142 949 3192 venter
962 3129 1086 3190 obesus!

157 3227 208 3308 75.
220 3227 328 3286 Vitam
339 3226 482 3308 impende
491 3226 591 3301 lucro,
600 3239 804 3287 mercaturam
815 3248 926 3302 exerce,
934 3246 1102 3308 omnesque
1110 3239 1167 3288 ter·

122 3345 226 3383 rarum
241 3345 312 3384 oras
324 3324 464 3383 solertius
477 3322 618 3406 explora,
636 3335 672 3384 ut
685 3325 800 3383 caeteris
812 3334 934 3406 praestes
946 3323 980 3382 in
989 3323 1166 3405 pascendise

120 3419 317 3503 Cappadocia
330 3420 435 3496 servis,
445 3440 581 3502 quorum
590 3420 719 3502 pinguia
728 3440 857 3502 corpora
867 3417 1011 3480 manibus
1025 3417 1164 3500 palpata,

120 3531 149 3577 et
165 3516 315 3583 machina
331 3517 459 3598 rigidius
474 3529 645 3593 coercente,
660 3537 794 3600 exponas
807 3515 987 3578 ementibus.
1002 3517 1076 3576 Rem
1088 3535 1165 3596 quo-

120 3635 254 3698 cumque
272 3613 366 3675 modo
383 3613 538 3696 duplicem
558 3613 661 3674 facias.
680 3615 732 3674 Sic
746 3615 842 3674 vivam
850 3608 950 3696 jubes,
974 3633 1076 3687 avam
1094 3634 1163 3700 ape,

120 3712 192 3790 leci3
213 3717 313 3776 immo
328 3735 400 3774 vero
410 3712 477 3796 jam
490 3727 550 3788 ter,
565 3711 632 3794 jam
651 3725 774 3794 quater,
788 3710 854 3793 jam
868 3711 965 3774 decies
983 3732 1048 3775 rem
1062 3709 1164 3794 dupli·

122 3813 195 3873 cavi.
216 3811 296 3894 Quid
311 3817 431 3895 postea?
455 3814 563 3894 Ecquis
579 3813 633 3874 erit
653 3813 811 3872 terminus?
829 3811 930 3870 Defini
948 3809 1095 3884 modum,
1113 3810 1162 3868 eui

123 3909 288 3973 insistam...
305 3911 423 3973 Scilicet
437 3913 579 3972 inventus
599 3923 660 3989 est,
682 3910 869 3995 Chrysippc,
892 3911 945 3994 qui
967 3923 1055 3971 tuum
1074 3905 1173 3977 finiat.

123 4008 276 4070 acervum!
