3038 4932
357 407 421 470 302
589 403 624 466 C.
651 403 838 505 Luctum
864 403 1158 470 FRAGMENTA

354 535 477 598 Contra
487 529 698 599 defensorem
710 529 886 598 hominum
896 553 1097 638 morumque
1108 532 1288 616 bonorum,

355 641 587 735 Magnificare¹
603 641 684 723 hos,
697 641 754 710 hisx
763 641 849 710 bene
860 641 963 725 velle,
976 643 1028 716 his
1040 646 1152 714 vivere
1161 649 1319 715 amicum:

354 750 537 819 Commoda
547 765 709 842 praeterea
720 752 837 842 patriae
849 749 911 817 sibi
921 753 1029 842 prima
1043 769 1178 843 putare,

355 862 482 930 Deinde
494 875 689 955 parentum,
701 864 798 930 tertia
806 857 878 956 jam
888 878 1125 957 postremaque
1137 879 1259 934 nostra.

851 977 895 1039 Il.

356 1087 453 1150 Nunc
464 1106 559 1165 vero,
572 1107 593 1148 a
604 1105 702 1148 mane
713 1081 757 1150 ad
769 1098 918 1165 noctem,
931 1083 1016 1150 festo
1027 1099 1128 1177 atque
1139 1085 1301 1176 profesto,

355 1195 462 1258 Tours
475 1194 554 1258 item
566 1193 758 1283 pariterque
770 1187 858 1272 dies,
870 1191 1085 1286 populusque
1097 1207 1275 1288 patresque

355 1305 486 1370 Jactare
497 1299 579 1368 indu
591 1300 666 1367 foro
677 1323 713 1366 se
724 1322 858 1382 omnes,
871 1298 1031 1368 decedere
1042 1325 1229 1395 nusquam,

355 1415 422 1480 Uni
435 1436 471 1479 se
482 1428 582 1506 atque
594 1411 703 1478 eidem
714 1409 826 1478 studio
837 1435 952 1479 omnes
966 1411 1089 1480 dedere
1100 1435 1284 1508 nusquam,

355 1523 422 1588 Uni
434 1544 469 1587 se
481 1536 582 1614 atque
594 1519 703 1588 eidem
715 1517 825 1588 studio
837 1543 954 1590 omnes
966 1520 1089 1590 dedere
1101 1537 1134 1588 et
1144 1524 1226 1602 arti;

356 1630 466 1698 Verba
478 1631 557 1698 dare
569 1648 607 1698 ut
618 1647 715 1698 caute
726 1635 869 1723 possint,
883 1656 1035 1725 pugnare
1046 1631 1179 1713 dolose,

355 1739 518 1810 Blanditia
529 1757 674 1824 certare,
686 1740 815 1809 bonum
829 1740 988 1810 simulare
999 1744 1110 1810 virum
1123 1765 1173 1824 se,

358 1852 498 1921 Insidias
512 1853 637 1935 facere,
649 1868 688 1919 ut
698 1856 727 1920 si
739 1851 851 1922 hostes
866 1856 935 1921 sint
946 1853 1101 1922 omnibus
1114 1874 1230 1920 omnes
1239 1861 1260 1916 ².

843 1966 911 2030 111.

357 2076 514 2141 Graecum
525 2087 574 2157 te,
587 2070 737 2154 Albuti³,
750 2097 852 2168 quam
864 2078 1054 2141 Romanum
1064 2089 1165 2166 atque
1177 2072 1347 2169 Sabinum,

358 2184 565 2274 Municipem
578 2185 692 2265 Ponti,
705 2184 802 2266 Titii,
816 2185 902 2250 Anni
913 2185 1173 2265 centurionum,

358 2291 598 2362 Praeclarorum
609 2293 801 2375 hominum,
813 2318 853 2361 ac
864 2296 1069 2387 primorum3
1085 2293 1344 2388 signiferumque

357 2403 507 2472 Maluisti
517 2401 583 2471 dici
598 2429 605 2469 :
618 2406 733 2470 Graece
746 2426 843 2496 ergo,
857 2408 981 2470 Praetor
994 2401 1152 2486 Athenis,

359 2493 397 2580 Id
409 2513 500 2609 qnod
512 2511 677 2596 maluisti,
692 2530 740 2597 te,
754 2538 860 2608 quum
872 2510 915 2580 ad
927 2536 982 2580 me
994 2510 1129 2595 accedi',
1142 2511 1269 2599 saluto:

357 2646 435 2720 Χαῖρε
445 2627 614 2719 (inquam)
627 2628 702 2693 Tite
717 2652 723 2690 ε
740 2624 889 2704 lictores,
901 2640 1014 2692 turma
1025 2621 1137 2707 omni',
1151 2622 1339 2715 cohorsque

358 2756 451 2829 Χαῖρι,
462 2733 542 2800 hinc
555 2733 660 2800 hostis
675 2737 761 2801 Muti
772 2733 947 2817 Albutius,
963 2733 1043 2800 hinc
1054 2730 1241 2802 inimicust.

848 2849 908 2911 1v.

295 2959 297 2970 ⁴
359 2960 469 3042 Quam
479 2952 590 3046 lepide
604 2953 728 3022 lexeis⁵
743 2961 948 3048 compostaei’
959 2971 997 3022 ut
1008 2954 1181 3024 tesserulae
1192 2975 1325 3032 omnes,

397 3149 419 3184 t.
436 3130 663 3205 Maqniſsccredd.
676 3131 857 3206 quodmapni·
901 3133 1020 3204 loquitur
1033 3144 1160 3203 tanquam
1177 3127 1211 3180 de
1226 3127 1307 3186 docto
1322 3126 1390 3178 etiem

354 3212 460 3284 facem
489 3223 515 3264 et
535 3211 628 3266 eodem
649 3231 728 3266 seusu
748 3225 859 3284 usurpat
902 3213 1015 3278 Grecis,
1036 3207 1077 3262 rel
1096 3211 1186 3281 potius
1203 3225 1281 3278 pane
1299 3206 1389 3258 Greco-

359 3289 449 3342 Plaut.
462 3287 586 3350 Cistellar.
601 3302 626 3343 et
640 3291 721 3344 Stich.
729 3313 739 3352 ,-
755 3291 857 3344 Terent
901 3292 996 3363 Tangit
1010 3304 1036 3344 et
1051 3295 1152 3356 Varro,
1169 3287 1203 3340 dc
1219 3290 1249 3340 R.
1264 3288 1334 3340 linet.
1348 3283 1387 3337 lib.

359 3367 454 3438 Hecyr.
468 3387 502 3422 vs.
515 3369 573 3422 260.
585 3367 664 3440 (Edit.
675 3371 750 3422 Nost.
762 3369 856 3435 volll,
901 3371 950 3434 111,
960 3389 1019 3440 cap.
1039 3385 1066 3423 ιι
1077 3407 1086 3434 ,
1099 3368 1236 3422 Albutium
1251 3361 1390 3437 quemdam·

359 3467 420 3518 pag.
435 3449 509 3520 161.)
900 3451 977 3518 cujus
991 3447 1129 3502 Luciliano
1148 3447 1300 3500 charactere
1317 3439 1390 3496 libelli

394 3529 426 3578 ll.
441 3529 558 3580 Lactant.
570 3529 655 3581 Diria.
670 3529 753 3582 instit.
769 3530 854 3582 v.1x.
901 3541 983 3582 erent.

396 3623 420 3658 a.
435 3606 588 3679 iniquorum
600 3607 767 3664 tenebrosam
776 3608 857 3660 vitam
936 3607 962 3673 4.
985 3606 1058 3659 luter
1079 3606 1193 3658 Matium
1215 3602 1351 3658 Scaevoltm
1366 3611 1389 3652 et

360 3685 555 3756 circumscripte
562 3687 729 3759 breviterque
740 3679 858 3757 depinxit
901 3688 932 3738 T.
945 3686 1084 3738 Albutium
1094 3686 1235 3738 inimicitie
1245 3695 1327 3737 erant.
1335 3677 1387 3730 vid.

360 3763 400 3816 his
412 3763 531 3818 versibus
544 3764 669 3818 Lucilius.
902 3767 956 3818 Cic.
970 3767 999 3818 in
1010 3767 1099 3818 Bruto.

397 3845 440 3896 111.
455 3846 564 3910 Cicero,
585 3843 618 3896 de
640 3843 724 3906 Finib.
748 3844 812 3896 hou.
833 3856 858 3896 et
937 3845 982 3896 tv.
995 3843 1323 3897 demonstratum.

361 3923 421 3976 mal.
436 3921 481 3974 lib.
499 3924 520 3974 1.
535 3924 595 3974 Hac
609 3923 744 3976 citavimus
758 3922 786 3974 iu
798 3939 859 3992 pro·
938 3919 963 3973 5.
981 3923 1083 3988 Leucis,
1102 3941 1117 3976 t
1138 3921 1215 3991 lexis,
1233 3921 1330 3980 lenense
1344 3933 1390 3968 m

361 4001 503 4074 legornenis¹
512 4002 544 4056 de
553 4003 664 4056 Lucilio.
902 4021 1001 4073 green
1015 4003 1032 4054 i.
1045 4019 1174 4068 evoces,
1189 4000 1390 4076 rerba-com·

398 4081 422 4131 3.
434 4083 474 4133 De
484 4081 579 4136 eodem
591 4082 645 4136 Cic.
658 4081 766 4136 declar.
782 4082 856 4134 Orat.
900 4093 993 4152 poete,
1006 4080 1166 4152 compositu.
