3026 4944
352 440 395 506 66
527 437 683 503 VARIAE
705 433 977 501 LECTIONES
1001 437 1063 502 ET
1086 437 1222 506 NOTAE

384 567 451 619 Nur.
475 565 532 618 130.
547 563 660 639 Μετὰ
674 562 791 614 heminae
804 557 891 614 Arreti
904 561 987 616 edilis
1002 562 1112 637 iniquas.
1126 593 1162 608 -··
1172 565 1282 636 Eritis,
1294 581 1401 641 putue-

350 663 409 698 mua
419 645 629 716 magistratuum.
641 640 807 693 AEdilitatem
819 642 889 694 enim
901 641 1017 711 primum
1030 645 1149 695 omnium
1161 662 1300 698 munerum
1311 648 1400 718 ingre-

350 725 501 791 diebantur,
511 725 559 795 qui,
568 720 734 776 accedebant
743 720 778 773 ad
786 719 990 792 rempublicam.
1001 722 1059 774 Vox
1070 727 1195 777 convenit
1204 743 1266 778 cum
1275 725 1316 781 bis
1328 727 1399 782 trata

351 809 461 874 honore,
474 824 541 878 quat
554 805 677 876 superius
691 803 791 875 posuit.
806 831 842 842 —
854 803 969 876 Freqerit
979 802 1097 858 heminas
1109 806 1219 880 iniquae.
1232 808 1332 861 biunna
1343 819 1400 861 erat

350 887 467 942 aedilitati
480 883 636 939 attributum
650 899 742 936 curare
755 899 892 936 mensuras
907 896 1098 952 mercatorum,
1115 898 1145 938 ut
1156 887 1234 956 justae
1249 887 1354 955 forent,
1369 905 1400 940 ac

346 969 421 1038 juste
428 963 741 1038 minoreefronqererttur,
749 961 854 1032 aliaque
861 960 890 1013 id
896 979 980 1032 genna
989 957 1174 1016 minutissima.
1182 965 1276 1018 Juven.
1285 965 1324 1032 X,
1336 981 1400 1019 tote

550 1055 583 1097 hu
591 1051 825 1110 (intromittentem
833 1051 1162 1110 Gabiommqneeeeepoteataat

551 1121 577 1163 Et
583 1120 610 1162 de
617 1131 719 1162 mensura
723 1116 761 1174 jus
769 1118 915 1162 diceretoasa
923 1120 1010 1162 minora

552 1187 666 1242 stanqere
673 1193 784 1241 pennotus
791 1183 864 1226 vacuit
872 1179 954 1227 AEdr'b'r
962 1183 1062 1228 Ulubritt

350 1265 485 1327 Hemina,
506 1277 636 1314 mensure
653 1277 753 1332 genua,
770 1259 827 1329 ejuu
846 1273 907 1310 outo
924 1258 1062 1330 Amphora
1085 1258 1221 1314 relationis
1238 1282 1243 1312 :
1263 1259 1402 1334 Amphora

350 1342 490 1396 constabat
507 1360 521 1394 a
536 1344 628 1408 urnis,
643 1337 685 1392 vel
702 1338 846 1405 dmodiir,
864 1337 907 1390 vel
924 1339 940 1390 8
959 1340 1076 1410 cenqiie,
1095 1338 1137 1392 vel
1153 1341 1187 1409 48
1206 1344 1340 1410 sextariie,
1357 1344 1401 1398 vel

349 1425 384 1494 96
397 1423 519 1490 beminis,
531 1441 589 1495 quae
598 1419 761 1474 vocabantur
770 1435 880 1492 quoqne
892 1419 994 1492 cotylae.
1006 1443 1062 1467 u·-
1071 1418 1158 1474 Arreti
1167 1439 1217 1494 pro
1229 1423 1339 1488 Arretii,·
1349 1427 1402 1477 Ar-

350 1507 456 1573 retium,
466 1505 575 1557 Etruriae
584 1499 755 1575 oppidulum,
768 1500 849 1553 hodie
857 1500 969 1568 Arezao,
979 1499 1051 1553 unde
1060 1501 1245 1555 fuitorlundut
1253 1505 1401 1571 Maecenas

349 1584 472 1638 lictilibue
483 1583 547 1636 olim
559 1581 678 1648 celebre,
688 1595 717 1633 ut
727 1580 820 1634 eeribit
830 1579 929 1633 Plinius
942 1593 1107 1654 testaturque
1116 1583 1245 1638 Martialis
1254 1587 1323 1653 XIV,
1332 1587 1377 1657 98.

380 1736 439 1781 Van.
459 1733 509 1781 131.
523 1734 572 1778 Nec
582 1734 623 1796 qui
632 1729 702 1776 abaco
711 1745 816 1798 current
826 1737 848 1775 et
858 1737 918 1775 secto
930 1731 953 1774 r'rr
962 1728 1059 1792 pulvere
1068 1739 1146 1777 metas¹
1159 1757 1189 1768 -
1199 1734 1227 1778 ln
1237 1733 1303 1781 deest
1313 1736 1340 1782 in
1350 1751 1402 1782 ma-

349 1807 468 1868 nuscripto
481 1805 540 1852 tots
554 1816 577 1850 et
588 1805 613 1848 in
628 1803 781 1849 returtiraima
793 1802 911 1854 emnium,
926 1816 984 1868 quar
995 1797 1079 1847 habeat
1090 1805 1147 1865 lieg.
1162 1803 1271 1852 biblioth.
1286 1805 1401 1854 editione.

348 1879 405 1938 Quor
416 1877 485 1924 lectio
497 1889 520 1924 et
530 1877 580 1938 ipra
591 1873 687 1938 probari
698 1885 783 1937 potest.

383 1967 450 2019 Nor.
467 1964 524 2018 131.
537 1964 592 2017 Nec
603 1966 651 2038 qui
661 1965 742 2017 abaco
756 1979 875 2015 nummos
886 1973 912 2013 et
921 1971 988 2014 secto
1001 1961 1028 2012 irt
1038 1960 1149 2034 pulvere
1159 1975 1241 2018 metas
1251 1965 1307 2018 Scit
1321 1967 1402 2020 rist'tre

348 2047 429 2118 vafer.
440 2077 474 2086 -
485 2049 542 2098 Neo
555 2045 619 2098 mihi
630 2046 730 2097 ferveat
741 2041 921 2096 Arithmeticae
932 2041 1028 2114 (quam
1042 2042 1164 2117 intelligit
1176 2064 1226 2118 per
1238 2065 1359 2100 numeros
1372 2049 1401 2100 irc

347 2123 442 2199 abaco)
454 2145 503 2180 nec
515 2128 671 2181 Geometrie
682 2124 780 2198 (quam
791 2123 921 2195 signifieat
934 2143 982 2196 per
994 2137 1074 2178 metas
1086 2126 1114 2178 in
1124 2126 1323 2202 pulveresecto)
1334 2149 1403 2182 con·

348 2220 470 2279 temptor.
483 2209 548 2259 Dura
558 2219 647 2260 autem
658 2205 698 2258 he
711 2205 857 2278 diaciplinte
867 2223 917 2274 pro
929 2205 1053 2258 omnibus
1065 2206 1166 2260 artibus
1179 2208 1334 2263 liberalibus
1347 2231 1401 2284 po-

347 2289 402 2340 eitae
416 2302 487 2341 eunt.
498 2319 535 2329 —
547 2289 652 2341 Abocru
665 2300 720 2339 erat
731 2285 846 2352 tabella,
858 2277 969 2356 pulvere
979 2286 1020 2338 vel
1035 2304 1115 2339 arena
1127 2307 1233 2360 aparte,
1247 2292 1275 2342 in
1288 2307 1341 2362 qne
1356 2311 1401 2344 ra-

348 2367 393 2420 dio
404 2371 506 2421 numeri
517 2382 543 2421 ct
554 2368 642 2439 ligure
651 2368 852 2430 scribebantur;
863 2380 925 2418 nant
935 2366 1032 2439 ligurus
1042 2367 1240 2422 mathematicae
1252 2371 1280 2424 in
1290 2373 1403 2443 pulvere

346 2461 410 2501 tunc
425 2447 534 2520 depingi
549 2446 625 2502 radio
640 2447 725 2500 colere
740 2445 835 2500 netum
852 2459 900 2499 eat.
916 2446 982 2499 inde
998 2448 1055 2500 Cio.
1070 2450 1178 2503 Turoni.
1194 2451 1288 2518 Queat.
1301 2455 1334 2520 V,
1353 2453 1402 2520 23,

346 2542 425 2581 vocat
433 2528 618 2582 Archimedem
631 2551 638 2580 ε
656 2527 878 2581 ιΗοωιιηοιιΙιιω
893 2545 909 2578 a
918 2525 1027 2598 puluere
1040 2541 1067 2582 et
1080 2527 1166 2582 radio.
1177 2553 1189 2578 ι
1202 2531 1293 2603 virgil.
1307 2531 1401 2604 Eulog.

346 2613 395 2676 ΙΙΙ,
409 2613 439 2680 41
451 2651 456 2662 Ι
549 2680 734 2737 Deeoriptitradr'e
742 2688 814 2723 totum
822 2679 859 2735 qni
867 2678 969 2736 pentibus
976 2680 1060 2724 orbem.

346 2785 382 2796 -
394 2755 491 2821 Metus,
505 2755 590 2808 lineae
600 2773 658 2826 qun
669 2765 731 2804 eunt
740 2753 822 2804 veluti
834 2763 909 2805 metu
920 2767 947 2806 et
959 2751 1038 2820 linea,
1047 2752 1143 2825 quibne
1154 2759 1325 2826 componitur
1332 2777 1404 2831 qute-

347 2833 412 2887 libet
425 2837 508 2906 ligura
521 2847 548 2886 et
559 2837 720 2886 terminatur.
734 2861 770 2872 -
780 2833 836 2885 Scit
848 2834 929 2887 risisse
942 2833 1023 2906 vafer.
1038 2837 1088 2886 Pro
1100 2855 1106 2886 t
1123 2834 1192 2889 uolet
1206 2837 1247 2889 vel
1260 2852 1350 2910 potest
1363 2842 1402 2893 ri-

347 2915 419 2969 dere.
435 2916 526 2988 Vafer,
541 2914 570 2966 id
582 2927 634 2980 eet,
646 2914 762 2966 facetum
775 2927 802 2966 et
814 2912 933 2985 lepidum
944 2931 973 2966 ee
985 2927 1098 2986 putaue3
1113 2917 1260 2991 inqeniotau
1275 2929 1301 2971 et
1318 2921 1402 2974 mali-

348 2999 433 3050 rtasus.

382 3097 451 3148 Nor.
484 3092 540 3145 132.
563 3090 681 3144 Multum
699 3091 812 3165 paudere
827 3102 942 3163 paratru.
963 3119 1000 3132 -—
1019 3091 1120 3164 Lepide
1140 3096 1262 3166 exprimit
1279 3110 1402 3150 craesum

347 3175 428 3226 ictum
447 3173 549 3234 risum,
570 3171 599 3221 in
615 3184 692 3241 quern
709 3167 800 3223 stolidi
820 3172 910 3242 inepte
931 3171 1088 3233 solvuntur3
1110 3185 1218 3244 paratae
1237 3187 1263 3227 et
1284 3175 1402 3228 multem

347 3249 467 3303 feliciora
488 3249 553 3303 mibi
569 3246 700 3302 videntur.
718 3249 820 3302 iudicat
833 3251 904 3302 enim
915 3263 1024 3322 parattu
1033 3249 1108 3304 haud
1124 3253 1160 3304 ite
1176 3252 1254 3306 t‘acile
1272 3255 1401 3326 pinguem

347 3329 481 3382 huminem
493 3330 591 3395 ridere,
604 3327 652 3381 aed
662 3341 788 3403 tanquam
800 3347 855 3382 rem
867 3331 986 3402 cupitam
997 3345 1186 3398 consecutum,
1197 3349 1252 3385 non
1262 3333 1331 3386 intre
1342 3353 1403 3387 mn-

225 3423 231 3435 ¹
347 3409 424 3477 dum,
439 3409 487 3464 ced
501 3409 614 3462 multum
626 3410 746 3482 pmtdere.
760 3409 886 3478 Paratus,
900 3425 983 3483 grace
998 3407 1099 3466 iub-'e
1122 3412 1219 3464 Noster
1238 3414 1265 3464 in
1280 3415 1330 3479 Vl,
1349 3415 1399 3468 36:

351 3493 477 3544 nitescire
488 3502 626 3565 paratae.»

298 3601 302 3606 “
382 3590 450 3643 Nor.
473 3589 530 3643 133.
546 3590 577 3643 Si
591 3591 688 3660 Cynico
703 3591 807 3643 barbam
818 3589 940 3664 petulans
955 3592 1067 3644 nonaria
1083 3591 1170 3644 vellat.
1183 3593 1283 3660 -Qui
1299 3591 1400 3646 abhor-

347 3663 441 3724 rebant
451 3691 466 3724 a
475 3671 627 3724 Graecorum
636 3669 797 3743 disciplinis,
807 3673 825 3723 ii
834 3669 1021 3743 philosophae,
1032 3675 1079 3743 qui
1089 3691 1104 3724 a
1115 3671 1212 3724 Graecia
1226 3673 1338 3725 Romana
1348 3673 1398 3726 im-

347 3751 511 3822 migrabant,
527 3750 643 3803 ludibrio
658 3749 810 3813 habebam
828 3749 901 3823 quod
915 3752 942 3803 in
961 3737 1002 3807 bis
1016 3752 1133 3805 renibus
1152 3753 1254 3804 Persius
1270 3752 1398 3806 ostendit.

345 3833 383 3884 Ea
395 3846 484 3884 autem
496 3845 573 3886 aetate
585 3831 706 3903 plerique
719 3830 874 3904 Philosophi
881 3830 923 3884 vel
932 3832 1013 3885 Stoici
1024 3845 1111 3899 erant,
1121 3832 1163 3884 vel
1174 3833 1279 3902 Cynici.-
1291 3851 1327 3886 ee
1337 3830 1398 3886 due

230 3952 235 3972 .
345 3926 424 3967 tectu
432 3929 490 3967 tum
502 3914 641 3991 vigebant,
651 3917 751 3968 caeteris
764 3913 927 3984 jacentibus,
940 3915 1098 3987 quibusdam
1112 3915 1191 3966 etiam
1202 3933 1288 3986 prope
1300 3916 1398 3968 exstin-

346 3995 405 4048 ctio.
413 3993 519 4065 Ubique
528 4013 606 4062 vero,
615 4013 670 4046 nou
677 3996 762 4048 solum
771 3995 874 4060 Rome,
885 3996 1040 4066 Cynicorum
1049 4012 1146 4066 magna
1154 3993 1248 4046 vilitat.
1259 3994 1307 4046 His
1314 3991 1395 4065 vulgo

346 4085 439 4126 emnee
457 4071 624 4136 illudebant,
645 4092 691 4126 eoa
710 4072 894 4144 percutiebant
915 4088 941 4128 et
958 4077 1037 4128 variis
1056 4073 1225 4128 contumeliis
1243 4071 1395 4136 vexabant3

346 4151 417 4223 quod
429 4157 463 4208 ne
474 4157 539 4226 ipsit
551 4154 658 4228 quidem
669 4151 822 4208 nolentibua
834 4155 982 4221 iaciebant,
997 4173 1080 4228 quum
1096 4157 1152 4208 nati
1166 4153 1200 4208 ad
1212 4153 1327 4226 gloriam
1340 4153 1394 4206 ho-
