3176 4954
420 475 481 538 ax
504 475 648 542 cinno
672 475 770 540 xxx
794 475 938 540 cirin.
1133 479 1195 564 4²7

639 601 722 665 LIV.

162 727 204 789 Et
213 716 444 789 maledicendo
456 715 569 784 multis
582 715 783 786 sermonibu'
797 715 922 784 differs.

468 909 475 918 ,
647 843 714 906 LV.

164 956 337 1027 Haedum
348 981 403 1025 me
415 933 604 1037 insimulas,
617 981 731 1024 nonne
742 922 819 1025 aitte
831 959 866 1028 iu
877 955 977 1026 corde
991 955 1140 1025 volutas?

642 1079 725 1142 LVI.

167 1205 243 1292 Ipso
255 1221 332 1268 cum
344 1196 480 1265 domiuo
493 1197 582 1266 calce
597 1221 714 1265 omnes
728 1199 947 1266 excutiamus.

635 1309 736 1382 LVII.

166 1437 213 1502 Ut
224 1433 326 1502 semel
337 1437 372 1501 in
384 1433 455 1502 caeli
466 1457 598 1528 pugnas
609 1451 643 1501 te
655 1431 812 1502 invadere
824 1432 900 1501 vidi.

507 1588 526 1631 ι
626 1557 746 1621 LVIII.

167 1671 308 1738 Virtutis
319 1670 392 1741 haec
403 1688 470 1742 tuae
481 1674 561 1741 artis
576 1687 794 1741 monumenta
806 1671 970 1740 locantur.

643 1798 729 1862 LIX.

170 1915 229 1982 His
241 1929 273 1983 te
284 1914 435 1984 versibus
447 1917 575 1984 interea
586 1912 753 1984 contentu’
765 1929 887 1982 teneto.

653 2037 722 2100 LX.

172 2149 365 2218 Producuut
376 2173 430 2218 me
443 2150 487 2219 ad
498 2166 546 2234 te,
559 2149 619 2218 tihi
632 2148 772 2250 me'haec
784 2145 959 2217 ostendere
971 2161 1103 2239 cogunt.

646 2273 731 2337 LXI.

173 2390 295 2474 Quanti
306 2411 368 2456 uos
379 2389 502 2458 faciant
513 2393 607 2474 socii,
622 2414 727 2485 quum
740 2413 877 2482 parcere
889 2405 1041 2481 possunt.
1093 2441 1099 2448 .

642 2515 745 2578 LXII.

174 2629 216 2693 Et
226 2629 348 2704 virtute
359 2644 436 2712 tua,
449 2648 483 2699 et
493 2629 592 2700 claris
607 2631 794 2700 conducere
806 2629 940 2698 chartis.

635 2756 753 2822 LXIII.

175 2866 274 2952 Quod
286 2891 348 2936 sua
360 2873 573 2940 committunt
583 2871 715 2940 mortali
727 2870 872 2947 claustra
883 2874 1058 2937 Camoenae.

638 2997 753 3060 LXIV.

180 3105 251 3171 Hoc
263 3107 362 3174 etiam
373 3112 485 3204 accipe
498 3111 589 3206 quod
602 3111 676 3180 dico
689 3136 695 3176 :
709 3134 790 3178 nam
800 3111 945 3202 pertinet
956 3106 999 3174 ad
1011 3129 1092 3174 rem.

216 3289 280 3342 LIV.
293 3288 395 3346 Nonius
409 3315 414 3343 :
430 3295 562 3368 Differre,
576 3295 677 3350 divide·
720 3299 770 3348 Pro
791 3305 953 3358 contentum,
970 3291 1136 3350 nominativo
1156 3307 1219 3346 utus

177 3391 218 3438 re,
232 3367 274 3422 vel
285 3370 413 3424 scindere.
723 3389 761 3429 est
773 3374 992 3446 proeocusatiro.

211 3450 265 3502 LV.
281 3449 409 3504 Nouius:
433 3449 465 3504 V
462 3451 577 3520 ululare,
602 3453 676 3522 cogi·
756 3456 811 3506 LX.
828 3455 931 3508 Nonius
947 3474 953 3503 r
972 3451 1132 3516 Podarcen,
1150 3451 1221 3504 foras

177 3531 277 3582 tatione
291 3531 453 3602 perquirere.
541 3539 544 3545 ’
724 3531 828 3584 ducere.

211 3609 276 3661 LVI.
289 3607 393 3662 Nonius
407 3631 413 3661 ι
427 3611 570 3680 Excutere,
587 3609 675 3663 exclu-
758 3611 824 3662 Lxl.
837 3608 939 3671 Nouius
953 3628 960 3657 ι
979 3606 1106 3672 Parcere,
1122 3617 1161 3661 est
1178 3621 1222 3659 ve·

180 3685 256 3753 dere,
273 3687 396 3758 dejIeere.
724 3691 795 3741 uiam
809 3687 880 3740 dare.

213 3768 289 3820 LVII.
302 3767 406 3820 Nonius
417 3789 423 3819 ε
436 3769 574 3830 Incedere,
588 3782 626 3822 eet
636 3787 680 3840 ap·
758 3768 837 3820 an.
851 3767 969 3820 nonin:
982 3763 1142 3829 eandoem«,
1158 3777 1224 3812 con-

181 3858 301 3917 potenter
312 3848 438 3919 incipere.
724 3861 833 3902 uertere.

215 3925 301 3978 LVIII.
316 3927 439 3980 Nonius:
455 3927 565 3991 Loeare,
584 3926 682 3978 consti·
759 3925 848 3978 LXIII.
857 3925 974 3978 Nouius:
989 3917 1224 3980 Commttemcre

183 4016 262 4057 tuere.
726 4002 796 4056 dere.

120 4117 124 4122 -
215 4075 564 4138 m.1t0nius:'c0ntentm
575 4081 681 4148 dieitur,
759 4083 849 4134 LXIV.
873 4082 995 4137 Nouius:
1020 4071 1156 4143 nauperes
1177 4085 1224 4125 ³¹¹·

181 4167 224 4216 eui
242 4184 282 4218 ret
304 4167 382 4218 otiam
404 4185 484 4236 parva
506 4163 611 4218 abunde
632 4177 679 4218 eet.
726 4161 790 4214 dire.
