2970 4936
1018 261 1051 336 k

357 413 399 502 ,s
528 403 685 469 visin
708 371 979 470 suessones
1002 405 1065 470 ss
1087 349 1224 471 noun

354 549 450 591 statur.
458 531 591 600 -Longe
602 529 720 599 apertior
729 529 757 580 in
766 527 818 581 boc
829 547 912 601 opere
922 547 1030 596 sensus,
1039 547 1121 602 quam
1130 531 1159 581 in
1168 531 1314 601 superiore.
1325 527 1406 582 Unde

353 617 440 671 libens
451 609 589 682 colligum,
602 611 720 662 Persium
729 607 771 660 vel
783 607 930 662 scribenda
943 613 1029 662 satire
1043 609 1215 678 difficultate,
1229 610 1270 664 rel
1285 609 1406 663 abscon-

354 694 436 751 dendi
445 711 502 765 quac
515 691 622 743 sentiret
631 691 796 742 necessitatis
807 687 930 757 fastidio,
943 708 957 741 a
968 692 1059 760 priore
1071 690 1205 743 scribendi
1214 709 1310 762 genere
1319 688 1408 741 deter-

352 780 448 840 ritum,
460 771 494 824 ssl
507 772 639 822 mitiorem
651 769 852 841 facilioremque
865 771 1014 823 orationem
1027 789 1085 825 sese
1097 770 1271 824 transtulisse.

389 855 483 906 Varios
497 852 525 901 iu
537 849 615 900 variis
632 849 822 920 manuscriptis
833 847 919 902 Codd.
933 853 1048 922 reperire
1062 864 1101 904 est
1117 850 1222 916 titulos,
1238 852 1325 902 satire
1342 846 1406 899 huic

354 935 505 1003 inscriptos.
518 929 627 980 Praefert
639 927 708 982 8055
716 940 742 980 et
748 925 794 979 alii
802 927 984 982 nonnullizad
989 931 1140 983 Macrinum
1148 931 1263 1001 amicum
1270 927 1392 982 Plotium
1397 949 1407 989 ,-

353 1015 456 1069 babent
466 1008 560 1062 Pithoei
569 1031 575 1060 r
584 1009 697 1062 Debona
708 1019 794 1060 merite
799 1032 809 1071 ,·
818 1011 930 1062 Puteani
938 1029 1002 1062 sero
1013 1033 1019 1060 :
1030 1012 1070 1063 De
1081 1013 1140 1063 vitoe
1152 1011 1296 1074 honestate,
1309 1021 1406 1061 ete...

355 1113 414 1166 quae
427 1093 485 1163 ipsa
498 1089 680 1140 inconstantis
694 1099 850 1160 argumento
862 1103 916 1156 est,
931 1107 987 1142 non
1005 1107 1062 1142 esse
1073 1088 1133 1142 illos
1146 1091 1228 1143 Persii
1240 1089 1346 1156 titulos,
1361 1086 1408 1142 sed

353 1174 525 1227 librariorum
536 1166 576 1219 sel
589 1166 731 1218 editorum.
742 1167 871 1220 Caeterum
883 1169 911 1220 hi
924 1167 994 1220 tituli
1004 1188 1061 1221 non
1072 1168 1147 1240 quod
1156 1170 1250 1222 solunt
1262 1185 1410 1240 assequun-

354 1267 412 1317 tur,
424 1248 571 1320 meliusque
584 1248 670 1320 possit
681 1244 745 1299 huic
759 1248 845 1300 satira
858 1246 986 1300 inscribi:
999 1249 1039 1300 De
1049 1250 1200 1312 macoma,-
1212 1267 1283 1321 quae,
1296 1247 1409 1300 Platone

356 1352 388 1386 sc
399 1328 488 1384 Tullio
501 1324 628 1393 testibus,
640 1337 680 1380 est
691 1326 799 1378 scuntia
810 1324 979 1379 colendorum
990 1328 1116 1380 Deorum.

390 1483 471 1533 Noun
487 1495 509 1528 ι.
529 1475 622 1538 Hunc,
636 1475 772 1540 Macrine,
786 1475 865 1528 diem.
879 1503 916 1515 -
929 1477 995 1544 Quis
1007 1475 1089 1528 fuerit
1099 1475 1145 1530 ille
1156 1477 1300 1540 Macrinus,
1311 1493 1408 1548 parunt

355 1572 468 1616 constat.
479 1555 577 1610 Plinius
586 1555 687 1620 minor,
696 1554 781 1624 Epist.
789 1555 814 1620 l,
826 1555 872 1623 si,
881 1557 1001 1608 meminit
1010 1557 1117 1608 Minutii
1128 1556 1243 1610 Macrini
1253 1554 1411 1626 cujusdam,

355 1646 399 1698 eui
408 1639 495 1716 patria
506 1637 586 1688 fuerit
598 1635 702 1701 Brixia,
716 1635 793 1706 cujus
805 1647 882 1707 pater
892 1636 1020 1689 Minatius
1030 1637 1166 1690 Macrinus
1177 1638 1298 1710 equestris
1311 1639 1411 1690 ordinis

353 1725 488 1800 princeps,
500 1719 562 1791 quia
574 1715 644 1768 nihil
654 1712 734 1770 altius
744 1713 840 1783 voluit,
854 1717 953 1790 quique
962 1719 1020 1789 ipse
1032 1717 1141 1772 allectio
1152 1730 1188 1771 est
1200 1738 1217 1770 a
1229 1718 1297 1772 Diuo
1313 1719 1341 1773 V
1337 1737 1410 1791 etpu-

353 1805 427 1861 siano
443 1803 511 1854 inter
521 1799 661 1872 praetorios.
676 1795 809 1868 Equidem
821 1811 941 1868 tempora
953 1796 1019 1850 nihil
1033 1797 1155 1864 obstant,
1170 1801 1235 1869 quin
1248 1813 1411 1852 memor-atus

354 1883 502 1940 honorilice
515 1877 600 1931 Plinio
612 1877 750 1931 Macrinus
762 1877 832 1930 idem
843 1878 888 1930 ille
901 1881 948 1945 sit,
962 1877 997 1932 sd
1008 1897 1085 1950 quem
1099 1878 1169 1932 banc
1183 1882 1291 1932 satiram
1305 1881 1410 1933 Persius

355 1965 498 2036 scripserit.
512 1961 644 2012 Neronem
660 1960 730 2010 euim
744 1960 814 2010 inter
826 1972 851 2011 et
861 1961 1056 2032 Vespasianum
1068 1975 1121 2012 tres
1136 1973 1241 2014 tantum
1253 1962 1316 2012 anni
1327 1962 1412 2014 inter·

354 2062 467 2100 cessere.
489 2037 649 2092 scholiastes
670 2057 734 2090 vero
754 2039 837 2091 Persii
858 2041 895 2092 sic
915 2044 1069 2092 annotarit:
1092 2063 1104 2087 s
1116 2037 1268 2111 Alloquitur
1288 2041 1409 2095 Plotium

354 2123 520 2186 Macrinum,
534 2117 670 2168 bominem
688 2136 753 2170 saue
768 2119 901 2172 eruditum
917 2134 943 2172 et
959 2134 1071 2191 paterno
1084 2139 1112 2173 se
1127 2121 1227 2173 ellectu
1239 2119 1410 2191 diligentem,

355 2207 402 2278 qui
411 2205 439 2255 iu
447 2199 529 2252 domo
539 2196 641 2251 Servilii
651 2196 794 2260 didicerat;
805 2218 819 2251 a
831 2217 884 2272 quo
895 2199 1009 2270 agellum
1019 2207 1233 2271 comparaverat,
1242 2200 1351 2252 indulto
1361 2199 1411 2254 sibi

354 2285 442 2358 pretio
451 2282 613 2351 aliquantos
621 2278 699 2330 Unde
707 2278 768 2330 licet
776 2280 1243 2351 conjicias,aliumluisseMinutium
1249 2283 1412 2349 Mser-inunt,

355 2365 390 2419 (le
404 2382 457 2438 quo
469 2358 616 2413 honorifice
628 2359 727 2412 Plinius
741 2358 874 2432 loquatur,
890 2361 971 2414 alium
983 2361 1101 2416 Plotium
1113 2364 1279 2428 Matrinum,
1293 2379 1411 2434 quocum

355 2443 490 2500 studuerit
502 2443 607 2494 Persius
619 2437 691 2512 apud
703 2439 841 2494 Servilium
851 2441 1022 2508 Numanum,
1034 2456 1061 2494 et
1075 2442 1109 2494 sd
1125 2459 1203 2514 quem
1218 2444 1328 2494 satiram
1342 2441 1412 2495 banc

357 2525 500 2598 scripserit.
516 2551 549 2562 —
559 2519 640 2572 Hune
650 2521 735 2584 diesn,·
747 2520 863 2575 natalem
875 2521 989 2588 scilicet,
1004 2535 1033 2574 ut
1045 2541 1060 2575 s
1072 2541 1150 2578 versu
1162 2523 1315 2593 insequenti
1326 2525 1413 2576 mani·

355 2597 453 2660 festum
471 2615 517 2655 est.
531 2602 621 2670 Quum
636 2614 707 2654 essct
720 2604 801 2653 moris
817 2601 875 2654 dies
890 2602 1038 2654 amicorum
1051 2601 1152 2656 natales
1163 2603 1281 2656 muneris
1295 2604 1414 2657 miniu-

355 2688 432 2739 tione
442 2680 633 2744 cohonestare,
646 2681 717 2733 soliti
727 2693 788 2732 sunt
797 2683 846 2733 viri
856 2681 931 2733 docti
940 2681 1069 2752 opuscula
1079 2701 1126 2736 sus
1137 2680 1173 2736 sd
1181 2685 1282 2736 amicos
1293 2683 1414 2738 eruditos

355 2765 469 2820 natalitii
482 2760 560 2814 titulo
573 2760 686 2812 mittere.
700 2760 760 2811 vid.
773 2762 955 2814 Prrefatiouem
968 2760 1030 2814 libri
1042 2782 1120 2835 quem
1133 2765 1238 2836 scripsit
1249 2763 1416 2818 Censorinus

356 2847 387 2901 cle
396 2841 490 2898 Natali
501 2841 559 2893 Die.
569 2839 674 2892 Summa
685 2838 813 2912 religione
824 2841 907 2894 natali
916 2841 958 2894 die
968 2855 1031 2896 vota
1041 2843 1260 2916 suscipiebantur
1270 2845 1299 2896 in
1311 2859 1415 2896 sunum

355 2926 519 3000 proximum,
535 2934 580 2971 aut
592 2919 682 2990 plures
695 2936 850 2990 sequentes;
862 2919 924 2974 inda
936 2923 1016 2976 sumit
1028 2926 1179 2994 argumenti
1191 2921 1326 2976 tractandi
1338 2943 1416 2978 occa·

356 3005 461 3058 sionem
473 2999 586 3052 Persius.

391 3093 460 3144 Nor.
479 3107 539 3156 1,2.
559 3087 676 3142 Numero
691 3090 799 3142 meliore
816 3087 925 3160 lapillo,
941 3092 994 3162 Qui
1009 3092 1056 3146 tilii
1071 3091 1183 3144 labentes
1193 3091 1305 3163 apponit
1318 3091 1415 3143 eundi·

356 3173 404 3226 dus
414 3187 505 3223 annos.
516 3198 551 3207 -
560 3165 635 3220 Nihil
644 3167 712 3220 ultra
726 3166 790 3220 disis
797 3187 880 3239 quam
889 3192 897 3221 a
906 3171 940 3223 sit
945 3172 1051 3243 fausuu
1060 3170 1157 3226 natalis
1168 3175 1239 3223 tuus!
1248 3170 1414 3224 &atentiam

356 3270 420 3304 sero
432 3249 561 3320 expressit
570 3267 601 3300 ex
614 3246 668 3302 hoc
678 3266 744 3314 usu,
756 3267 812 3320 quo
821 3252 931 3304 Veteres
941 3248 1015 3304 letas
1024 3269 1065 3304 res
1076 3249 1141 3303 albo
1150 3249 1294 3318 notabunt,
1304 3265 1414 3305 moestss

356 3343 424 3384 atro.
437 3326 552 3381 Martial.
564 3328 641 3398 Epiq.
655 3325 704 3394 lX,
716 3327 765 3381 53:

615 3413 772 3472 Pelisutraque
780 3415 998 3472 lu1,diesqusnobis
1010 3443 1012 3448 .

615 3479 718 3538 Signandi
725 3484 850 3526 melioribus
858 3484 948 3540 lapillis.

356 3559 475 3626 Persius,
489 3559 560 3611 satir.
573 3557 610 3623 V,
626 3557 691 3610 108:
755 3625 758 3635 .
841 3620 846 3630 ¹

556 3645 595 3690 illa
605 3647 665 3704 prius
674 3656 745 3702 oren,
756 3660 807 3691 mos
817 3648 862 3692 bac
872 3649 967 3694 carbone
976 3648 1064 3694 ansus.

356 3721 470 3777 Secutus
481 3718 636 3790 Horatium,
648 3719 695 3773 lib.
708 3724 745 3789 Π,
757 3735 808 3774 sat.
818 3721 852 3789 3,
865 3721 930 3789 246:
985 3713 989 3718 ’

648 3811 711 3854 Creta
718 3823 746 3854 su
754 3812 849 3854 carbone
856 3810 962 3870 usundi

356 3889 426 3943 Hinc
437 3887 498 3942 albo
509 3906 618 3962 quoque
627 3886 732 3941 calculo
742 3886 890 3954 absolutio,
900 3889 1046 3961 niqrosero
1053 3888 1191 3945 Munatio
1200 3891 1407 3964 significabatur.

356 3970 435 4026 ovid.
447 3966 626 4039 Metamorph.
637 3967 695 4036 XV,
705 3967 735 4034 41
746 3990 752 4020 :

555 4055 960 4116 Moseratsutiquus,niueisatrisqsse
968 4057 1066 4113 lapillis,
1088 4064 1089 4067 ’

557 4121 593 4165 llis
600 4124 704 4166 damnare
712 4135 768 4174 reos,
775 4121 818 4166 illis
825 4122 936 4168 absolvers
943 4124 1021 4182 culpe.
