3116 4934
378 375 444 441 soc
640 341 790 440 runux
809 371 1034 440 conrcuu
1057 375 1154 442 uss.

376 498 439 558 lem
450 494 738 558 continet'Persium
747 495 780 554 in
792 514 857 555 uuo
868 495 970 572 codice
981 492 1140 558 chartaceo
1154 511 1311 560 constante
1324 519 1356 558 ra
1367 500 1406 561 fo
1501 485 1502 548 i

378 597 445 672 liis,
461 596 531 656 XIV
545 615 613 656 saec.
625 605 792 654 exaratum.

458 767 505 826 ²9·
527 744 622 806 Codex
628 792 639 821 ,
653 747 688 804 u·
705 743 861 820 ris-40⁶.

377 871 628 934 Membrauaceus
642 869 720 946 intr
733 868 887 951 oblongo,
899 871 1195 948 constansfiololiis,
1210 874 1264 933 XV
1273 893 1341 934 saec.
1352 894 1412 933 exa·

378 984 461 1029 ratus
477 969 632 1050 eleganter
645 965 815 1028 charactere
833 966 981 1044 Gothico;
998 981 1141 1030 ceterum
1154 991 1264 1052 parum
1279 970 1360 1031 lectu
1372 971 1413 1030 fa·

377 1068 443 1129 cilis
467 1081 595 1150 propter
619 1067 780 1127 innumera
808 1087 917 1127 vocum
936 1067 1130 1149 compendia.
1157 1069 1182 1126 E
1206 1068 1292 1129 bono
1317 1083 1413 1128 tamen

378 1165 488 1226 duetus
498 1164 618 1226 videtur
629 1164 778 1249 exemplo.
788 1163 888 1226 Habet
898 1164 1078 1227 iuvenalem
1087 1180 1116 1226 et
1127 1166 1265 1226 Persium
1275 1167 1415 1246 integros.

459 1315 507 1378 30.
529 1315 640 1392 Codex,
658 1321 693 1376 n'
714 1313 869 1393 ult—402

380 1438 564 1503 chartaceus
582 1437 659 1516 ἱππ-6ο
674 1460 791 1522 parv0,
810 1453 952 1502 constans
971 1440 1029 1500 236
1043 1438 1144 1517 foliis,
1158 1442 1214 1501 XV
1231 1461 1300 1504 saec.
1318 1441 1417 1502 leviter
1501 1467 1502 1550 g

380 1557 437 1597 nee
451 1558 514 1597 non
532 1536 686 1619 eleganter
700 1549 854 1612 exaratus,
869 1535 955 1617 cujus
975 1536 1125 1619 scriptura
1144 1537 1215 1597 satis
1232 1537 1416 1610 reiensem,

379 1655 474 1717 quam
489 1656 574 1696 nuuc
586 1654 729 1694 vocamus
740 1629 881 1714 anglaise.
893 1635 1039 1693 Continet
1052 1632 1224 1694 Omniboni
1235 1649 1418 1696 commenta·
1501 1675 1502 1720 g

380 1733 463 1793 rium
476 1734 509 1792 in
523 1729 714 1791 iuvenalem.
729 1731 788 1790 llic
803 1743 847 1789 est
860 1727 1041 1790 Omnibonus
1051 1731 1234 1790 leonicensis
1247 1733 1311 1792 sive
1326 1733 1417 1813 potius

381 1831 418 1892 P.
429 1832 477 1892 Fr.
492 1827 626 1910 Omoiloy
639 1841 693 1889 aut
705 1825 818 1908 Molloy
829 1827 1021 1908 (anibuono
1028 1873 1039 1904 ,
1053 1829 1246 1905 Leonieenus,
1262 1829 1296 1890 h.
1309 1851 1336 1890 e.
1350 1834 1420 1892 Leo·

381 1929 469 2003 nicee,
478 1948 550 2010 opp.
560 1927 676 1988 Vicent.
688 1922 760 1984 hod.
773 1925 908 2005 Luuigo‚
918 1936 1019 1999 natus,
1030 1924 1255 2002 Grammaticus
1261 1926 1336 1986 Saec.
1346 1927 1418 1998 xvl,

382 2039 524 2086 mortuus
533 2047 605 2087 ann.
624 2023 714 2102 1524)
728 2023 859 2084 Hiberus
867 2021 1033 2098 Matienus,
1048 2020 1167 2084 ordinis
1181 2027 1257 2085 inin.
1270 2023 1419 2086 strictob-
1501 2087 1502 2094 χ

382 2142 458 2183 serv.
469 2113 642 2202 in'collegio
652 2122 679 2181 S.
693 2119 802 2180 Isidori
814 2117 852 2179 de
862 2117 938 2178 urbe
947 2119 974 2178 S.
985 2115 1041 2177 rh.
1053 2118 1132 2201 prof.
1144 2121 1325 2202 primarius,
1335 2121 1420 2182 lector

381 2219 529 2302 jubilatus
543 2232 574 2281 et
586 2220 752 2301 provincia
771 2217 926 2279 Hiberniae
941 2219 975 2276 in
989 2219 1074 2279 curia
1087 2221 1174 2280 Rom.
1193 2240 1288 2302 agens
1302 2239 1419 2303 genera·
1501 2261 1502 2328 g

383 2317 420 2378 lis
439 2316 569 2399 (scripsit
588 2329 699 2398 praeter
717 2314 778 2376 alia
795 2315 1028 2376 commentarios
1045 2315 1079 2374 in
1096 2316 1297 2394 iuvenalem,
1320 2315 1419 2377 Sallus·

384 2417 483 2492 uum,
503 2417 682 2490 Lucanum,
697 2412 856 2476 Valerium
875 2414 1061 2488 Maximum,
1081 2411 1313 2489 Quintilianum
1331 2410 1419 2475 etali-

386 2525 462 2596 quot
473 2512 628 2573 Ciceronis
642 2510 735 2572 libros
747 2533 755 2570 z
769 2529 839 2594 qute
856 2510 966 2591 scripta
982 2509 1126 2573 nondum
1145 2510 1226 2571 edita
1242 2525 1327 2571 sunt.
1345 2510 1419 2569 Nota

386 2611 450 2694 ejus
461 2615 494 2672 in
506 2610 687 2672 iuvenalem
699 2608 852 2692 pleraeque
863 2628 918 2690 pro
928 2620 1068 2690 tempore
1078 2609 1148 2669 satis
1159 2609 1248 2669 bonu
1257 2623 1346 2683 sunt,
1359 2608 1421 2667 sim,

386 2709 477 2793 plicet
491 2723 583 2792 atque
597 2708 704 2769 auditu
718 2706 838 2782 faciles,
852 2719 882 2766 et
893 2707 928 2766 iis
939 2704 1109 2786 aliquando
1125 2707 1171 2766 usi
1185 2709 1318 2788 annius).

446 2874 958 2941 v.au1uuoruaolsaucr1
976 2840 1159 2937 ouauuu
1174 2877 1199 2937 a
1217 2875 1367 2937 euarrs.

466 3048 516 3109 31.
538 3044 634 3108 Codex
647 3043 717 3106 olim
732 3043 941 3119 Cnidium,
959 3047 994 3105 n·
1011 3045 1096 3128 1166.

387 3180 637 3241 Membranaceus
657 3177 746 3252 ine,
766 3189 910 3237 constans
932 3176 970 3236 56
987 3175 1085 3252 foliis,
1109 3177 1167 3238 Xll
1186 3188 1419 3249 annexarum,

386 3276 557 3338 charactere
575 3276 781 3337 minutissimo
799 3289 829 3336 et
847 3295 958 3359 parum
980 3273 1080 3336 nitido
1101 3276 1254 3358 scriptus,
1277 3297 1335 3336 nee
1353 3273 1420 3334 adeo

386 3387 526 3433 accurate
536 3373 716 3433 emendatus
727 3386 757 3432 et
768 3373 854 3454 parvi
865 3370 1155 3455 pretiissuvenalem
1163 3369 1255 3433 hahet
1264 3394 1337 3434 cum
1346 3369 1421 3434 scho-

386 3470 436 3531 liis
448 3470 488 3530 ad
507 3472 678 3552 marginem
694 3484 725 3532 et
738 3471 817 3530 inter
833 3469 929 3530 lineas
946 3471 1072 3552 seriptis.

661 3627 665 3636 '
757 3639 814 3700 vr.
834 3638 860 3696 a
880 3635 1061 3697 uenum.

467 3793 515 3854 32.
537 3791 649 3866 Cedet,
665 3789 782 3851 110263.

387 3918 636 3979 Membranaceus
650 3914 750 3975 infel.
761 3927 901 3975 constans
915 3916 955 3998 76
969 3914 1067 3990 foliis,
1084 3914 1112 3973 X
1127 3935 1194 3976 saec.
1209 3927 1362 3988 exaratus,
1377 3911 1418 3972 ni·

387 4014 450 4074 tide
464 4027 494 4074 et
504 4013 659 4094 eleganter
670 4013 797 4094 scriptus
808 4025 838 4072 et
851 4025 990 4074 accurate
1002 4013 1112 4074 ehono
1123 4013 1288 4095 exemplari
1300 4013 1417 4082 ductus;
1457 4075 1459 4080 ,
