3148 4950
400 571 462 637 oa
485 569 655 636 serina
679 569 1005 636 nouanoauu.
1159 573 1225 664 ⁴89

182 693 345 764 videatur.
357 695 492 778 latina,
503 696 628 792 inquit,
638 696 792 762 Atellano
801 721 821 761 a
833 697 938 764 Gracc
946 695 1091 789 Satyrica
1099 697 1225 791 dtffirt,

182 806 268 900 quod
279 808 313 870 in
324 803 471 897 Satyrica
483 804 553 873 iere
565 805 750 896 Satyrorum
763 829 900 900 persam
915 806 1119 889 inducuntur,
1132 822 1188 874 aut
1199 813 1229 875 si

182 938 250 1008 qttoe
267 927 341 983 sunt
355 914 496 982 ridicula
502 967 512 997 ,
531 914 649 981 similes
667 913 809 1005 Satyris,
826 915 1019 1005 Autolycus,
1038 917 1178 999 Busiris,·
1193 921 1226 983 ia

182 1025 336 1092 Atellano
356 1025 439 1110 Osca
454 1049 605 1116 persona,
627 1029 672 1090 utx
683 1026 812 1092 Maccus
823 1035 844 1093 ¹.
864 1029 939 1111 Quo
957 1027 992 1093 in
1011 1024 1086 1094 loco
1104 1024 1173 1094 duo
1191 1051 1227 1096 se

183 1136 436 1204 nobisoiierunt
446 1135 749 1230 dignaobservatu3
761 1136 922 1220 alterum,
932 1137 1025 1233 quod
1031 1141 1226 1232 Satyrorum

182 1243 332 1314 inductio
352 1245 396 1316 ab
417 1246 576 1314 Atellanis
598 1245 699 1339 plane
720 1245 831 1314 aliena
847 1243 1038 1339 judicatur3
1058 1246 1220 1332 alterum,

184 1355 276 1449 quod
297 1355 415 1424 eadem
431 1362 628 1426 Graecorum
647 1358 799 1450 satyricis
817 1355 939 1424 fabulis
953 1381 1023 1424 non
1039 1360 1111 1425 sine
1132 1382 1228 1428 exce·

182 1467 451 1564 ptionequadam
459 1470 630 1538 tribuitur.
644 1474 776 1537 Atvero
786 1470 815 1537 si
824 1467 954 1536 fabulas
964 1472 1063 1538 unice
1073 1472 1228 1562 respicia-

182 1603 276 1664 mus,
290 1605 311 1647 a
322 1584 456 1673 tragicis
468 1585 577 1674 poetis
589 1580 775 1675 proiectas,
794 1582 1036 1674 ignoraverunt
1048 1606 1129 1650 sane
1141 1581 1229 1650 banc

183 1695 415 1784 exceptionem
434 1695 553 1760 Graeci.
577 1690 775 1760 Diomedem
799 1695 912 1786 itaque
933 1689 1077 1759 arbitror
1098 1691 1228 1760 fabulas

112 1853 118 1866 .
183 1803 488 1894 comicosatyncas
510 1802 611 1870 simul
622 1818 736 1870 mente
757 1800 1050 1896 descriptioneque
1075 1824 1228 1894 compre·

182 1909 341 1981 hendisse
355 1930 403 1998 et,
419 1917 516 1982 sicuti
532 1916 665 2006 tragicis
681 1919 833 2007 Satyros,
853 1916 899 1980 ita
911 1911 964 1980 his
981 1913 1181 2008 Autolycum
1195 1931 1229 1982 et

182 2024 315 2092 Busirin
336 2023 567 2119 adscripsse.»
590 2025 685 2094 Coni.
710 2041 823 2094 tamen
844 2040 994 2092 extrema
1012 2023 1113 2119 hujus
1132 2031 1229 2094 Com-

182 2153 286 2206 meat.
301 2139 415 2207 verba.

229 2251 353 2315 Praeter
370 2247 443 2332 illa,
464 2273 541 2343 quae
555 2247 701 2318 breviter
718 2251 920 2332 memoravi,
944 2252 1093 2318 carmina
1112 2227 1229 2318 Roina-

182 2380 305 2423 norum
317 2356 496 2441 maledica,
511 2361 611 2426 etiam
630 2361 764 2426 iambica
777 2371 784 2399 ¹
799 2359 842 2427 ab
854 2362 894 2427 iis
908 2364 1104 2430 Graecorum
1116 2384 1228 2428 exem-

182 2464 240 2559 plo
262 2482 296 2534 et
316 2469 501 2535 imitatione
525 2471 666 2561 scripta,
690 2467 749 2537 sed
771 2493 846 2538 sero
866 2451 1020 2553 domuin,
1042 2472 1103 2536 etsi
1122 2467 1193 2561 jam
1207 2495 1228 2537 a

182 2575 329 2658 Catullo,
341 2576 499 2644 Bibaculo
514 2593 548 2645 et
562 2577 637 2646 aliis
649 2585 727 2646 ante
744 2581 941 2660 Horatium,
956 2581 1014 2670 qui
1030 2594 1145 2646 tamen
1155 2576 1228 2644 illo·

183 2710 260 2754 rum
275 2690 411 2755 nomina
427 2684 636 2782 gloriamque
652 2688 859 2772 obscuravit,
877 2705 911 2755 et
926 2688 1005 2756 hinc
1019 2688 1182 2780 gloriatur
1193 2689 1228 2755 in

182 2801 285 2889 Epist:
305 2804 336 2884 1,
358 2825 417 2892 19,
441 2802 587 2885 23-34.
608 2803 721 2868 Parios
740 2826 796 2892 eqo
813 2804 936 2895 primm
956 2801 1080 2867 lambos
1102 2799 1232 2866 Ostendi

181 2911 276 2977 Latio
294 2914 348 2999 (in
363 2911 487 3004 Epodis
502 2909 628 2979 ctOdis
643 2908 846 3006 quibusdam
862 2909 1151 3004 contumeliosis),
1167 2933 1228 2976 nu·

181 3047 278 3089 meros
300 3026 482 3116 acinosque
501 3036 647 3115 sequutus
667 3021 871 3103 Archilochi,
896 3047 960 3088 non
980 3045 1029 3087 res
1049 3034 1079 3086 et
1101 3023 1229 3110 agentia

181 3133 275 3198 uerba
294 3135 491 3222 Lycamben,
508 3150 569 3201 etc.
583 3134 680 3200 Coni.
703 3137 819 3200 Horat.
837 3130 902 3200 Od.
918 3137 984 3214 111,
1006 3134 1062 3215 30,
1084 3134 1141 3212 13,
1166 3136 1227 3214 143

183 3244 334 3333 Propert.
357 3246 420 3326 ΙΙΙ,
443 3269 475 3320 ι,
495 3245 534 3324 3,
551 3247 587 3325 l,
612 3259 645 3309 et
664 3240 708 3308 ad
726 3241 785 3309 bb.
806 3241 841 3308 ll.
866 3246 978 3333 intpp.
1002 3241 1228 3326 Quintilianus
1275 3292 1279 3303 .

183 3357 284 3439 (Inst.
298 3355 355 3420 Or.
369 3357 415 3434 X,
434 3378 462 3434 1,
475 3353 493 3446 S
504 3355 571 3441 96),
584 3353 728 3430 Iambus,
741 3353 868 3446 inquit,
884 3377 947 3417 nou
959 3377 1034 3418 sane
1048 3378 1068 3418 a
1079 3355 1229 3419 llomaais

182 3461 352 3529 celebratus
365 3475 426 3544 est,
441 3475 475 3528 ut
483 3465 647 3556 proprium
658 3486 735 3555 opus
742 3486 755 3543 ,·
769 3487 789 3526 a
802 3462 993 3555 quibusdam
1006 3466 1228 3556 interpositus:

111 3615 115 3624 ·
183 3577 273 3662 cujus
293 3573 446 3639 acerbitas
466 3576 501 3638 in
519 3573 660 3656 Catullo,
680 3573 849 3654 Bibaculo,
870 3573 1029 3652 Horatio;
1047 3597 1229 3666 quanquam

184 3683 238 3748 illi
257 3681 422 3770 (Catullo)
443 3683 553 3776 epodos
572 3686 760 3748 interuenire
781 3681 833 3769 (h.
850 3705 879 3750 e.
896 3705 936 3749 cx
954 3685 1229 3774 interpretatione

182 3793 338 3876 Gesneri,
356 3799 481 3878 ἐπῳδοὺς,
494 3794 676 3862 versiculos
693 3793 862 3862 breviores
880 3793 1104 3886 longioribus,
1123 3792 1228 3860 dime-

184 3903 254 3972 tros
274 3907 450 3992 trimetris,
472 3908 565 4001 quasi
586 3911 759 3995 occinentes
779 3929 805 3974 s.
827 3911 1031 3988 succinentes,
1053 3907 1075 3972 i.
1096 3929 1125 3971 e.
1146 3903 1228 3999 sub-

223 4123 245 4159 t.
262 4110 300 4160 lta
317 4109 389 4164 hunc
402 4111 491 4163 locum
509 4111 683 4165 emendarunt
723 4109 796 4182 burg
808 4110 843 4162 ad
858 4111 953 4164 Sulzer.
966 4071 1030 4162 tom.
1043 4110 1070 4174 Ι,
1089 4125 1148 4178 pag.
1165 4105 1225 4162 518.

182 4185 357 4242 &sumanus
367 4209 394 4260 p.
408 4192 606 4262 95,96;Voss.
619 4193 682 4244 inst.
767 4208 792 4242 a.
817 4191 915 4244 Confer
946 4190 1110 4263 superiorem
1136 4201 1227 4242 notam

182 4266 256 4320 Post.
268 4265 362 4338 11,35,
372 4267 421 4340 56.
433 4273 466 4324 Et
474 4270 547 4324 doct.
559 4268 683 4324 Btanken-
726 4269 756 4320 11⁰
768 4285 803 4336 a,
816 4285 877 4339 pag.
891 4270 962 4337 iim

1086 4407 1097 4437 Ι
