2986 4924
438 420 615 486 ssrms
638 421 838 504 numm.
1093 454 1149 520 ¹9¹

97 557 216 622 Limen
228 551 273 623 nd
285 548 484 618 obscoenum
497 547 670 640 frangam,
684 548 766 618 dum
778 550 953 646 Chrysidis
966 553 1052 624 udas
1106 571 1154 624 165

97 663 221 734 Ebrius
233 679 313 730 ante
326 661 416 729 fores
428 662 593 729 exstincta
604 684 683 730 curu
695 661 768 730 face
780 669 901 732 canto?

97 779 258 868 —Eugc,
271 797 374 868 puer,
388 774 518 864 sapias:
532 771 584 842 dis
596 771 846 866 depellentibus
856 800 980 868 agnam

98 892 303 956 Percute.—
313 884 394 967 Sed,
407 882 554 968 censen',
567 882 732 977 plorabit,
746 891 854 970 Dave,
868 887 1005 956 relicta?

98 999 318 1090 -Nugarist
333 995 440 1079 solea,
455 1020 556 1088 puer,
566 993 791 1089 objurgabere
803 997 918 1068 rubra.

98 1115 146 1177 Ne
157 1108 330 1202 trepidare
341 1108 554 1203 velis,etque
566 1125 678 1178 arctos
691 1108 810 1178 rodere
822 1133 943 1178 casses.
1105 1144 1153 1197 170

97 1227 195 1289 Nunc
208 1220 301 1287 ferus
313 1235 347 1286 et
358 1218 488 1288 violens
500 1246 508 1286 :
521 1236 572 1304 at,
585 1222 613 1288 si
626 1236 740 1302 vocet,
753 1219 845 1290 haud
858 1245 973 1303 more,
986 1220 1096 1307 dicas,

95 1328 269 1418 Quidnam
281 1332 383 1423 igitur
394 1330 536 1400 faciam?
549 1356 592 1398 ue
603 1355 712 1416 nuuc,
726 1357 832 1426 quum
845 1355 1001 1401 accersor
1012 1350 1046 1401 et
1058 1332 1148 1402 ultro

95 1442 287 1536 Supplicat,
300 1441 482 1512 accedam?
494 1445 520 1510 si
535 1459 626 1511 totus
638 1459 672 1510 et
682 1448 812 1537 integer
823 1444 917 1511 illinc

95 1557 252 1635 Exieras,
267 1577 331 1620 nec
343 1576 447 1620 nunc.
474 1554 555 1634 Hic,
566 1552 638 1634 hic,
652 1576 755 1647 quem
769 1557 969 1648 querimus,
983 1553 1040 1624 bic
1050 1571 1122 1640 est,

95 1669 171 1731 Non
183 1664 220 1730 in
233 1662 493 1745 festuca,lictor
504 1687 607 1758 quam
615 1661 722 1756 jactat
732 1669 879 1758 ineptus.
1104 1679 1151 1746 175

139 1777 203 1841 Jus
216 1771 319 1841 babet
330 1771 387 1840 ille
400 1782 453 1840 sul
465 1772 583 1868 palpo,
598 1798 699 1869 quem
712 1773 805 1843 ducit
816 1774 968 1844 hiantem

94 1889 228 1952 Cretata
241 1884 410 1954 Ambitio?
420 1883 544 1978 Vigila,
553 1901 588 1952 et
599 1886 688 1954 cicer
698 1888 812 1978 ingere
824 1883 917 1978 large

97 1999 230 2065 Rixanti
241 1997 385 2091 populo,
398 2013 515 2066 nostra
526 2012 564 2064 ut
576 1997 716 2066 Floralia
728 1999 860 2092 possint

95 2261 198 2322 brium
210 2259 362 2343 objiciat?
373 2263 640 2324 Patrimoniumnc
652 2262 690 2322 ad
704 2261 882 2324 obscoenam
895 2261 1026 2323 domum
1037 2275 1151 2340 teram,

96 2358 174 2420 male
191 2358 323 2420 audiens
338 2361 371 2418 in
390 2361 468 2420 urbe
489 2361 630 2444 insuper,
648 2360 723 2419 dum
737 2363 779 2420 sic
794 2373 866 2420 ante
881 2357 1040 2442 Chrysidis
1053 2357 1152 2434 fores,

3 2447 4 2458 ¹
97 2461 170 2520 vino
189 2473 220 2520 et
236 2460 404 2542 unguentis
418 2457 580 2535 humidas,
594 2457 697 2519 ebrius
712 2459 860 2520 exstincto
875 2457 976 2518 funali
990 2455 1101 2517 cantol
1113 2491 1153 2503 -

97 2557 195 2618 Macte
213 2560 341 2632 animo,
362 2579 455 2640 puer,
476 2559 602 2644 reponit
621 2561 743 2632 Davus3
765 2557 887 2639 sapiens
906 2553 1075 2635 aliquando
1094 2557 1154 2630 sis,

96 2673 272 2736 agnamque
285 2651 344 2712 diis
360 2656 537 2716 averruncis
553 2653 692 2714 immola.
705 2689 745 2700 —
758 2651 832 2729 Sed,
852 2670 973 2734 quaeso,
988 2649 1087 2727 Dave,
1109 2649 1155 2709 la·

95 2750 344 2832 crymabiturne,
359 2749 415 2810 ubi
430 2772 461 2812 se
476 2753 587 2812 sentiet
604 2749 765 2812 relictam?
783 2785 822 2798 -
841 2748 898 2810 tbi
918 2747 992 2808 hinc
1007 2768 1078 2808 cum
1096 2767 1154 2806 nu·

95 2845 154 2928 gis,
165 2867 253 2930 puer.
268 2849 403 2925 Revises,
415 2862 446 2909 et
457 2848 511 2909 illa
524 2848 666 2910 sandalio
681 2847 777 2910 rubro
789 2860 818 2908 te
830 2846 1000 2928 castigabit.
1013 2844 1085 2905 Noli
1098 2843 1155 2928 igi·

95 2957 144 3006 tur
164 2945 321 3028 trepidare
337 2950 712 3032 captusque'stringcntes
732 2945 877 3008 arrodere
903 2946 1039 3027 laqueos.
1063 2945 1154 3004 Nunc

94 3041 246 3104 violentus
261 3063 293 3104 es
312 3059 405 3125 atque
424 3043 576 3119 ferocior3
598 3065 707 3105 verum
725 3043 780 3104 ubi
801 3044 978 3118 vocaverit,
999 3041 1152 3101 continuo

95 3139 174 3200 dices
187 3163 196 3199 ε
212 3140 324 3221 ecquid
337 3141 450 3226 agam?
463 3163 502 3201 ne
519 3163 603 3202 nunc
616 3141 742 3224 quidem
755 3161 925 3216 accessero,
939 3160 1037 3223 quum
1054 3157 1152 3198 arces·

95 3258 157 3315 sor,
175 3259 276 3320 quum
290 3241 356 3322 ipsa
369 3237 452 3300 ultro
465 3239 621 3324 suppliciis
634 3254 766 3300 revocat.
784 3239 814 3298 Si
826 3252 925 3301 totam
938 3238 1152 3319 integramque

96 3348 230 3395 mentem
250 3335 291 3395 ab
309 3337 366 3396 ista
381 3336 527 3396 servitute
548 3339 727 3419 recepisses,
748 3355 788 3395 ne
802 3354 888 3394 nunc
908 3332 1062 3394 accederes
1081 3331 1150 3414 qui·

95 3433 171 3494 dem.
191 3435 285 3496 Recte
296 3436 416 3509 Davum
429 3456 468 3494 en
478 3479 486 3510 ,
498 3456 538 3496 en
549 3435 602 3496 illa
612 3456 738 3519 nempe,
751 3453 845 3516 quam
861 3433 1045 3515 quaerimus,
1058 3430 1150 3490 liber·

95 3547 150 3606 tas3
164 3553 234 3594 non
244 3555 341 3616 quam
350 3531 441 3594 lictor
450 3536 575 3616 ineptus
584 3533 731 3610 donavit,
744 3531 820 3594 dum
830 3531 971 3615 praetoris
980 3529 1151 3590 vindictam

94 3629 223 3706 jactitat.

135 3727 201 3810 176.
224 3725 309 3786 Num
325 3725 373 3788 sui
385 3725 464 3808 juris
478 3740 524 3788 est
539 3727 594 3788 iste
607 3726 705 3810 plebis
716 3726 868 3800 adulator,
883 3745 975 3806 quem
991 3719 1087 3782 trahit
1101 3721 1149 3780 in·

97 3821 233 3887 hiantem
248 3823 422 3888 honoribus
436 3825 600 3886 candidata
618 3823 782 3886 Ambitio?
796 3822 932 3905 Evigila,
950 3821 1085 3880 Ambitio
1101 3820 1148 3877 in-

99 3925 176 4002 quit,
197 3923 405 4005 legumenque
420 3924 535 4006 largius
554 3925 686 3984 immitte
703 3924 864 3984 altercanti
885 3919 1020 4005 popul0,
1040 3932 1076 3978 ut
1090 3938 1149 3976 no-

99 4033 188 4080 stram
201 4023 234 4081 in
246 4021 373 4082 edendis
385 4021 466 4082 ludis
479 4020 652 4082 Floralibus
665 4019 912 4082 munificentiam
925 4037 1009 4078 senes
1022 4012 1099 4074 olim
1108 4012 1148 4072 ad

100 4117 190 4178 solem
209 4121 349 4200 apricum
365 4117 559 4179 ambulantes
571 4138 815 4179 commemorare
828 4129 1003 4202 queant....3.
1019 4108 1149 4170 Praecla-
