3054 4932
344 523 628 603 EDlTlONUM
651 523 933 593 Juvuuams.
1098 525 1167 616 649

118 672 214 736 panea
228 649 396 711 dixerimus
408 648 447 710 de
458 647 506 711 his
514 650 656 710 virorum
665 650 829 712 doctorum
840 649 947 713 studiis
961 661 991 712 et
1001 651 1039 714 de
1049 650 1168 732 fructu,
1225 634 1228 646 Δ

118 769 212 832 quem
223 747 297 810 inde
309 761 409 831 poetae
421 749 639 831 interpretatio
653 738 768 809 tulerit.

155 847 236 906 Toto
246 843 364 906 Soeculo
377 845 447 904 XVI
457 865 497 906 ne
505 865 588 906 unus
598 845 723 927 quidem
736 848 977 908 commentarius
986 867 1086 908 novus
1095 848 1170 909 exiit

116 941 152 1000 in
173 938 298 1023 vulgus,
320 938 375 1000 sed
393 951 508 1000 veteres
526 942 666 1021 primum
679 941 791 1023 saepius
811 953 841 1002 et
862 943 955 1003 variis
974 943 1047 1005 locis
1070 945 1170 1005 reensi

117 1049 206 1112 sunt,
218 1034 328 1118 hisque
339 1035 502 1097 substituta
514 1035 627 1096 deinde
639 1034 760 1098 Scholia
771 1037 916 1099 Curionis
928 1051 958 1100 et
968 1040 1057 1100 Junii
1068 1084 1077 1115 ,
1089 1039 1171 1102 mul-

117 1148 221 1197 tarum
236 1133 408 1195 editionum
420 1135 555 1216 margini
573 1133 690 1218 adjecta
704 1157 777 1196 ann.
802 1137 1010 1221 1528-71590,
1026 1153 1056 1200 et
1069 1139 1171 1221 pueri·

119 1230 201 1292 libus
211 1230 312 1291 dicata
325 1229 448 1306 studiis,
462 1251 532 1313 quae
544 1244 650 1292 tamen
661 1231 699 1292 iis
714 1231 804 1293 valde
818 1229 960 1314 adjuvari
976 1254 1066 1316 posse
1077 1255 1170 1295 nemo

119 1326 210 1392 facile
221 1328 281 1389 sibi
297 1326 501 1410 persuadebit.
513 1329 620 1410 Neque
634 1327 704 1411 plus
716 1327 821 1389 valent
833 1328 881 1389 vel
893 1329 932 1390 ad
948 1330 1073 1412 ingenia
1084 1330 1172 1414 juve·

120 1448 199 1489 num
212 1427 322 1488 alenda
338 1426 387 1488 vel
407 1427 446 1488 ad
463 1441 587 1511 poetam
602 1426 821 1488 illustrandum
841 1441 872 1487 et
890 1427 1086 1511 Periphrases
1104 1426 1173 1489 Gla·

119 1525 195 1586 nerii
211 1514 306 1585 Paris.
329 1523 422 1606 1607,
438 1537 469 1585 et
481 1522 688 1608 Paraphrases
699 1525 804 1584 Ceruti
818 1525 949 1586 Veronae
968 1528 1053 1607 1597.
1071 1527 1173 1587 Pratei

120 1621 216 1682 Paris.
237 1620 329 1698 1684,
341 1621 554 1703 aliorumque,
565 1640 635 1703 quae
650 1623 795 1698 omnino,
808 1622 831 1682 si
847 1622 953 1682 breves
967 1636 1055 1699 sunt,
1067 1622 1107 1682 ad
1123 1624 1173 1683 in·

120 1719 372 1800 terpretationem
384 1716 465 1778 nihil
480 1718 615 1794 faciunt,
630 1718 784 1800 praecipue
795 1719 829 1778 in
840 1720 939 1801 poetis
954 1720 1101 1795 satiricis,
1119 1719 1174 1801 qui

121 1837 214 1899 prosa
229 1816 294 1877 fere
315 1817 456 1877 oratione
470 1827 618 1891 utuntur,
633 1815 658 1876 si
674 1816 807 1898 copiosae
825 1837 861 1876 ac
872 1817 1014 1899 prolixae,
1028 1837 1094 1878 non
1108 1819 1175 1879 sine

122 1935 246 1976 summo
264 1914 357 1975 taedio
374 1913 435 1996 legi
446 1927 587 1994 possunt.
610 1912 831 1973 Adnotationes
846 1914 1029 1991 Pulmanni,
1044 1913 1174 1994 Pithon,

122 2010 266 2094 Rigaltii,
286 2012 503 2088 Almelovenii,
515 2012 668 2073 Henninii
686 2011 885 2094 aliorumque
905 2014 969 2074 sive
984 2011 1024 2073 ad
1042 2033 1105 2074 rem
1118 2035 1174 2095 po·

122 2111 277 2171 tissimum
298 2110 619 2192 spectant-criticam,
640 2110 702 2170 sive
720 2110 777 2170 uni
796 2122 920 2170 tantum
936 2109 1085 2192 alterique
1104 2108 1175 2170 loco

123 2206 224 2267 lucem
235 2205 382 2268 afferunt.

162 2305 279 2366 Saeculo
291 2307 377 2366 XVll
387 2307 464 2366 novi
476 2305 603 2388 quidem
612 2305 731 2387 vulgati
741 2320 815 2366 sunt
827 2307 1034 2368 commentarii
1043 2304 1176 2380 Lubini,

122 2403 288 2478 Autumni,
309 2405 474 2480 Famabii,
492 2405 656 2485 Grangaei,
679 2404 798 2480 Pratei,
816 2405 981 2465 Juvencii:
1008 2403 1061 2465 sed
1084 2405 1177 2484 longe

123 2503 259 2561 maxima
270 2523 379 2563 eorum
388 2523 459 2586 pars
470 2504 517 2564 vel
530 2525 566 2564 ex
576 2503 818 2583 antiquioribus,
831 2503 863 2562 in
875 2503 984 2584 primis
994 2501 1177 2576 Britannici,

124 2597 310 2682 deprompta
326 2615 386 2675 est,
403 2600 453 2660 vel
469 2601 568 2680 magis
580 2598 705 2659 doctam
720 2597 826 2680 prodit
839 2596 1062 2676 subtilitatem,
1081 2618 1178 2680 quam

122 2695 230 2778 judicii
247 2717 413 2778 sensusque
426 2698 622 2779 elegantiam.
637 2697 817 2757 lntellexere
828 2698 936 2778 utique
948 2697 1009 2755 viri
1021 2696 1120 2780 docti,
1137 2697 1177 2757 ad

124 2796 283 2860 Juvenalis
301 2801 583 2880 interpretationem
597 2819 665 2858 non
681 2795 822 2858 sufficere
834 2797 927 2858 unius
941 2798 1103 2858 alteriusve
1119 2796 1178 2857 loci
1214 2863 1217 2870 ,

123 2896 371 2978 explicationem,
383 2896 433 2957 sed
446 2908 610 2980 perpetuos
621 2894 738 2977 requiri
754 2896 1011 2972 commentarios,
1026 2897 1081 2976 qui
1096 2893 1178 2955 nihil

124 2991 335 3075 relinquerent
343 2994 546 3054 obscuritatis.
558 2993 658 3054 Iidem
667 3013 741 3053 vero
754 3013 918 3076 perperam
929 2991 988 3052 sibi
998 2992 1178 3074 persuasisse

124 3088 284 3166 videntur,
301 3111 332 3150 se
351 3089 583 3171 compendiaria
600 3091 652 3149 via
670 3110 725 3164 eo,
746 3111 809 3171 quo
826 3089 1002 3163 tenderent,
1019 3089 1179 3170 pervenire

125 3203 232 3265 posse,
254 3186 359 3244 sinon
377 3205 470 3245 suum
489 3182 672 3245 adhiberent
689 3183 860 3267 judicium,
883 3185 937 3246 sed
956 3183 1094 3245 alienum
1116 3182 1180 3244 fere

125 3295 343 3364 sequerentur,
360 3301 462 3362 neque
479 3282 538 3364 ipsi
555 3281 721 3363 diligenter
740 3281 1026 3363 circumspicerent,
1045 3299 1115 3362 quse
1130 3300 1181 3340 ex-

125 3381 240 3463 plicare
253 3394 283 3441 et
295 3400 423 3442 monere
436 3401 515 3464 opus
527 3395 641 3455 essent,
658 3379 710 3440 sed
727 3378 852 3440 selectas
870 3401 906 3440 ex
924 3379 992 3440 aliis
1006 3379 1181 3461 interpreti·

126 3478 185 3540 bus
201 3491 289 3540 notas
308 3479 438 3560 singulis
453 3478 599 3554 vocibus,
621 3479 780 3539 sententiis
800 3476 938 3559 locisque
952 3478 1180 3560 adspergerent.

127 3579 198 3656 Qua
225 3578 347 3637 ratione
367 3579 422 3637 etsi
445 3597 559 3660 parum
579 3575 757 3660 proficitur,
783 3575 844 3636 nisi
863 3588 933 3635 tum
958 3576 998 3636 ab
1022 3574 1092 3636 aliis
1113 3571 1181 3656 jam

126 3675 233 3757 omnia
246 3676 318 3735 satis
328 3673 480 3734 illustrata
492 3687 566 3735 sunt
579 3672 721 3754 nihilque
733 3673 925 3756 praeteritum
942 3686 986 3734 est
1006 3672 1090 3755 quod
1110 3671 1180 3731 luce

127 3772 231 3853 aliqua
242 3770 398 3853 indigeat,
412 3785 479 3832 tum
493 3771 653 3853 aptissima
666 3784 791 3831 tantum
802 3784 833 3830 et
844 3771 958 3831 caeteris
971 3768 1182 3853 probabiliora

128 3867 255 3929 solerter
266 3889 302 3929 ex
315 3870 352 3929 iis
364 3882 585 3952 excerpuntur3
600 3889 663 3928 non
675 3869 793 3929 mirum
803 3879 909 3928 tamur
920 3879 979 3943 est,
993 3887 1062 3926 eam
1075 3866 1182 3926 multis

130 3967 276 4041 arrisisse,
291 3989 390 4049 quum
401 3981 562 4050 tantopere
576 3966 757 4028 blandiatur
768 3980 798 4028 et
808 3965 932 4028 desidiae
945 3979 975 4026 et
988 3965 1075 4026 inani
1090 3961 1183 4022 famae

130 4063 291 4144 cupidini,
314 4086 383 4147 quae
412 4065 520 4127 alienis
547 4064 674 4146 gloriari
699 4065 792 4125 bonis
818 4063 988 4145 alienisque
1015 4062 1125 4143 pennis
1151 4081 1183 4121 se

130 4179 280 4222 exornare
299 4177 390 4224 amat.
407 4164 611 4246 Cupidissime
624 4162 712 4224 illam
727 4183 789 4244 prae
810 4161 925 4222 esteris
946 4161 1104 4242 arripuere
1123 4159 1182 4222 Ba-
