3038 4932
352 445 416 525 234
524 444 676 510 vtutn
701 391 969 511 nn‘crtouns
994 445 1055 510 nr
1080 447 1213 514 noun

348 569 482 630 Munium
495 567 575 620 nolim
590 569 712 640 equidem
723 561 802 622 istum
817 570 904 641 potius
918 569 1015 622 bebere
1028 567 1158 622 baeredem
1167 589 1245 642 quatu
1256 585 1298 639 te,
1310 591 1384 644 quere

348 647 413 699 mibi
428 651 578 721 propiorem
594 664 688 706 nutura
710 652 790 714 feeit,
812 651 859 722 qui
869 652 945 724 prior
960 670 985 703 es
1005 653 1116 703 Manio:
1135 650 1181 704 sed
1198 652 1250 705 boe
1264 671 1348 706 unum
1360 664 1384 706 te

347 728 482 780 attendere
498 729 575 796 volo,
589 749 631 782 rue
649 733 735 782 vivere
750 728 853 796 adbuc,
875 751 961 802 neque
975 731 1069 784 decere
1090 744 1115 784 te
1135 731 1200 784 mibi
1221 751 1308 786 meum
1319 733 1385 787 bauo

346 809 426 859 vitem
438 808 570 876 invidero,
584 823 611 862 et
623 829 731 882 poscere
743 809 815 862 bons
828 810 869 863 vei
882 813 910 863 in
923 814 982 883 ipso
993 811 1110 866 derum.

383 957 447 1009 Not.
461 957 503 1009 62.
525 959 589 1010 Sum
602 959 647 1011 tibi
657 959 821 1012 Mercurius:
837 962 913 1012 venio
927 961 996 1013 Deus
1010 959 1061 1012 buo
1074 979 1134 1032 opo,
1146 969 1176 1012 ιιι
1192 959 1240 1014 itte
1254 958 1384 1032 Pinqitur.

346 1036 542 1090 —Dicendum
555 1039 604 1090 iuit
617 1060 624 1088 t
642 1038 712 1090 bonu
727 1038 762 1090 ad
772 1051 797 1090 te
811 1057 870 1091 mea
884 1038 948 1091 nihil
967 1039 1053 1092 redire
1065 1039 1226 1102 debuerunt;
1241 1057 1274 1092 ne
1288 1041 1312 1090 si
1323 1037 1387 1109 quid

347 1115 452 1182 redeat,
468 1118 495 1170 id
512 1138 561 1189 pro
575 1118 649 1170 lucro
665 1138 695 1170 ae
714 1121 847 1190 insperato
859 1119 957 1172 babere
972 1119 1062 1172 debes.
1075 1121 1144 1172 Dixit
1157 1133 1244 1174 eutem
1261 1137 1311 1191 per
1321 1121 1387 1190 iign-

346 1211 403 1245 rum
420 1193 489 1247 beno
506 1218 512 1246 :
529 1197 592 1248 Sum
611 1197 657 1248 tibi
669 1197 830 1258 Mercurium:
848 1198 898 1250 fnit
916 1196 959 1249 iiie
980 1200 1050 1250 Deus
1069 1200 1155 1250 omnis
1173 1198 1238 1250 luori
1259 1198 1387 1267 inopinati

345 1286 451 1340 auctor,
461 1285 539 1345 utque
548 1274 613 1326 adeo
625 1277 764 1345 inopinati,
779 1289 808 1327 ut
821 1279 900 1328 etium
912 1277 983 1330 Deus
994 1276 1124 1329 latronum
1134 1277 1285 1332 haberetur.
1296 1279 1384 1328 Horat

344 1351 397 1404 Sat.
416 1353 455 1414 il,
474 1353 505 1417 3,
523 1353 566 1408 68.
578 1384 614 1394 -
634 1354 718 1408 Venio
737 1357 805 1408 Deus
823 1356 875 1408 bue
890 1373 950 1427 eqo,
972 1368 1001 1408 ut
1021 1355 1068 1408 itte
1081 1357 1220 1430 Pinqitum·
1239 1358 1384 1408 Mercurius

345 1431 454 1498 κιρὸᾂος,
466 1434 619 1510 pinpebntur
632 1453 783 1487 crumenam
801 1449 893 1487 tenens
911 1435 1009 1487 dextre.
1024 1435 1083 1488 Vitl.
1100 1435 1170 1489 Suid.
1186 1450 1212 1488 et
1226 1435 1348 1488 iduorob.
1361 1448 1385 1487 et

344 1511 453 1580 Gregor.
465 1512 665 1565 Nazianzenum.
674 1517 746 1566 Loco
761 1515 892 1586 proverbii
904 1516 954 1566 fuit
963 1514 1035 1586 apud
1045 1515 1149 1567 Grecos
1163 1515 1254 1584 ifpeits
1264 1513 1298 1566 tle
1309 1514 1384 1566 bonis

345 1590 508 1660 quibuslibet
520 1595 564 1664 qui
576 1612 608 1646 ex
621 1597 754 1667 insperato
768 1596 920 1648 advenirent
933 1618 939 1646 :
957 1609 1039 1648 scatet
1050 1594 1209 1649 hellenismis
1226 1597 1342 1650 Persius.

375 1749 435 1794 Vttt.
448 1749 486 1796 63.
498 1753 536 1795 An
547 1753 639 1798 renuti?
653 1753 705 1798 Vin'
723 1761 745 1798 tu
758 1754 856 1816 qoutdrro
867 1751 967 1798 relictis?
977 1777 1009 1789 -
1018 1754 1053 1798 Sit:
1065 1752 1113 1798 edit
1124 1752 1198 1798 MMS.
1216 1753 1296 1799 Codex
1312 1751 1381 1816 ⁸⁰7⁰?

260 1827 263 1836 ¹
344 1815 383 1861 elii
392 1817 472 1864 ierunt
481 1820 514 1865 vis
525 1833 565 1866 ant
576 1821 640 1867 vtin'.
649 1821 817 1869 probatissimis
828 1821 957 1867 editoribus
969 1834 1075 1883 receptus
1084 1833 1119 1866 est
1126 1823 1164 1866 vin
1170 1840 1179 1877 ,·
1189 1833 1211 1866 et
1221 1821 1317 1884 quidem
1323 1823 1380 1883 jure.

379 1953 445 2004 Nor.
460 1954 503 2007 63.
516 1956 560 2007 Art
574 1959 675 2009 munis?
690 1957 751 2010 Viu'
765 1969 793 2008 tu
804 1957 915 2029 qmsdere
928 1955 1084 2010 relictisi—
1093 1961 1237 2029 interroget
1250 1956 1381 2010 bominem

344 2049 377 2081 an
392 2049 496 2084 recuset
509 2035 642 2100 oblatum,
657 2049 833 2089 contentusne
847 2054 904 2088 esse
913 2035 974 2088 velit
987 2037 1074 2090 relicta
1087 2037 1251 2104 hereditate,
1272 2053 1381 2111 quantu·

345 2109 486 2182 istumque
498 2114 588 2166 fuerit.
603 2116 694 2167 Horat.
712 2114 766 2167 Set.
779 2118 817 2184 li,
830 2118 861 2180 3,
875 2116 925 2182 68,
936 2114 987 2168 iou.
998 2119 1054 2187 jum
1066 2117 1110 2169 cit.

379 2246 444 2296 Nor.
464 2245 506 2312 64.
530 2248 625 2302 «Deest
642 2248 744 2321 aliquid
758 2265 895 2302 summo.»
912 2249 1003 2300 Minui
1020 2247 1087 2302 mibi
1098 2272 1107 2302 .-
1118 2248 1164 2301 sed
1177 2250 1223 2301 tibi
1234 2261 1320 2303 totum
1334 2263 1382 2318 est,

344 2323 477 2396 Quidquid
490 2327 517 2378 id
529 2339 573 2382 est.
585 2359 621 2368 -
631 2330 732 2400 Objicis
749 2330 829 2382 deesse
841 2328 946 2401 aliquid
957 2328 1018 2382 huic
1035 2349 1156 2396 summe,
1171 2348 1250 2403 quum
1264 2350 1382 2402 sparen-

342 2401 412 2456 tibus
425 2423 594 2476 acceperam,
608 2425 686 2480 quum
699 2422 728 2458 tu
742 2425 944 2478 presumpserat
958 2411 1055 2460 unimo.
1071 2411 1125 2479 Ego
1139 2427 1200 2460 vero
1215 2409 1381 2480 respondeo,

342 2501 427 2535 meam
447 2486 527 2538 fuisse
542 2505 669 2540 summum
684 2486 769 2553 batto,
788 2501 868 2560 utque
887 2505 950 2556 ergo
963 2506 1005 2539 me
1018 2487 1079 2540 mibi
1093 2490 1226 2551 minuisse,
1239 2508 1301 2542 meo
1309 2491 1382 2558 jum

327 2562 416 2636 ¹quod
427 2583 488 2616 vero
501 2579 576 2620 tuutn
590 2583 643 2633 est,
661 2588 703 2620 me
716 2583 837 2632 mortuo,
851 2565 879 2619 id
896 2579 979 2620 totum
997 2582 1071 2620 tuum
1083 2581 1136 2634 est,
1157 2569 1287 2642 quidquid
1300 2569 1381 2620 idest.

341 2647 402 2717 Agit
411 2665 442 2699 ec
450 2646 552 2700 disserit
559 2667 620 2701 cum
628 2649 739 2717 beredo,
747 2651 895 2722 aequojure‚
902 2667 933 2700 ex
940 2650 972 2701 iis
982 2666 1041 2719 quse
1048 2647 1149 2720 iegibus
1160 2650 1305 2702 constitute
1314 2664 1380 2704 suut.

373 2794 433 2838 Vin.
448 2793 486 2840 65.
502 2795 598 2860 Lepores
610 2797 710 2842 Stadios.
723 2823 753 2832 -
764 2799 801 2842 ste
815 2797 894 2844 ferunt
906 2797 980 2842 MMS.
993 2795 1090 2843 Codices
1104 2793 1210 2859 plutimi3
1223 2795 1321 2859 quidem
1337 2799 1380 2842 To·

341 2862 408 2916 ditm
422 2865 485 2924 quod
495 2865 595 2911 Pretaeus
609 2868 704 2928 recepit.
1140 2870 1159 2909 ⁰

377 2991 442 3043 Nor.
458 2991 501 3046 65.
518 2994 567 3045 Ubi
575 2996 620 3061 sit,
629 2995 697 3068 frtqe
708 3014 835 3067 quarere,
849 2999 921 3069 quod
931 2997 998 3050 mibi
1009 2997 1139 3071 quondum
1151 2997 1262 3070 Lepores
1272 2997 1380 3050 Stadius.

340 3099 376 3110 --
387 3069 450 3122 Noti
462 3075 564 3142 exigere
576 3092 591 3124 a
602 3093 642 3125 me
656 3075 785 3127 botrorum
794 3096 913 3130 meorum
928 3079 1071 3140 rationem
1086 3096 1171 3149 neque
1185 3079 1254 3130 enim
1264 3081 1325 3148 jure
1337 3091 1381 3128 tuo

339 3146 368 3198 id
380 3148 478 3216 facias,
502 3170 588 3223 neque
606 3151 678 3203 bono
694 3167 749 3205 tuo.
775 3183 810 3194 -
832 3157 917 3228 Fuqe5
937 3154 1006 3217 noli,
1024 3173 1116 3228 parco,
1136 3154 1241 3206 etsiius
1261 3173 1380 3225 sepenu-

340 3245 421 3278 mero.
429 3229 574 3302 -Lepurat
582 3233 685 3284 Stadios
690 3256 699 3294 ,·
706 3236 795 3304 posuit
805 3235 890 3287 Stadii
899 3254 995 3286 nomen
1006 3255 1054 3308 per
1065 3237 1260 3308 metonymiam,
1272 3254 1319 3305 pro
1333 3247 1381 3284 tes·

340 3309 431 3359 tatoris
441 3310 579 3379 cujuslibet
587 3315 708 3376 nomiue;
721 3315 772 3366 nisi
784 3327 886 3382 tomen,
900 3317 1002 3387 reipsa,
1012 3315 1116 3368 Stadios
1129 3314 1172 3367 ille
1182 3315 1283 3386 aliquid
1293 3315 1380 3366 Persio

341 3387 489 3459 legatistet.

374 3539 441 3591 Nor.
459 3539 503 3592 66.
517 3542 573 3594 [tec
585 3542 653 3596 dieta
666 3562 761 3617 repone
776 3557 896 3616 patema.
917 3575 954 3588 --
969 3548 1025 3598 Neo
1040 3559 1069 3597 tu
1088 3545 1152 3598 mibi
1163 3562 1303 3616 opponere
1320 3543 1379 3598 velis

339 3637 396 3689 quo
411 3620 543 3690 praeoipiut
557 3635 640 3693 pater.
663 3625 764 3676 Dicitur
777 3644 826 3696 per
837 3626 1024 3698 metonymiam
1033 3621 1159 3697 paternum
1173 3627 1341 3696 nequeenim
1354 3622 1379 3676 id

338 3697 372 3750 de
384 3717 433 3750 suo
445 3698 612 3770 putredioere
619 3703 702 3756 voluit
715 3707 819 3758 Persius
831 3720 939 3777 propter
950 3707 1090 3776 pietatem,
1102 3723 1188 3778 neque
1198 3703 1264 3756 dixit
1273 3718 1378 3776 propter

339 3793 443 3833 etatem
452 3819 461 3846 ‚
481 3783 528 3852 qui
546 3801 613 3852 puer
631 3789 751 3839 sexennis
774 3800 876 3858 petrem
898 3786 1023 3840 Flaccum
1038 3789 1132 3842 amisit.
1154 3788 1214 3840 Htec
1235 3788 1264 3838 iu
1281 3786 1377 3838 nortui

339 3859 460 3930 modum,
471 3864 527 3915 Art.
541 3866 614 3916 Poet:
628 3864 697 3936 3²7²

538 4051 603 4160 guo.
614 4054 700 4098 Albini:
714 4055 732 4100 o
744 4057 770 4100 oe
782 3989 1040 4113 qunmiie'r'sb'odmdi

557 4131 604 4162 Reid
607 4151 722 4166 .......
