3038 4932
389 407 453 475 292
556 382 877 449 PRAEMONITIO
902 384 1016 450 NOVl
1041 385 1283 457 EDITORlS.

571 511 607 553 lre
618 510 661 554 iter
671 505 701 552 ad
713 509 794 562 vitam,
808 522 948 570 superasque
959 507 1058 554 evadere
1070 510 1100 555 ad
1111 526 1177 557 auras

602 581 682 641 Cog'u,
695 592 718 625 et
729 578 772 625 bac
784 591 863 626 nostra
874 595 961 640 ponere
974 578 1032 626 rallc
1042 581 1134 642 pedem.

572 649 661 712 Mequae
672 647 738 696 molis
751 665 809 711 opus
823 661 914 696 tantum
925 662 960 696 est
971 651 1070 710 audere,
1080 663 1123 698 etr.

425 814 531 889 Quum
543 830 616 890 ergo
629 829 675 868 res
688 820 839 890 posceret,
856 821 891 869 ut
901 807 1046 869 Juvenali
1058 823 1087 870 et
1099 811 1201 870 Persio
1212 810 1412 893 adjungeretur

385 907 533 984 Lucilius,
552 907 664 989 quibus
684 907 709 966 si
732 908 897 967 Horatium
916 905 1222 986 addideris,Latinos
1236 932 1340 974 omnes
1354 917 1411 972 sati·

384 1027 490 1067 rarum
501 1005 661 1086 scriptores
672 1002 801 1080 haheas3
819 1002 900 1062 nibil
917 1004 1018 1086 aptius
1036 1005 1101 1066 fore
1121 1007 1318 1084 credidimus,
1333 1017 1410 1091 quan

384 1103 410 1162 si
429 1102 566 1162 laborem
589 1115 653 1160 tam
673 1099 764 1160 bonae
786 1113 886 1174 notae,
907 1121 1002 1182 quam
1016 1114 1060 1161 est
1073 1103 1184 1162 Dousae
1199 1103 1302 1180 labor,
1318 1127 1411 1186 repre·

384 1214 581 1260 sentaremus.
596 1198 685 1256 Hanc
699 1217 824 1278 operam
836 1194 921 1256 haud
932 1197 1057 1258 inanem
1071 1213 1124 1258 aut
1136 1220 1351 1282 supervacuam
1368 1223 1410 1262 no·

382 1297 429 1356 bis
450 1307 606 1377 sumptam
626 1292 810 1374 judicabunt
828 1292 868 1368 ii,
890 1313 968 1374 quos
990 1295 1070 1375 pasci
1091 1294 1211 1376 juvabit
1235 1298 1410 1358 urbanissimi

382 1406 481 1475 poetae
498 1391 627 1466 salibus,
640 1390 813 1473 quibusque
828 1408 893 1447 non
907 1409 1031 1471 prorsus
1045 1391 1181 1472 palatum
1200 1394 1373 1468 obbrutuit,
1385 1409 1411 1454 ut

383 1490 425 1549 ait
449 1491 573 1565 Dousa,
595 1486 635 1546 ad
659 1485 724 1547 haec
748 1487 939 1566 antiquitatis
966 1489 1054 1569 qnasi
1080 1487 1237 1572 dapatilia.
1262 1492 1409 1550 Maximam

382 1587 521 1671 prolecto
533 1588 685 1670 jacturam
699 1587 733 1644 in
751 1583 834 1644 illius
851 1605 980 1668 operum
999 1586 1124 1647 interitu
1142 1587 1258 1649 litteras
1276 1591 1409 1649 Romanas

381 1685 501 1760 fecisse,
523 1682 571 1744 hae
589 1684 676 1766 ipsae,
691 1683 832 1764 quamvis
846 1683 977 1763 turpiter
997 1682 1102 1744 lacerae
1120 1683 1358 1766 fragmentorum
1372 1707 1409 1746 re·

381 1783 484 1866 liquite
515 1781 655 1864 quemvis
682 1780 751 1839 satis
778 1778 1042 1840 commonefacere
1067 1781 1190 1862 possint.
1219 1781 1259 1841 Et
1279 1782 1408 1864 quidem,
1492 1853 1493 1860 ἵ

379 1880 417 1940 V.
434 1879 468 1938 G.
482 1875 589 1958 Bayle,
607 1877 641 1934 in
661 1876 787 1950 Lexico,
805 1876 905 1952 (artic.
925 1873 1096 1952 Lucilius),
1111 1889 1196 1935 notat
1216 1890 1312 1958 poctae
1330 1877 1407 1960 hujus

380 1975 555 2056 fragmenta
568 1986 638 2055 post
651 1974 763 2033 Dousae
778 1973 964 2032 industriam
979 1975 1150 2034 etiamnum
1163 1973 1315 2056 indigere,
1330 1989 1361 2035 ut
1375 1975 1407 2034 ab

378 2071 441 2130 alio
453 2069 590 2151 quodam
603 2070 667 2128 viro
680 2067 769 2129 docto
783 2068 852 2149 plus
864 2067 938 2128 lucis
950 2070 1110 2152 accipiant.
1121 2069 1178 2132 Sed
1191 2071 1290 2132 nescio
1301 2093 1339 2132 an
1349 2071 1407 2131 doc·

378 2167 533 2226 tissimum
547 2169 652 2226 virum
663 2164 813 2247 deceperit
825 2165 938 2226 nimius
949 2164 1028 2224 boni
1037 2186 1142 2242 amor,
1156 2179 1185 2226 et
1199 2187 1240 2226 an
1253 2168 1405 2248 impossibi-
1492 2225 1493 2228 ,

378 2267 422 2326 lia
437 2265 606 2326 somniatus
622 2264 726 2324 fuerit.
749 2265 843 2340 Nam,
863 2277 899 2323 ut
911 2265 955 2322 ait
972 2265 1037 2344 ipse
1049 2265 1170 2340 Dousa,
1189 2285 1328 2326 censores
1344 2286 1405 2349 pru

378 2360 524 2422 vertendo
544 2353 589 2421 κά
606 2357 730 2440 OEdipo
751 2358 875 2439 aliquo,
897 2369 950 2416 aut
969 2357 1086 2440 Sibylla
1106 2379 1184 2440 opus
1211 2357 1323 2436 fuerit,
1346 2361 1367 2419 si
1383 2373 1405 2418 tc
1492 2395 1493 2398 =

377 2472 458 2520 recte
476 2457 647 2538 intelligere
664 2456 808 2538 postules.
832 2456 908 2532 Quis
926 2455 1012 2514 enim
1027 2467 1092 2514 tam
1105 2457 1207 2537 sagaci
1223 2457 1315 2516 corde
1329 2471 1404 2537 atque

378 2558 503 2638 ingenio
525 2555 636 2630 unico,
659 2555 714 2636 qui
733 2574 764 2615 se
786 2565 851 2612 tam
875 2552 973 2612 lacera
1000 2563 1092 2634 atque
1116 2553 1240 2614 concisa
1265 2566 1402 2633 segmenta

377 2675 485 2737 capere
492 2651 665 2748 existimet?
676 2677 690 2708 u

414 2751 598 2811 Lectionum
613 2761 717 2809 autem
733 2749 942 2830 pugnantium
964 2749 1139 2826 varietates,
1165 2761 1219 2810 aut
1237 2751 1402 2833 copiosiore

374 2845 541 2908 doctorum
562 2847 700 2906 virorum
721 2843 946 2906 emendationes
967 2865 1032 2905 uon
1053 2865 1172 2926 semper
1194 2846 1402 2920 retulimus;et

375 2942 639 3026 quemadmodum
664 2944 775 3002 siccam
798 2944 891 3004 nimis
915 2957 945 3003 et
966 2941 1106 3024 jejunam
1127 2948 1400 3006 commentariorum

377 3041 618 3123 parcimoniam,
635 3040 677 3100 ita
690 3059 815 3122 quoque
833 3039 903 3121 plus
917 3059 1005 3121 aequo
1020 3040 1226 3100 luxuriantem
1244 3042 1402 3102 adnotatio·

375 3161 452 3199 num
464 3137 652 3219 farraginem
666 3137 762 3198 vitare
778 3138 866 3198 nobis
882 3139 1036 3200 inanimo
1053 3137 1124 3198 fuit.
1143 3139 1191 3198 An
1206 3139 1286 3200 bene
1299 3139 1399 3200 cesserit

376 3237 448 3297 talia
459 3236 678 3298 meditantibus
687 3236 790 3313 labor,
802 3251 837 3298 tu
848 3235 922 3297 velis
935 3235 1072 3298 humane
1082 3235 1232 3319 judicare,
1247 3252 1277 3298 et
1288 3238 1358 3299 vale.

414 3336 588 3400 scribebam
602 3337 740 3415 Parisiis,
752 3356 836 3398 anno
850 3357 877 3398 c.
891 3357 1064 3400 uocccxxrx
1074 3381 1082 3412 ,
1094 3358 1198 3398 mense
1212 3338 1306 3399 Maio.

1110 3529 1148 3595 N.
1174 3529 1210 3595 E.
1236 3533 1273 3595 L.

1466 2 1493 31 Ἴ

1491 105 1493 166 l

1491 1721 1493 1750 l

1492 1783 1493 1814 l
