3148 4950
342 569 346 578 ’
391 571 454 636 aa
478 569 647 637 surum
670 568 994 636 nouauouuu.
1146 572 1211 653 tas

171 696 409 790 superstitione
425 699 565 779 animis,
577 694 650 764 ludi
662 718 798 791 quoque
811 697 952 779 scenici,
971 719 1059 764 nora
1073 720 1126 766 res
1143 699 1215 766 bel-

169 806 273 875 licoso
299 797 427 898 populo
457 810 554 892 (nam
576 809 661 874 Circi
689 803 791 874 modo
817 805 1046 898 spectaculum
1069 808 1214 894 fuerat)‚‘

169 918 258 982 inter
268 914 334 981 alia
346 913 488 982 caelestis
501 917 558 981 irae
572 914 762 1006 placamina
773 916 914 982 instituti
927 912 1095 983 dicuntur.
1110 920 1215 985 Caete-

170 1049 246 1092 rum
258 1048 361 1116 parva
374 1047 510 1118 quoque
523 1027 534 1110 (
542 1023 581 1090 tit
591 1023 697 1091 ferme
716 1025 879 1116 principia
894 1026 1026 1108 omnia)
1043 1039 1077 1090 et
1090 1047 1129 1091 ea
1143 1029 1216 1117 ipsa

169 1138 415 1231 peregrinares
435 1136 508 1203 fuit.
522 1138 598 1204 Sine
617 1137 763 1206 carmine
781 1135 867 1216 ullo,
885 1137 956 1220 sine
976 1136 1216 1204 imitandorum

170 1248 359 1314 carminum
374 1261 467 1329 actu,
490 1243 646 1314 ludiones
666 1271 707 1314 ex
727 1249 858 1313 Etruria
879 1247 993 1327 acciti,
1011 1245 1053 1313 ad
1073 1243 1216 1316 tibicinis

170 1354 289 1424 modos
302 1357 478 1440 saltantem
495 1356 587 1425 haud
599 1356 776 1425 indecoros
794 1371 906 1424 motus
923 1380 1017 1424 more
1033 1361 1145 1425 Tusco
1158 1357 1217 1424 da·

170 1465 252 1534 bant
261 1477 282 1533 ¹.
295 1469 422 1534 Imitari
434 1465 555 1535 deinde
567 1490 625 1535 eos
634 1466 810 1561 juventus,
823 1463 924 1534 simul
935 1462 1115 1534 inconditis
1129 1468 1217 1534 inter

103 1665 107 1670 .
171 1600 207 1644 sc
217 1574 383 1669 jocularia
397 1578 577 1646 firndentcs
592 1579 746 1647 versibus
760 1576 878 1666 (simul
892 1575 935 1644 ad
948 1577 1062 1645 tibiam
1078 1578 1216 1646 alternis

170 1703 330 1754 canentes
344 1711 462 1755 versus
481 1689 652 1755 Saturnios
667 1703 701 1754 et
717 1689 961 1768 Fescenninos,
983 1689 1216 1781 actionemque

170 1794 392 1888 adjungentes
419 1799 588 1867 saltationi
609 1799 662 1866 vel
687 1797 950 1890 gesticulationi)
976 1821 1127 1890 coepere3
1154 1822 1218 1865 nec

170 1908 288 1974 absoni
311 1933 330 1975 a
350 1933 433 1978 voce
457 1928 568 1980 motus
595 1929 690 1978 erant
709 1916 796 1998 (non
819 1935 839 1976 a
865 1927 966 1978 cantu
991 1909 1218 1977 abhorrebant

169 2024 313 2112 gestus).
334 2026 480 2113 Accepta
497 2025 609 2116 itaque
629 2046 682 2089 res
698 2024 890 2115 saepiusque
912 2018 1108 2114 usurpando
1127 2025 1217 2088 cxci-

169 2141 248 2196 tata.
264 2128 461 2196 Vernaculis
476 2131 674 2214 artificibus,
689 2133 767 2224 quia
780 2131 876 2197 hister
885 2135 997 2198 Tusco
1009 2127 1112 2196 verbo
1124 2129 1218 2196 ludio

170 2239 369 2320 vocabatur,
392 2265 517 2309 nomen
540 2242 742 2314 baetonibus,
761 2241 921 2326 inditum3
942 2244 1000 2336 qui
1020 2264 1104 2323 non,
1132 2243 1218 2307 sicut

170 2369 268 2435 ante,
290 2358 499 2421 Fescennino
517 2379 618 2422 versu
637 2355 803 2422 similcm²
816 2357 1077 2447 incompositum
1091 2371 1216 2422 temere

169 2485 210 2528 ac
221 2459 341 2529 rudem
350 2463 488 2534 alternis
496 2462 682 2558 jaciebant,
692 2466 751 2533 sed
762 2464 916 2558 impletas
929 2462 1039 2532 modis
1051 2464 1216 2544 Saturast

210 2679 232 2716 r.
250 2665 354 2718 Etrusci
371 2664 488 2721 ludiones
508 2667 550 2720 vel
569 2668 671 2722 distrio-
716 2689 748 2722 ac
761 2667 826 2725 rude
837 2669 977 2719 mimorum
985 2683 1084 2736 genus,
1096 2665 1218 2718 sinerer

171 2759 230 2805 nes,
247 2739 275 2792 b.
295 2760 319 2792 e.
337 2743 410 2795 Mimi
424 2741 499 2815 (qua
516 2749 623 2817 propria
640 2745 672 2796 il·
716 2747 868 2800 hisacium:
881 2759 973 2818 postea
986 2746 1054 2796 enim
1065 2745 1096 2796 iis
1107 2745 1218 2815 propria

171 2817 259 2870 lorum
276 2819 418 2874 verborum
433 2825 472 2875 vis
491 2836 545 2889 cst,
565 2838 592 2874 et
609 2823 671 2875 binc
716 2827 768 2878 luit
787 2827 941 2895 conjunctio
957 2824 1085 2876 sermonis
1099 2840 1160 2873 cum
1173 2841 1217 2892 go·

170 2897 295 2951 translata
329 2900 364 2952 ad
400 2921 493 2954 ornnes
521 2901 671 2954 fabularum
717 2901 1073 2973 stictilatione‚velactioad
1085 2899 1217 2954 modoset

171 2989 291 3042 actores,
304 2981 351 3050 qui
360 2980 517 3033 simularant
528 2979 670 3052 mimi)‚ad
715 2983 808 3036 tibiam
822 2984 905 3043 lacta;
919 3001 998 3054 quam
1011 2999 1071 3032 mox
1084 2979 1217 3030 saltationi

169 3054 283 3108 tibicinis
298 3065 401 3109 tantum
414 3059 502 3110 modos
515 3058 670 3130 (numeros,
716 3062 877 3132 adjunxitsse
887 3059 982 3112 dicitur
983 3063 1110 3130 juventus
1121 3057 1217 3107 Rorna-

169 3140 252 3205 ῥιθμὸν
263 3143 301 3188 καὶ
312 3139 593 3211 dppoatav)sultobant,
605 3139 632 3192 b.
645 3160 669 3194 e.
716 3160 759 3192 na.
778 3141 840 3205 Qua
854 3141 882 3190 in
900 3159 929 3190 re
949 3139 1118 3210 potissimum
1137 3134 1218 3186 tht

169 3217 395 3288 gesticulabantur
416 3219 459 3272 vel
478 3221 588 3272 mimum
608 3240 670 3292 age·
716 3216 1218 3286 differebantaPcntomimis,quinon

171 3296 235 3349 bant
251 3298 328 3366 (nam
343 3297 447 3349 saltatio
462 3311 580 3350 veterum
590 3301 673 3370 magis
718 3314 854 3362 sermone,
875 3294 921 3347 scd
942 3293 998 3346 sola
1016 3291 1219 3364 gesticulatione

170 3376 226 3429 fere
236 3395 379 3444 manuum,
393 3395 470 3449 quam
485 3377 584 3448 pedum
598 3392 673 3429 motu
718 3373 869 3440 utebantur,
880 3392 910 3424 ac
921 3387 1045 3443 praeterea
1056 3371 1220 3442 exquisitior-i

172 3456 315 3508 artificioso
326 3455 607 3526 continebatur),siue
617 3455 673 3508 ullo
719 3475 780 3508 cum
801 3468 857 3506 arte
876 3467 902 3506 et
923 3453 1071 3524 psallebant
1091 3468 1117 3505 et
1136 3453 1219 3506 salta·

171 3536 302 3600 carmine,
319 3548 399 3587 cantu
421 3549 446 3585 et
464 3534 673 3600 declamatione,
717 3532 800 3597 bant,
817 3550 867 3583 nec
885 3533 936 3584 nisi
951 3533 1064 3602 Augusti
1077 3550 1131 3583 aevo
1151 3528 1218 3582 cele·

171 3613 225 3666 siue
236 3625 310 3676 actu,
326 3613 469 3666 dramatico
480 3627 506 3665 et
516 3615 620 3666 mimica
632 3633 674 3668 re-
717 3610 842 3662 britatem
854 3612 1014 3682 consequuti
1030 3609 1161 3662 videntur.
1176 3609 1217 3662 Cf.

172 3696 374 3764 praesentatione
387 3695 549 3760 caminum,
565 3713 676 3763 eorum,
719 3690 822 3764 Zieqler
845 3690 877 3743 de
904 3691 991 3748 Mimis
1020 3691 1219 3756 Romanorum,

174 3790 231 3843 qua²
245 3773 364 3826 canenda
373 3812 385 3841 ,‚
395 3774 567 3827 declamanda
579 3787 605 3826 et
615 3775 675 3827 imi·
719 3771 793 3825 Gott.
810 3771 885 3842 1788.

174 3854 272 3920 tanda,
293 3856 361 3907 scita
383 3855 532 3908 imitatione
555 3857 675 3926 aptisque
756 3869 780 3904 2.
793 3851 946 3922 Lugendum
961 3850 1135 3903 crediderim:
1150 3849 1219 3901 «Fa-

152 3927 157 3940 ’
173 3933 291 4005 gestibus
308 3933 479 4004 exprimenda
499 3946 595 3986 erunts
615 3951 675 3984 nam
720 3936 847 3985 scennino
855 3933 941 3984 versui
949 3930 1073 3995 similem,
1085 3933 1102 3981 i.
1115 3949 1137 3980 e.
1150 3947 1220 3980 com-

173 4030 277 4064 carmen
288 4012 316 4064 b.
329 4013 346 4065 l.
360 4027 414 4080 est,
431 4011 561 4086 quidquid
574 4014 676 4064 canitur
719 4015 837 4084 positum
848 4025 977 4078 temera»
992 4011 1042 4060 nisi
1056 4004 1145 4060 malis:
1160 4005 1220 4058 «vel

174 4105 201 4143 et
219 4091 401 4161 declamatur,
423 4113 476 4166 quo
497 4111 577 4146 sensu
597 4093 677 4146 etiam
721 4094 896 4162 compositum
906 4105 1006 4142 temere
1016 4107 1047 4139 ac
1059 4085 1183 4138 rudem·

173 4190 236 4222 mox
257 4190 360 4224 suorum
382 4175 547 4239 carminum,
572 4170 677 4224 drama·
757 4173 781 4224 3.
800 4173 859 4224 Haec
877 4184 917 4224 est
935 4171 1023 4242 prisca
1040 4170 1221 4220 Romanorum

174 4261 245 4314 tum,
255 4261 328 4302 actor
336 4250 441 4304 dicitur.
449 4255 507 4305 Hoc
514 4264 554 4304 est
562 4252 677 4322 primum
720 4250 814 4302 Satura
824 4269 844 4302 s.
854 4247 956 4314 Satira,
968 4265 1051 4318 eaque
1063 4245 1223 4312 dramatica,
