2986 4924
353 388 1387 426 :tm

656 545 871 624 SATIRAE
900 547 1088 623 SEXTAE

614 745 636 798 ι
723 735 1013 788 aaouunnruu.

386 922 560 980 Postremus
567 917 618 978 hic
627 939 725 978 sermo
736 918 774 978 de
785 917 915 978 fortunae
925 919 1016 978 bonis
1025 920 1207 995 instituitur,
1214 941 1353 1004 quorum
1360 923 1390 980 in

345 1041 404 1081 usu
419 1040 536 1079 servare
547 1017 690 1094 modum,
704 1018 887 1077 Neronianis
901 1020 1070 1100 praesertim
1086 1017 1294 1102 temporibus,
1310 1022 1391 1101 igno
1490 1025 1492 1032 '

346 1118 458 1178 ravisse
469 1113 774 1176 videnturbomines.
782 1114 898 1174 Scilicet
910 1114 975 1192 alii,
986 1113 1145 1175 horridam
1157 1115 1244 1176 illam
1251 1131 1398 1177 veterum·

345 1218 560 1276 Romanorum
573 1213 795 1297 parcimoniam
810 1214 942 1274 avaritiae
957 1235 1019 1274 suae
1033 1215 1271 1298 praetendentes,
1286 1238 1318 1276 se
1334 1239 1389 1277 ser·

345 1332 461 1394 vosque
469 1333 539 1371 suos
553 1313 634 1371 victu
646 1309 774 1371 honesto
785 1309 1027 1386 defraudabant,
1039 1311 1196 1391 vitamque
1208 1334 1264 1393 per
1273 1327 1352 1371 artes
1361 1327 1388 1372 et

346 1409 526 1469 Graecorum
537 1407 734 1492 prudentiam
747 1409 853 1468 ornari
871 1429 905 1468 ac
921 1409 1076 1468 mitescere
1096 1409 1306 1490 querebantur
1315 1434 1325 1485 ;
1341 1409 1389 1468 alii

345 1508 379 1566 in
390 1505 543 1588 captanda
554 1504 744 1565 stolidissimi
757 1506 882 1586 tyranni
894 1518 947 1565 aut
960 1505 1104 1585 ignobilis
1117 1504 1282 1588 plebeculae
1293 1507 1390 1587 gratia

345 1604 484 1664 fortunas
505 1602 750 1685 profundebant;
774 1603 864 1662 multi
884 1603 965 1662 bona
986 1600 1100 1662 haeredi
1121 1605 1235 1663 intacta
1258 1624 1389 1664 asserva-

345 1703 435 1779 bant,
451 1723 468 1762 a
481 1722 544 1784 quo
558 1724 652 1762 vanos
664 1717 735 1784 post
746 1717 876 1763 mortem
889 1703 1024 1764 honores
1037 1715 1300 1786 promererentur,
1313 1727 1389 1766 non·

265 1863 267 1870 ,
346 1799 448 1860 nullos
462 1800 565 1860 videre
574 1800 634 1860 fuit
647 1802 822 1882 turpissimo
838 1803 966 1881 quaestui
978 1800 1128 1875 addictos,
1144 1814 1237 1882 atque
1250 1804 1346 1862 etiam
1358 1805 1390 1862 in

346 1916 382 1957 eo
392 1885 517 1956 laudem
527 1912 692 1978 ponentes,
704 1899 729 1957 si
739 1899 990 1981 praestantissima
998 1911 1155 1981 pascerent
1164 1897 1390 1982 venderentque

346 2013 475 2074 corpora
490 2013 661 2054 servorum.
1384 2065 1387 2071 .

386 2090 498 2149 Pravos
519 2090 589 2150 istos
609 2091 722 2150 civium
745 2111 843 2151 mores
863 2091 1011 2173 refingere
1024 2093 1119 2153 Stoici
1138 2094 1319 2153 nitebantur
1340 2111 1390 2175 per

346 2182 411 2244 haec
421 2197 585 2268 praecepta:
595 2184 771 2246 vivendum
783 2200 826 2246 est
837 2207 896 2268 pro
908 2188 1028 2248 ratione
1038 2188 1237 2249 fortunarum
1250 2203 1389 2266 suarum,

346 2284 458 2366 quibus
468 2285 513 2344 uti
525 2284 623 2361 decet,
636 2305 702 2344 nou
713 2286 813 2360 abuti3
825 2284 909 2346 decet
919 2307 1026 2348 curare
1037 2289 1184 2369 seipsum,
1197 2288 1305 2370 largiri
1317 2290 1390 2350 ami-

347 2382 408 2456 cis,
422 2381 568 2464 opitulari
581 2382 758 2464 egentibus3
773 2381 923 2470 haeredem
939 2385 1118 2466 sibimetipsi
1133 2385 1278 2467 praeferre
1299 2408 1335 2447 ac
1349 2409 1389 2446 re·

347 2481 947 2564 vereri,ineptum,iniquum;quaestum
957 2482 1389 2565 facereipsoamorequoestus,

346 2573 568 2654 inhumanum,
590 2577 760 2639 infinitum.
780 2582 840 2656 lta,
861 2579 978 2661 justum
993 2601 1111 2640 servare
1127 2581 1258 2641 modum
1273 2582 1306 2641 in
1322 2603 1389 2656 usu,

347 2673 382 2732 iu
391 2686 532 2756 sumptu,
546 2676 580 2734 in
591 2674 710 2752 dando,
722 2675 871 2756 legando,
884 2677 1083 2757 acquirendo,
1098 2678 1266 2739 eudemum
1276 2681 1390 2762 sapien-

346 2771 390 2829 tia
405 2771 596 2847 est.·-Quas
610 2774 679 2831 vitae
696 2773 775 2854 leges
792 2774 909 2833 Persius
926 2795 988 2835 non
999 2773 1099 2855 rigida
1114 2789 1144 2835 et
1153 2774 1263 2857 jejuna
1278 2776 1389 2836 disserit

348 2868 507 2943 oratione,
522 2869 575 2927 sed
591 2870 688 2944 varia,
702 2869 816 2952 lepida,
829 2872 948 2953 jocosa,
964 2891 1048 2932 nunc
1061 2875 1133 2933 curn
1145 2875 1245 2934 amico
1260 2886 1350 2957 poeta
1363 2887 1389 2934 et

347 2983 450 3022 secum
470 2961 653 3040 collocutus;
670 2987 754 3026 nunc
771 2967 914 3028 futurum
939 2967 1090 3030 haeredem
1108 2991 1200 3031 suum
1221 2993 1333 3032 vocans
1352 2971 1389 3031 ad

347 3059 492 3134 calculos3
503 3060 658 3122 interdum
668 3064 860 3127 subsannans
873 3079 1022 3150 tyrannos
1031 3080 1061 3128 et
1070 3069 1243 3152 popellum3
1256 3070 1389 3132 ubicum-

348 3177 409 3238 que
420 3156 521 3219 sordes
533 3178 697 3221 avarorum
708 3176 739 3223 et
749 3161 872 3225 lucrum
883 3180 1046 3226 aversatus.

801 3367 941 3382 Ψ

664 3509 872 3589 SATIRAE
901 3513 1093 3592 SEXTAE
1140 3591 1141 3596 ,

770 3693 968 3749 attanists.

388 3851 520 3912 oesiam
534 3853 675 3930 Bassum,
696 3856 829 3938 lyricum
848 3869 971 3940 poetam
988 3857 1192 3940 eumdemque
1205 3857 1386 3920 familiarem

348 3969 455 4029 suum,
469 3951 597 4012 ubinam
610 3952 701 4033 degat
718 3956 831 4038 quidve
841 3955 1014 4036 meditetur]
1025 3957 1211 4040 interrogat,
1223 3972 1313 4041 atque
1328 3977 1386 4018 cer·

347 4046 458 4110 tiorem
464 4047 539 4111 facit
550 4071 581 4113 sc
587 4047 734 4134 hyemare
745 4053 779 4115 in
790 4052 893 4136 tepida
902 4053 1035 4135 Ligurius
1047 4075 1118 4144 ora,
1132 4052 1191 4116 sub
1201 4057 1288 4130 urbis
1296 4059 1385 4117 Luna
