2986 4924
342 442 408 488 000
515 410 670 484 VARIAE
692 417 965 484 LECTIONES
987 416 1050 482 ET
1074 419 1210 485 NOTAE

339 561 415 599 retus
431 546 468 597 010
486 540 654 607 00100Ιί0000οῑ
670 561 702 596 00
720 545 808 616 reipsa
822 546 956 616 antiquius
969 544 1071 597 nullutn
1080 547 1216 618 profertur
1226 546 1379 618 00000001οι0.Ι

339 629 424 682 Vertit
434 624 609 688 casaubonus
619 647 624 675 :
636 623 773 678 ambulare
785 645 859 678 more
869 626 985 678 comicis.
996 625 1088 696 virgil.
1099 625 1233 696 600001,
1245 626 1297 678 388
1307 648 1313 677 :

539 765 565 806 110
575 761 621 806 sols
631 763 653 806 in
665 763 722 806 01000
732 777 807 807 secum
816 765 923 822 spatiatur
931 777 1004 808 arena.

336 886 528 956 Interpretatur
540 883 688 934 Priscianus
703 881 775 947 vttl,
790 882 856 950 808,
867 885 1049 953 importunum
1060 882 1174 953 garrire,
1191 879 1292 948 κράζων.
1306 881 1380 932 cont.

336 963 545 1036 Δο100001000.10
557 963 673 1036 Equitib.
689 962 734 1015 ubi
748 962 847 1016 ridetur
860 963 1005 1015 infelicium
1021 978 1155 1015 oratorum
1170 960 1314 1014 insulsitas.
1329 963 1381 1012 llo-

336 1046 386 1087 ret.
401 1038 428 1088 in
440 1039 515 1100 Arte,
529 1033 581 1105 457
596 1053 655 1106 sqq.
665 1064 700 1074 -
709 1033 817 1087 Mallem
829 1037 997 1105 interpretari
1009 1057 1015 1086 r
1026 1036 1082 1086 Nee
1093 1047 1135 1100 00,
1148 1051 1221 1086 more
1232 1035 1381 1097 cornicum,

337 1135 416 1168 voces
434 1116 530 1167 emittis
545 1129 691 1184 agonum,
706 1133 886 1186 compressus,
903 1113 1059 1188 impeditas,
1075 1114 1165 1187 palato
1183 1112 1381 1186 supplantatas,

338 1193 372 1247 tle
384 1195 481 1268 quibus
492 1199 549 1266 jam
560 1195 638 1250 Satir.
650 1197 677 1263 1,
692 1193 735 1248 35.

366 1328 428 1385 Vett.
446 1325 481 1378 13.
494 1328 542 1378 Nec
554 1323 644 1389 stloppo
659 1326 757 1378 tumidas
770 1327 866 1374 intendas
880 1343 984 1392 rumpere
998 1328 1087 1378 000000.
1102 1351 1131 1364 -
1140 1326 1243 1373 Multum
1258 1325 1382 1382 0001000010

336 1397 379 1445 1000
392 1396 481 1446 edenda
493 1413 550 1444 0000
559 1398 635 1445 Mus,
647 1397 759 1443 Codices:
769 1396 808 1442 alii
821 1396 895 1457 (solt
907 1410 930 1443 et
940 1398 1016 1456 8055)
1032 1397 1112 1444 100000
1127 1397 1230 1462 stloppo,·
1243 1395 1283 1442 elii
1295 1395 1382 1458 (8070)

336 1466 446 1532 0010000οο
460 1466 499 1512 0111
513 1465 601 1529 (3073)
614 1465 699 1530 selopo.
711 1464 867 1513 Prmulrrunt
876 1469 969 1529 optirnae
983 1479 1044 1514 note
1054 1467 1170 1515 editiones
1180 1478 1203 1513 et
1211 1467 1315 1512 lexicon
1324 1465 1381 1510 Pae·

335 1537 549 1602 0101001001000000,
560 1553 629 1600 quem
639 1552 682 1599 ego
692 1535 853 1601 recipiendum
861 1540 951 1600 putavi.

371 1655 438 1705 Nou.
462 1651 502 1704 13.
517 1653 573 1705 Nec
590 1649 692 1722 seloppo
711 1650 823 1704 tumidas
841 1650 953 1704 intendis
966 1669 1085 1723 rumpere
1103 1652 1200 1704 800000.
1214 1680 1251 1691 -
1265 1651 1383 1702 Tertium

334 1753 418 1806 00000
431 1747 529 1786 000000
543 1731 668 1798 notandi,
683 1734 728 1803 qui
740 1733 868 1784 affectant
878 1734 977 1784 inania.
990 1734 1069 1785 Nunc
1081 1733 1187 1786 ducitur
1201 1731 1359 1802 metaphora
1368 1748 1384 1781 0

332 1815 423 1887 pueris
435 1812 603 1877 ludentibus,
619 1813 665 1884 qui
681 1811 778 1864 buccas
795 1812 898 1864 inflatas
914 1811 1002 1865 subito
1015 1815 1153 1884 aperiunt,
1168 1825 1295 1865 ettotam
1306 1809 1383 1864 simul

334 1894 425 1947 llatum
439 1913 500 1958 oum
514 1895 603 1946 sonitu
616 1892 743 1944 fundunt.
756 1892 881 1965 Stlopptts
890 1911 939 1944 vox
952 1906 992 1944 est
1004 1906 1197 1965 00000οῑ0000.

369 2018 436 2070 Nor.
460 2015 500 2081 04.
520 2015 603 2076 Verius
617 2025 682 2086 tuqoe
697 2013 821 2086 sequeris,
827 2017 956 2085 junctura
973 2013 1083 2072 oollidus
1095 2017 1205 2071 0001-
1218 2014 1304 2068 Verba
1319 2023 1382 2084 toqoe

331 2096 443 2169 sequeris
447 2117 457 2158 ,¹
470 2105 556 2167 000000
570 2093 613 2144 alii
623 2092 773 2163 intelligunt
784 2092 817 2144 de
827 2111 909 2164 0000,
920 2107 1000 2166 atque
1011 2093 1081 2146 hano
1093 2091 1199 2148 laudem
1210 2117 1215 2145 :
1230 2093 1307 2148 uerba
1318 2102 1382 2163 topae

333 2177 442 2249 sequeris
454 2193 593 2247 opponere
606 2173 730 2234 videntur
745 2175 856 2224 istorum
872 2175 951 2239 vitio,
968 2176 1016 2246 qui
1028 2174 1097 2230 bella
1113 2174 1233 2228 Parthica
1243 2175 1381 2234 recinunt;

334 2257 379 2308 alii
394 2253 546 2324 intelligunt
561 2251 595 2306 de
610 2252 685 2318 1000,
700 2251 923 2325 quemadmodum
934 2255 961 2304 in
973 2253 1023 2306 hac
1038 2255 1184 2306 sententia:
1201 2251 1300 2306 rodant
1312 2269 1383 2303 00000

333 2347 412 2408 0000,
427 2349 506 2405 atque
521 2353 579 2394 eam
589 2331 696 2390 laudens
705 2334 794 2385 Persio
808 2332 889 2385 tribui
901 2345 1010 2405 putant,
1023 2332 1096 2406 quod
1107 2333 1202 2406 stylum
1217 2344 1329 2404 usurpet
1341 2331 1383 2383 10-

333 2433 452 2479 rensem,
463 2416 490 2465 10
500 2431 550 2476 000
561 2413 693 2470 communi
704 2415 834 2484 positum,
848 2431 897 2465 000
908 2432 921 2464 0
931 2412 1080 2485 longinquo
1091 2415 1216 2485 petitum,
1231 2415 1255 2466 ei
1267 2431 1325 2464 non
1337 2411 1383 2464 ab·

332 2493 461 2561 similem,
480 2512 559 2565 quem
577 2505 655 2544 vocat
673 2493 797 2562 [lq-atius
818 2494 928 2546 00000001
943 2495 1106 2565 propiorem,
1125 2507 1171 2546 aut
1187 2512 1289 2548 musam
1303 2494 1383 2566 pede·

332 2586 417 2634 strem.
430 2574 496 2641 Qum
507 2575 738 2644 interpretationes
751 2573 838 2628 minus
850 2571 913 2628 mihi
922 2571 1040 2645 placent,
1053 2591 1133 2645 quam
1146 2573 1216 2625 heo:
1230 2585 1292 2645 toqa
1304 2573 1382 2625 restit

332 2670 372 2710 est
388 2657 496 2727 propria
509 2657 677 2720 Latinorum,
693 2670 760 2724 quos
771 2667 849 2704 vocat
861 2653 987 2724 Virgilius
994 2665 1099 2728 pentem
1115 2665 1244 2730 topatumr
1256 2655 1295 2705 ita
1307 2655 1384 2707 verda

332 2747 399 2809 0000
408 2734 489 2788 verba
502 2747 562 2786 suut
574 2732 643 2786 hene
654 2733 761 2798 Latina,
776 2734 884 2804 proprla
898 2733 985 2785 Latini
999 2735 1143 2796 sermonis;
1156 2751 1211 2806 quar
1224 2735 1302 2786 uerba
1313 2734 1384 2806 sequi

331 2833 386 2866 000
397 2832 477 2886 00000
486 2812 544 2866 1000
559 2824 611 2878 est,
625 2825 692 2862 teste
703 2809 805 2877 Tullio,
824 2813 871 2884 qui
882 2815 908 2862 in
927 2812 994 2864 libro
1005 2814 1044 2866 De
1058 2813 1141 2866 Claris
1152 2813 1326 2881 Oratoribus,
1338 2815 1384 2885 qui

331 2895 427 2945 Brutus
443 2890 606 2955 inscribitur,
623 2904 754 2961 perpetuo
766 2893 879 2944 secernit
892 2889 1026 2945 hominem
1042 2893 1075 2945 ab
1091 2893 1199 2946 homine
1209 2892 1262 2944 hoc
1275 2894 1384 2964 0001001-

331 2991 421 3039 mum,
439 2971 512 3044 quod
532 2971 613 3023 100100
631 2969 762 3042 loquutur.
782 2972 934 3024 Paucissimi
954 2977 1024 3026 enim
1045 2987 1123 3040 0000,
1145 2976 1192 3046 qui
1211 2971 1383 3028 vernaculam

330 3069 404 3104 suam
417 3050 534 3122 linguam
550 3051 669 3120 apprime
682 3052 820 3118 noverint,
838 3051 909 3123 quod
922 3067 1009 3105 tamen
1021 3056 1092 3125 parit
1105 3052 1182 3106 labor
1198 3069 1224 3106 st
1240 3053 1381 3106 industria.

330 3132 405 3182 11000
415 3129 494 3198 igitur
503 3127 650 3180 modestam
662 3127 768 3182 laudem
780 3130 831 3182 sibi
842 3134 951 3183 assumit
960 3135 1073 3186 Persius.
1084 3136 1259 3185 -Juncrura
1269 3131 1383 3184 callidus

330 3211 399 3271 acri,·
410 3212 437 3260 10
447 3207 499 3259 1000
509 3209 688 3279 potissimum,
700 3221 765 3261 teste
775 3213 845 3262 Artis
855 3215 964 3282 0000100
976 3225 1099 3281 auctore,
1110 3215 1187 3264 situm
1197 3225 1237 3266 est
1246 3211 1382 3265 scribendi

330 3287 485 3417 arsinoiufit,
497 3288 518 3339 01
515 3290 676 3430 iuncturam
686 3291 803 3356 noveris,
818 3290 845 3341 h.
860 3309 882 3342 e.
897 3293 919 3344 si
932 3291 1010 3344 verba
1023 3311 1083 3345 curn
1096 3292 1185 3346 verbis
1197 3305 1258 3370 0000
1270 3309 1382 3364 000000-

331 3383 429 3428 suune:
449 3425 450 3430 ¹
465 3384 505 3418 or.
535 3383 568 3435 73

531 3478 715 3537 111000100000010,
725 3482 831 3525 00000001
842 3481 919 3526 militis
928 3486 1019 3528 00010000
1029 3489 1033 3496 ’

462 3565 464 3570 ’
530 3547 771 3608 lleddidetitjrtnetura
780 3564 870 3594 notum.

329 3657 405 3708 Hane
422 3667 503 3708 artem
509 3659 643 3731 junpendi
655 3659 733 3711 verbe
750 3658 846 3712 callide
860 3677 951 3712 ornnes
966 3663 1074 3715 omuino
1090 3664 1140 3716 sibi
1160 3677 1255 3736 000000
1268 3666 1379 3737 0001000·

329 3738 479 3807 000,·00001
491 3735 635 3796 admodum
649 3755 858 3813 consequuntur.
870 3745 900 3800 ln
910 3739 961 3798 hoc
974 3761 1002 3796 se
1013 3742 1113 3815 aliquid
1125 3747 1269 3816 profecisse
1282 3746 1378 3798 merito

331 3812 382 3878 sibi
398 3815 500 3866 Persius
516 3815 1022 3890 000001000ος00000000010000000οω
1038 3823 1064 3873 in
1082 3821 1135 3874 hoo
1152 3821 1304 3874 adhibuerit
1319 3821 1378 3874 dili-

328 3896 444 3964 gentism
456 3909 482 3947 et
494 3913 573 3966 quam
584 3915 652 3969 saepe
663 3901 787 3953 meruerit
800 3899 1010 3966 admirationem.

359 4028 421 4074 Vttt.
438 4028 473 4074 15.
490 4027 537 4074 000
556 4037 612 4076 teres
626 4031 725 4089 modain,
739 4029 854 4097 pallentes
870 4032 947 4078 rudere
966 4049 1038 4084 mores
1050 4037 1188 4080 Dorus.—
1205 4032 1283 4083 Edunt
1301 4033 1375 4079 utta.

329 4096 426 4159 (1001000
435 4099 510 4162 8018,
522 4100 596 4164 8070,
607 4102 669 4166 8073
678 4103 832 4167 nonnullique
842 4103 942 4166 editores
951 4108 1003 4166 teris¹
1015 4121 1059 4167 000
1068 4115 1138 4166 tems,
1150 4103 1214 4176 quod
1223 4101 1375 4160 1010008055,
