3116 4934
398 443 463 510 588
801 443 1037 508 PERSIANA

396 592 457 653 qua
474 571 622 644 mutatio,
638 583 682 630 est
700 583 731 629 et
744 568 830 630 iocus
847 569 924 628 alter
939 571 971 628 in
989 570 1112 629 Horatii
1130 569 1218 628 Davo
1236 567 1453 628 conferendus

395 689 466 730 cum
481 670 555 744 isto,
571 689 663 749 quern
678 679 836 750 propterea
852 667 1053 742 ascribemus,
1068 667 1129 727 Sat.
1145 666 1245 748 7‚lib.
1262 687 1323 727 sec.
1333 687 1377 726 vs.
1389 687 1453 746 90:

582 819 656 864 Poscit
666 829 688 864 te
697 817 793 873 mulier,
803 829 884 872 vexat,
894 816 1029 880 foribusque
1039 817 1158 879 repulsum

582 886 701 933 Perfundit
710 885 786 948 gelida
796 903 802 933 ε
812 901 891 932 rirruus
900 899 966 932 vocnt
977 903 982 932 :
995 887 1058 948 eripe
1067 888 1130 949 tiu-pi

582 958 647 1004 Colla
656 961 725 1022 jugo,
735 958 808 1014 liber,
817 957 876 1004 iiber
885 973 949 1014 sum,
961 957 998 1004 dic
1008 974 1058 1020 age.

440 1082 503 1162 175.
521 1083 616 1142 lictor
627 1105 716 1164 quam
726 1077 824 1162 jactat
839 1085 960 1165 ineptus.
979 1119 1016 1127 -
1034 1083 1149 1142 Eodem
1166 1081 1237 1142 loco
1256 1082 1389 1164 epistola
1414 1081 1456 1141 ad

396 1183 530 1254 Scaevam
544 1181 643 1241 simile
654 1179 726 1240 huic
742 1185 898 1265 ἀκρόστιχον
912 1181 1044 1263 legitur:

643 1314 796 1361 “deseret
807 1317 1036 1378 tinerivatineptut.

440 1451 503 1513 ¹77·
523 1431 603 1490 Cicer
623 1433 717 1512 inqere
735 1429 814 1513 lorye
830 1435 952 1492 Rixonti
966 1431 1080 1514 populo.
1096 1433 1246 1494 —Satira
1262 1432 1355 1491 tertia
1375 1430 1454 1490 libri

390 1528 536 1604 secundi,
551 1549 593 1590 vs.
611 1530 685 1588 182:

583 1644 692 1688 incinere
702 1653 772 1704 atque
782 1641 834 1688 faba
847 1643 909 1688 hona
920 1652 945 1688 tu
957 1641 1086 1705 perdatque
1096 1643 1190 1707 lupinis.

441 1767 504 1842 184.
512 1766 610 1826 Labra
617 1789 710 1828 moves
718 1769 1109 1851 tacittts.-Horatius,Epl.
1125 1763 1169 1844 16,
1178 1769 1231 1829 lib.
1242 1770 1333 1850 prim.
1344 1791 1389 1830 vs.
1399 1773 1456 1831 60:

582 1893 656 1939 [abra
666 1909 746 1940 moves
758 1896 856 1956 cupiens
868 1894 952 1940 audiri.

440 2008 504 2083 184.
524 2012 710 2090 Recutitoque
726 2008 847 2070 sabbato
864 2008 964 2089 palies.
975 2045 1013 2055 —
1027 2011 1203 2087 Formidas‚
1220 2024 1249 2070 et
1263 2010 1340 2072 colis
1353 2033 1473 2072 cessa·=

396 2107 481 2166 tione
495 2106 533 2164 ab
552 2107 640 2166 omni
658 2126 758 2188 opere.
773 2108 842 2165 Jam
863 2107 984 2165 Horatii
1005 2120 1145 2187 tempore
1164 2127 1227 2167 non
1245 2106 1377 2168 deerant
1398 2109 1457 2190 qui

396 2201 522 2264 sabbata
541 2223 611 2262 cum
626 2205 643 2262 J
648 2202 740 2262 udoeis
754 2202 966 2276 observarent,
987 2217 1022 2262 ut
1037 2205 1069 2262 in
1081 2205 1140 2263 Sat.
1151 2223 1170 2281 9
1182 2204 1276 2284 primi
1286 2204 1342 2266 lib.
1355 2205 1417 2266 68:

522 2379 601 2392 .....
613 2343 705 2392 Meliori
718 2357 822 2406 tempore
833 2344 909 2389 dicam
921 2359 926 2388 :
938 2343 1008 2390 hodic
1020 2345 1135 2390 tricesima
1145 2343 1250 2390 sabbata.

441 2470 505 2530 185.
530 2471 603 2528 Tum
618 2471 696 2550 niqri
712 2467 849 2544 lentum,
870 2488 987 2547 ovoque.
1001 2501 1039 2511 -
1054 2468 1091 2527 ln
1109 2466 1236 2548 epistola
1251 2467 1290 2527 ad
1304 2467 1455 2543 Florum,

396 2566 478 2630 libro
493 2568 540 2628 11:

521 2739 649 2784 Nocturnos
661 2736 775 2793 lemures,
788 2669 1058 2800 porieniiiiusendirioat·
1070 2735 1148 2782 rides?

441 2890 504 2949 ¹9¹·
527 2871 567 2928 Et
589 2881 702 2927 ceritum
725 2871 838 2928 Graecos
862 2880 942 2928 curio
968 2880 1095 2928 centiuse
1116 2866 1224 2928 licetur.
1247 2901 1285 2912 -
1299 2869 1454 2927 Horatius

395 2967 512 3026 dixerat
522 2965 560 3025 de
575 2967 699 3024 Laevino
714 2966 867 3046 quodam,
882 2968 942 3027 Sat.
957 2967 993 3044 6,
1007 2965 1062 3026 lib.
1076 2967 1166 3047 prim.
1180 2987 1222 3026 vs.
1239 2966 1293 3024 13:

800 3142 879 3155 .....
893 3109 968 3154 Unius
980 3110 1051 3162 amit,

521 3181 573 3225 Non
584 3196 688 3244 unquam
697 3182 773 3242 pretio
785 3179 857 3242 pluris
866 3180 967 3227 licuisse.

399 3306 517 3364 Persius
534 3305 577 3364 ita
592 3305 729 3366 imitatus
743 3321 803 3380 est,
816 3319 851 3365 ut
867 3306 990 3387 pondus
1003 3305 1120 3385 grande
1134 3306 1291 3364 sententia
1305 3303 1457 3385 adjiceret

398 3404 438 3464 ad
450 3402 709 3486 significationem
724 3420 937 3488 contemptus,
954 3404 1040 3486 quod
1055 3406 1089 3465 in
1105 3405 1339 3466 Commentario
1357 3422 1456 3484 expo-

398 3501 492 3562 situm
503 3516 546 3562 est
560 3524 578 3562 a
595 3502 695 3563 nobis.

788 3657 843 3732 iri
871 3605 1090 3733 saxrtj

441 3857 469 3918 7.
488 3835 687 3916 Hibernntqtie
704 3858 799 3913 meunt
816 3858 904 3896 mare.
920 3871 960 3880 -
974 3836 1121 3896 Horatius
1136 3837 1167 3895 in
1186 3830 1305 3908 Ofello,
1327 3831 1385 3892 lib.
1406 3831 1456 3906 11,

401 3935 462 3994 Sat.
476 3956 510 4011 a,
526 3955 569 3992 vs.
586 3952 638 4013 17:

946 4092 950 4102 .
965 4047 988 4103 .⁰.
1001 4093 1006 4102 .
1020 4093 1024 4102 .
1037 4059 1118 4102 Atrum

590 4125 721 4174 Deis-dent
731 4129 803 4189 pisces
813 4125 899 4174 hiemat
910 4141 980 4172 utare.
