3116 4934
317 481 382 548 552
511 481 571 546 nn
595 481 687 546 sar.
713 479 924 560 nucruu,
950 480 1175 560 uoulru,

314 612 430 678 munia
449 607 588 674 fuerunt
602 610 799 675 Graecorum
813 623 848 674 et
866 611 1117 692 Romanorum,
1139 607 1230 676 unde
1248 610 1367 677 multae

316 743 370 788 res
385 734 419 786 et
430 718 610 798 dictiones,
625 741 709 812 quas
720 733 836 810 turpes
850 733 884 786 et
894 717 1069 786 obscoenas
1080 743 1173 788 nunc
1184 742 1366 802 vocamus,

315 835 350 898 in
366 847 588 926 utrorumque
599 829 694 898 lactis
706 846 740 898 et
750 816 863 913 dictis,
878 832 943 898 nisi
959 830 1111 900 bouestae
1124 855 1165 898 ac
1180 830 1365 900 laudabiles

316 959 442 1024 essent,
461 958 575 1008 tamen
592 942 664 1008 siue
683 939 944 1034 reprehensione
960 957 994 1010 et
1012 941 1149 1025 fierent,
1167 958 1200 1010 et
1215 940 1367 1010 diceren-

316 1069 384 1120 tur.
400 1054 550 1120 Primum
561 1052 634 1142 ipsa
646 1049 842 1143 mythorum
857 1068 891 1118 et
902 1075 1076 1121 sacrorum
1091 1054 1192 1135 ratio,
1207 1055 1366 1147 antiquis-

317 1163 409 1230 simis
431 1159 640 1254 temporibus
663 1177 739 1228 orta·
757 1176 791 1227 et
815 1163 1016 1245 constituta,
1046 1160 1185 1244 multis,
1209 1179 1248 1230 ut
1272 1187 1365 1231 nunc

315 1271 472 1367 quidem,
491 1271 623 1340 lascivis
642 1288 675 1338 et
692 1269 877 1354 obsooenis,
897 1296 973 1366 quae
993 1271 1162 1364 religionis
1181 1276 1363 1342 auctoritas

317 1386 414 1477 quasi
432 1399 604 1458 sanxerat,
624 1398 754 1450 mentes
777 1399 811 1450 et
831 1406 929 1450 aures
946 1385 1149 1452 castissimas
1166 1383 1360 1452 adsuefecit.

219 1497 222 1504 '
317 1496 445 1563 Deinde
456 1497 581 1564 Graecis
598 1511 633 1562 et
647 1497 808 1564 Romanis
826 1494 879 1564 vel
892 1495 1135 1579 severioribus,
1147 1521 1253 1591 quum
1266 1498 1365 1564 vesti-

318 1625 430 1675 menta
447 1605 578 1675 nullam
593 1607 661 1674 fere
680 1609 829 1699 corporis
842 1623 971 1700 partem
987 1631 1121 1700 semper
1141 1607 1307 1688 celarent,
1328 1622 1365 1673 et

316 1723 351 1786 in
372 1716 665 1786 exercitationibus
684 1719 848 1811 gymnicis
860 1720 973 1786 omnia
989 1741 1080 1810 saepe
1092 1717 1361 1811 deponerentur,

317 1832 519 1922 feminaeque
541 1853 583 1894 ex
607 1830 773 1920 gynaeceis
794 1831 830 1894 in
856 1829 1005 1896 virorum
1030 1827 1308 1896 consuetudinem
1329 1845 1365 1894 et

315 1955 440 2006 coetum
449 1963 526 2005 raro
539 1940 707 2020 venirent,
719 1952 756 2004 ut
767 1935 889 2028 pudori
900 1939 1051 2029 ipsarum
1062 1937 1181 2006 fuisset
1191 1937 1363 2006 consulen-

317 2047 418 2130 dum;
436 2046 542 2114 multa
554 2062 751 2114 manserunt
761 2044 903 2116 honesta
919 2063 951 2114 et
963 2049 1036 2116 siue
1048 2045 1177 2115 honore
1193 2047 1363 2140 praelando

317 2157 476 2241 dicenda,
493 2179 588 2252 quae,
607 2158 884 2226 vestimentorum
896 2160 1071 2226 immutata
1086 2160 1215 2226 ratione
1227 2174 1260 2225 et
1272 2182 1363 2226 vere-

319 2271 455 2354 cundia,
466 2273 500 2337 in
514 2273 703 2365 sequiorem
711 2293 844 2351 sexum,
854 2273 1012 2364 quinuuc
1021 2291 1089 2340 nou
1102 2273 1275 2338 minimam
1287 2273 1364 2338 ritae

319 2381 451 2449 socialis
465 2397 595 2476 partem
610 2383 801 2464 constituit,
818 2380 861 2448 ab
874 2385 1020 2473 ingenue
1032 2399 1066 2450 et
1077 2381 1259 2450 liberaliter
1274 2382 1364 2450 insti·

319 2497 397 2561 tutis
416 2517 486 2561 nou
502 2508 719 2585 usurpantur.
742 2497 861 2574 Porro,
879 2487 971 2587 quod
992 2507 1093 2586 caput
1112 2490 1193 2560 mihi
1216 2491 1361 2572 videtur,

317 2631 423 2701 quum
437 2631 546 2674 mores
564 2607 687 2678 civium
701 2589 875 2697 disciplina
887 2603 1038 2696 publica,
1054 2601 1221 2696 majorum
1236 2606 1363 2671 institu-

317 2721 358 2786 tis
379 2737 412 2787 et
440 2718 568 2810 legibus
594 2717 738 2785 maxime
758 2711 1007 2800 formarentur,
1032 2719 1072 2786 iis
1098 2733 1211 2785 autem
1235 2715 1362 2808 legibus

315 2831 404 2898 cives
418 2845 549 2896 tantum
569 2813 783 2915 teneriutum
802 2827 929 2910 multa,
947 2851 1023 2922 quae
1041 2829 1152 2921 turpia
1169 2827 1362 2895 fuissentin

315 2944 404 3006 cives
419 2939 615 3017 commissa,
628 2940 662 3002 in
674 2940 871 3029 peregrinos
884 2960 1043 3006 concessa
1058 2955 1171 3020 erant;
1185 2937 1361 3032 dequibus

314 3053 414 3142 igitur
433 3047 537 3115 libere
552 3063 587 3114 et
603 3062 718 3139 aperte
732 3044 826 3140 loqui
844 3071 945 3114 nemo
961 3047 1157 3130 verebatur,
1177 3049 1360 3141 praesertim

315 3164 347 3226 iu
378 3159 621 3250 elegantiorum
649 3176 683 3226 et
712 3155 970 3234 delicatulorum
998 3157 1141 3226 circulis.
1172 3160 1360 3226 Honestatis

315 3266 469 3365 quidem,
483 3265 613 3335 decoris
627 3284 660 3333 et
674 3266 812 3360 pudoris
825 3271 857 3334 vi
870 3270 974 3360 magis
992 3266 1141 3350 exculta,
1154 3270 1194 3348 ii,
1215 3271 1272 3361 qui
1291 3291 1360 3360 gra·

314 3381 405 3446 vitati
425 3395 457 3446 et
475 3378 628 3471 dignitati
646 3376 839 3462 studerent,
857 3403 876 3446 a
895 3377 1009 3446 multis
1029 3377 1164 3472 quidem
1186 3376 1281 3445 dictis
1300 3377 1360 3445 sibi

315 3507 562 3582 temperarunt,
576 3513 653 3584 quae
666 3487 890 3556 multitudinis
901 3488 1024 3557 levitati
1034 3488 1269 3580 etpetulantiae
1281 3511 1361 3555 sem·

315 3627 375 3693 per
396 3601 644 3694 probabantur,
666 3618 704 3669 ut
718 3599 852 3669 Periclis
874 3615 1024 3694 tempore
1043 3599 1276 3694 Aristophanis
1294 3599 1360 3693 joci

314 3717 438 3806 impuri
453 3713 722 3792 Atheniensibus,
736 3711 860 3808 quibus
874 3711 1059 3782 honestatis
1074 3731 1242 3805 praecepta
1254 3717 1361 3780 Socra-

313 3841 362 3892 tes
379 3823 579 3904 tradiderat,
598 3846 747 3919 quosque
766 3822 899 3917 pulchri
918 3841 950 3890 et
963 3823 1092 3891 decoris
1111 3847 1213 3890 sensu
1232 3821 1360 3888 Phidias
1400 3908 1407 3918 Ι

313 3935 488 4006 imbuerat.
516 3939 661 4005 Omnino
686 3952 800 4003 autem
825 3938 913 4003 iuter
939 3935 1094 4003 liberales
1120 3934 1217 4028 jocos
1239 3934 1361 4002 lasciva
1436 3927 1440 3936 ⁴

312 4072 450 4145 quoque
462 4067 496 4116 et
509 4075 548 4116 ca
559 4049 786 4133 habebantur,
803 4072 948 4142 quorum
962 4051 1088 4115 mentio
1105 4051 1250 4139 ingenue
1266 4049 1360 4112 insti·
1444 4055 1446 4059 ’

313 4173 386 4226 tuto
408 4185 499 4229 nunc
526 4160 685 4228 ruborem
710 4158 920 4243 offunderet,
951 4185 1145 4257 quanquam
1166 4185 1186 4226 a
1213 4157 1358 4252 philoso-
