2986 4924
320 433 385 502 ιιι
493 432 648 500 ustus
672 432 942 499 secutores
965 435 1028 499 nu
1051 409 1189 502 noun

316 565 387 619 latur
396 561 526 636 aquales,
538 573 565 614 et
573 559 695 615 bortatur
706 579 741 612 ne
750 562 817 614 vitas
825 563 979 632 mancipent
988 562 1038 634 ipsi
1049 559 1199 616 inhonestis
1210 575 1239 617 et
1250 567 1366 618 mian-ri-

316 647 365 697 mie
383 642 588 717 cupiditatibus:
607 643 721 713 sapienti
738 641 801 694 licet
819 659 878 695 esse
899 641 978 696 libero
997 657 1025 696 et
1042 643 1141 708 beato,
1158 645 1201 698 vel
1219 647 1367 719 imperante

316 728 432 783 Nerone.
451 727 512 777 Huc
528 724 610 776 estin
628 721 679 774 bac
693 721 875 794 disputatione
886 725 1009 776 Parsiana
1020 741 1110 792 mens,
1128 727 1157 777 ni
1167 726 1265 794 fallor,
1285 745 1367 800 quam

316 824 371 858 non
383 805 446 857 satis
457 803 614 856 intellexisse
626 801 751 854 videntur
762 802 952 870 casaubonus,
963 804 1059 874 Koenig
1070 808 1210 878 caeterique
1226 826 1366 860 commen-

315 900 422 940 tatores.
437 885 504 938 Mihi
515 903 602 938 meaux
610 880 773 955 persuadent
785 885 943 936 sententiam
953 901 1034 956 quum
1046 883 1161 940 hominis
1175 889 1329 960 ingenium,
1341 905 1366 942 et

315 971 376 1033 rita,
390 981 417 1020 et
429 980 525 1020 cetera
533 968 649 1038 scripta,
660 978 717 1017 tum
728 982 818 1018 versus
831 966 1002 1039 insequentes
1009 965 1072 1020 etbi
1085 969 1252 1040 potissimum
1260 989 1367 1036 versus,

315 1051 343 1102 in
357 1048 410 1102 fine
421 1047 534 1120 hujusce
547 1048 635 1120 operis
649 1059 833 1100 recurrentes:

501 1160 837 1206 ‘Dixeriehacinterraricosos
845 1161 997 1206 centurioni

517 1228 628 1274 Continuo
639 1241 737 1274 crastum
748 1228 805 1272 ridet
813 1227 929 1272 anianlus
940 1229 1031 1286 ingens,

517 1298 543 1342 Et
552 1306 642 1341 centurn
651 1297 736 1364 Grecos
745 1306 808 1340 curto
816 1306 917 1341 centusse
926 1296 1013 1342 licetur.

217 1425 220 1432 ·
314 1394 418 1449 Scilicet
433 1393 477 1448 bic
491 1393 560 1448 ridet
572 1396 757 1459 centuriones,
775 1392 848 1464 quod
863 1395 905 1447 isti
920 1393 1044 1448 ridebant
1059 1393 1241 1470 philosophos.
1262 1397 1367 1468 Pugna-

313 1476 378 1531 bant
393 1479 463 1529 inter
480 1495 509 1531 ss
526 1477 565 1528 ris
585 1473 691 1527 moralis
712 1476 804 1546 visque
820 1473 936 1546 physica.
956 1476 1046 1529 Altera
1062 1475 1220 1530 nitebantur
1237 1479 1321 1530 virtus
1340 1491 1367 1530 et

315 1556 435 1617 liberm,-
451 1556 534 1609 altera
545 1557 638 1607 vitium
652 1567 679 1606 et
694 1556 819 1627 tyrannis.
835 1583 872 1594 -
885 1554 997 1618 Velitum·
1014 1558 1102 1609 statim
1114 1575 1146 1610 ac
1156 1561 1202 1627 jus
1216 1575 1366 1630 conseque·

314 1636 393 1690 batur
410 1638 521 1691 civitatis
542 1653 611 1688 unus
632 1654 646 1687 e
667 1633 841 1702 libertorum,
862 1637 909 1687 nni
928 1635 1045 1702 tribuum
1061 1636 1278 1704 adscribebntur,
1300 1653 1367 1710 puta

316 1716 344 1771 V
340 1716 426 1770 elinoe.
436 1714 542 1769 Scilicet
553 1717 620 1787 aqui
633 1714 760 1769 Velinum
771 1713 1234 1782 circalacumbabitabant,1ionuam
1246 1717 1367 1770 translati

314 1809 390 1858 suut;
403 1808 429 1848 et
442 1795 470 1849 V
467 1794 539 1848 cliuo
548 1794 633 1848 tribus
643 1812 753 1846 nurnero
764 1793 873 1846 aliarum
885 1797 1006 1848 accessit.
1016 1819 1028 1844 ι
1040 1798 1110 1848 Vett.
1120 1795 1206 1850 Gloas.
1216 1817 1224 1859 ς
1234 1795 1366 1849 Alexand.

315 1873 350 1927 ab
362 1874 437 1927 Alex.
452 1871 499 1926 lib.
513 1877 541 1942 1,
555 1893 615 1946 cap.
633 1889 673 1944 17.

349 1981 417 2034 Nou.
432 1981 475 2051 74.
490 1978 603 2035 Publius
616 1981 740 2044 ememit,
751 1979 894 2034 scabiosum
908 1977 1029 2034 tessenda
1035 1979 1087 2050 far
1099 1981 1224 2036 Possidet.
1233 2011 1270 2022 —
1278 1984 1367 2052 Pergit

314 2059 468 2115 libertinum
478 2061 627 2116 describere
638 2060 671 2114 ab
682 2060 784 2113 effectis
796 2063 853 2132 ejus
863 2058 1003 2115 libertatis.
1010 2061 1176 2125 -Publius;
1188 2063 1368 2114 manumissus

314 2144 421 2196 nomine
439 2145 559 2196 Romano
575 2140 741 2210 donabatur,
764 2144 872 2194 nomine
894 2143 1109 2209 manumissoris,
1126 2141 1153 2194 b.
1171 2141 1188 2196 l.
1211 2141 1312 2195 Publii.
1331 2172 1367 2183 —

314 2221 450 2286 Ementitf
468 2221 583 2276 obtinuit
594 2240 644 2294 per
659 2221 768 2288 merita,
782 2233 942 2274 consecutus
957 2233 1005 2274 est.
1024 2222 1108 2274 Variae
1121 2222 1200 2274 variis
1213 2218 1367 2293 reipublice

314 2299 479 2372 temporibus
492 2302 647 2354 exstiterunt
658 2299 729 2369 leges
747 2297 782 2352 de
794 2301 1002 2352 manumissione
1015 2319 1047 2352 ac
1066 2298 1196 2352 libertate.
1215 2301 1285 2352 Ante
1301 2301 1365 2351 Perh

315 2381 384 2433 sium
404 2382 545 2433 novissima
562 2379 667 2433 uidetur
684 2379 811 2434 Norbana
830 2381 864 2432 ab
883 2399 926 2432 un.
946 2383 978 2432 U.
995 2381 1026 2434 C.
1046 2396 1115 2452 7713
1132 2399 1164 2432 ex
1185 2398 1238 2451 qua
1257 2379 1367 2452 plenam

315 2458 462 2514 libertatem
475 2463 493 2513 ii
505 2473 607 2514 tantum
621 2458 862 2526 nanciscebautur,
882 2459 927 2533 qni
945 2458 986 2512 rel
1005 2478 1054 2532 per
1074 2458 1237 2529 vindictam,
1257 2459 1301 2513 vel
1319 2479 1368 2532 per

315 2558 442 2604 censum,
455 2541 497 2594 vel
512 2559 562 2613 per
579 2551 765 2593 testamentum
787 2539 907 2593 libertate
923 2552 999 2592 erant
1017 2538 1118 2592 donati.
1137 2541 1171 2592 ffi
1189 2539 1240 2594 soli
1257 2558 1367 2613 quoqne

315 2622 435 2673 omnium
454 2620 673 2688 commodorum,
692 2619 787 2692 quibua
807 2622 876 2673 cives
902 2622 1014 2673 Romani
1032 2621 1204 2686 fruebantur,
1224 2623 1366 2693 participes

316 2713 401 2752 erant.
412 2702 478 2770 Quae
491 2719 554 2752 vero
567 2712 643 2753 erant
657 2702 707 2752 ista
720 2697 879 2751 commoda?
890 2699 979 2749 Unum
992 2696 1100 2770 quidem
1112 2712 1139 2752 et
1150 2716 1245 2771 parum
1257 2698 1367 2750 nomine

315 2779 437 2830 Romano
451 2777 576 2850 dignum,
591 2779 667 2847 cujus
680 2775 723 2827 bic
734 2777 853 2827 meminit
862 2777 978 2842 Persius,
991 2775 1086 2830 donari
1096 2779 1241 2828 frumento.
1253 2776 1365 2828 Sueten.

316 2857 381 2910 ces.
396 2856 440 2924 lt.
456 2885 494 2898 -
508 2856 655 2910 Scabiosum
671 2855 737 2926 fam
756 2855 855 2906 indicat
868 2856 1021 2910 munusculi
1037 2855 1184 2922 vilitatem,
1203 2857 1368 2908 frumentum

316 2935 432 3003 scilicet,
445 2949 476 2989 ut
490 2938 518 2988 in
531 2937 657 3007 maneriis
671 2933 787 3006 publicis
799 2955 868 3009 stepe
883 2933 995 3003 accidit,
1013 2934 1242 3010 agnrgulionibus
1258 2954 1367 2988 exesum

315 3014 356 3070 vel
367 3018 419 3069 situ
431 3027 595 3088 corruptum.
610 3015 717 3085 Proprie
732 3016 825 3068 scabies
837 3015 909 3067 idem
920 3016 1002 3068 ferme
1018 3027 1058 3069 est
1071 3013 1196 3068 frumenti
1208 3014 1318 3067 morbus
1335 3033 1366 3067 ac

315 3095 420 3168 rubigo.
436 3127 472 3137 -
492 3093 642 3157 Pssumis,-
662 3096 765 3165 signnm
785 3108 841 3148 erat
863 3105 952 3148 tessera
959 3135 969 3163 ,
989 3096 1065 3168 quod
1077 3095 1190 3148 dabatur
1200 3094 1249 3162 iis,
1268 3095 1367 3168 quibus

315 3177 477 3230 frumentum
491 3177 651 3249 promissum
661 3187 726 3227 erat.
736 3176 802 3242 Quas
820 3187 915 3228 tessera
930 3178 1055 3248 inscripta
1069 3188 1125 3227 erat
1139 3185 1165 3226 et
1183 3175 1292 3228 nomine
1309 3177 1366 3245 ejus

315 3256 363 3327 qui
383 3259 514 3327 acciperet
525 3267 552 3308 et
569 3255 676 3307 nomine
694 3255 750 3324 ejus
763 3253 922 3319 tribuemus
940 3273 1054 3307 numero
1073 3266 1203 3325 quantum
1223 3255 1363 3326 acciperet.

315 3333 431 3386 Nomina
443 3335 556 3400 ciuium,
569 3345 599 3386 ut
613 3335 736 3399 sciretur,
749 3332 845 3406 quibus
859 3343 955 3388 testem
969 3346 1057 3387 esseut
1068 3331 1151 3398 datu,
1164 3333 1262 3387 tabulis
1279 3335 1365 3388 anus

315 3413 539 3482 inscribebantur,
556 3415 690 3467 autentis
704 3412 897 3467 incidebantur.
912 3411 1025 3467 Gasaub.
1044 3412 1078 3466 od
1096 3413 1205 3468 baeton.
1224 3416 1294 3485 Aug.
1311 3415 1364 3481 lo,

314 3493 367 3547 Dio
376 3494 497 3560 Cassius,
510 3496 572 3564 Lx,
591 3511 639 3559 ¹⁰3
652 3493 771 3548 Juvenal.
788 3495 851 3558 vlt,
874 3494 939 3563 174,
953 3492 1001 3546 nbi
1011 3495 1136 3565 Ruperti3
1149 3495 1241 3547 Senec.
1257 3495 1298 3546 De
1315 3495 1365 3547 ns-

316 3573 392 3626 nelic.
404 3575 453 3640 IV,
474 3575 515 3632 28.
533 3573 692 3630 Tesserulam
714 3587 801 3627 autem
822 3573 886 3626 dixit
900 3575 1005 3626 Persius
1023 3577 1111 3645 potius
1130 3593 1211 3647 quam
1230 3586 1362 3642 testemur,

316 3651 350 3706 sd
363 3672 419 3705 rem
429 3652 614 3721 minuendam,
626 3655 747 3722 satirice,
760 3651 985 3726 quemadmodum
996 3652 1062 3706 dixit
1071 3655 1195 3725 possidet,·
1208 3655 1364 3727 praclarum

314 3751 377 3786 uero
389 3737 596 3805 possessionem!
605 3737 691 3804 Quam
700 3746 789 3787 tamen
798 3752 853 3786 non
864 3733 921 3786 sols
930 3730 1038 3787 libertas
1048 3732 1184 3805 largiatur,
1194 3735 1245 3786 nisi
1254 3747 1364 3807 accepta

316 3822 414 3880 tessera,
425 3815 559 3868 tessemla=

346 3921 408 3966 Vsa.
425 3919 463 3982 75.
479 3921 532 3966 Heu
545 3917 634 3967 steriles
652 3921 711 3977 ueri,
728 3916 811 3983 quibus
827 3934 875 3964 uno
890 3919 1001 3978 Quintcm
1020 3917 1188 3984 Vertiqofoot't.
1199 3920 1280 3966 -Sic
1291 3917 1364 3966 edunt

316 3986 382 4037 MMS
395 3991 440 4035 tnei
457 3989 556 4036 Codices
565 3987 641 4045 8048,
659 3988 737 4052 8070,
753 3985 815 4049 8273
831 3985 1040 4052 laudatissimaque
1052 3987 1189 4036 editionum.
1202 3993 1232 4035 At
1246 3989 1308 4037 80⁵5
1319 3987 1365 4036 lert

316 4075 373 4122 quos
384 4075 428 4123 pto
443 4059 540 4124 quibus,
556 4075 608 4123 quae
619 4059 700 4117 lectio,
715 4061 759 4106 etsi
770 4057 826 4104 iacit
838 4058 960 4106 duriorem
973 4059 1046 4106 multo
1061 4061 1273 4116 constructionem,
1286 4073 1364 4108 umen

316 4141 339 4176 et
350 4132 402 4193 ipsa
413 4131 486 4193 recipi
496 4142 583 4195 potest,
600 4131 729 4193 maestius
737 4130 760 4178 si
772 4141 901 4178 commutes
913 4133 1025 4192 Quiritem
1034 4133 1059 4178 in
1070 4133 1175 4192 Quirites.
