2986 4924
325 461 390 578 1¹82
635 481 670 540 A.
698 475 1051 542 consummor

317 605 416 693 Quod
427 602 507 672 lutet
519 626 642 670 arcens
652 623 723 668 non
734 599 924 668 enarrabile
935 599 1029 668 fibra.

362 721 478 804 Quum
491 717 640 808 primum
652 711 775 808 pavido
786 729 900 782 custos
912 709 996 780 mihi
1007 735 1160 807 purpure
1171 718 1291 799 cessit,
1336 729 1370 782 3ο

318 825 480 922 bullaque
491 827 672 894 succinctis
684 821 811 892 loribus
823 823 947 892 donum
958 822 1137 917 pependit;

317 941 432 1022 Quum
443 931 1165 1028 blundicomltee,totequcimpuncSuburu

317 1047 473 1115 Permisit
483 1046 648 1138 sparsisse
658 1043 775 1114 oculos
783 1041 856 1137 jum
866 1041 1033 1113 candidus
1045 1043 1167 1128 umbo;

316 1161 500 1251 Quumque
512 1158 576 1224 iter
585 1153 784 1246 ambiguum
796 1171 865 1236 cst,
879 1169 913 1221 et
924 1155 1002 1222 vitae
1013 1157 1148 1222 nescius
1160 1177 1256 1223 ermr

317 1265 966 1360 Diducittrepidosramosuincompite
977 1283 1127 1334 mentes:
1339 1281 1372 1333 35

317 1385 375 1450 Me
386 1381 447 1449 tibi
459 1383 635 1473 supposui.
647 1382 797 1448 Teueroe
808 1395 845 1445 tu
858 1379 1002 1471 suscipis
1013 1401 1121 1448 anuos
1242 1463 1245 1468 Ι
1293 1425 1323 1502 3

318 1495 503 1574 Socratico,
515 1495 680 1574 Guruute,
694 1491 782 1558 sinu.
795 1494 894 1558 Tunc
906 1488 1024 1558 fullero
1036 1488 1142 1558 solers

197 1618 199 1627 '
317 1607 480 1698 Appositu
495 1605 640 1670 intortos
652 1599 804 1670 extendit
817 1599 935 1694 regula
946 1623 1074 1684 mores,

318 1718 361 1781 Et
371 1715 538 1807 premitur
549 1715 679 1780 mtione
691 1713 1010 1806 unimus‚vinciquc
1022 1710 1169 1796 laborat,
1486 1801 1487 1804 Ἴ

318 1808 559 1918 Artificemque
571 1839 631 1891 tuo
642 1821 737 1892 ducit
748 1820 812 1890 sub
823 1819 946 1914 pollice
956 1821 1102 1890 vultum.
1339 1837 1374 1904 40

318 1938 446 2002 Tecum
460 1937 585 2002 etenim
597 1932 717 2026 longos
729 1935 868 2001 memini
880 1955 1081 2002 consumere
1093 1932 1199 2017 soles,

318 2047 366 2112 Et
372 2063 488 2113 tecum
499 2048 628 2138 primas
640 2034 749 2138 epulis
761 2042 944 2137 decerpere
955 2061 1082 2112 noctes.

318 2160 436 2225 Unum
448 2179 552 2249 opus,
565 2172 599 2223 et
609 2159 763 2251 requiem
773 2159 900 2250 puriter
910 2153 1124 2248 disponimus
1134 2153 1254 2236 ambo,

319 2435 389 2476 meo
401 2416 524 2499 penitus
535 2413 684 2490 infixum,
699 2435 735 2475 sc
747 2414 848 2475 verbis
859 2412 964 2495 eloqui
979 2414 1092 2496 possim
1105 2412 1261 2496 quidquid
1275 2415 1312 2473 in
1326 2415 1374 2474 iu·

318 2510 400 2572 timis
414 2510 489 2572 latet
499 2511 599 2573 snimi
611 2511 777 2573 recessibus
790 2529 956 2592 nunquam
969 2512 1044 2570 sutis
1057 2510 1281 2572 enarrandum.

360 2607 410 2671 30.
432 2611 495 2671 Ubi
506 2611 646 2693 primum
661 2625 855 2693 praetextum,
868 2611 1009 2693 pueritioe
1020 2611 1108 2692 quusi
1120 2610 1299 2686 custodem,
1312 2629 1376 2671 nou
1486 2609 1487 2616 '

320 2709 387 2768 sine
395 2725 511 2789 pavore
517 2707 663 2789 deposui,
673 2705 856 2788 bullamque
865 2707 996 2767 Laribus
1005 2705 1043 2767 de
1052 2727 1141 2768 more
1150 2706 1378 2768 succinctisdo·

287 2877 289 2882 ,
320 2806 395 2866 nuri
404 2819 437 2866 et
448 2804 597 2888 uppendi3
610 2805 664 2864 ubi
676 2805 802 2865 comites
814 2803 942 2866 adfuere
956 2805 1055 2887 magis
1068 2805 1280 2886 indulgentes,
1294 2825 1378 2866 sum-

321 2915 453 2986 ptusque
465 2903 579 2977 umbo,
598 2901 699 2985 qualis
711 2920 774 2963 esse
791 2903 869 2964 solet
881 2904 1042 2981 tironum,
1056 2899 1107 2986 jus
1126 2903 1212 2965 dedit
1229 2921 1286 2988 per
1297 2905 1377 2966 veti·

321 3013 390 3060 tum
413 3012 504 3060 nutes
529 3000 659 3060 Suburoe
679 3001 783 3062 vicum
804 3001 934 3084 impune
960 2999 1022 3062 buc
1048 3002 1128 3062 illud
1147 3001 1318 3084 erogandi3
1341 3021 1378 3062 eu

320 3109 410 3160 aetste
417 3117 481 3180 qua
490 3097 530 3158 de
538 3097 650 3160 itinere
662 3097 866 3180 ingrediendo
875 3097 1003 3181 juvenes
1015 3100 1180 3182 ambigunt
1190 3103 1262 3163 vitoe
1273 3103 1377 3183 ignari
1463 3143 1470 3152 ·

321 3213 352 3258 ct
361 3194 548 3273 errabundi,
563 3209 762 3280 mentemque
774 3196 886 3258 dividit
898 3198 1024 3260 incertis
1035 3200 1087 3258 via
1100 3200 1191 3260 scisso
1203 3202 1236 3260 iu
1251 3199 1377 3273 ombus3

323 3307 397 3355 tuuc
408 3315 466 3376 ego
478 3314 529 3358 me
539 3295 599 3355 tibi
610 3295 683 3356 vitre
695 3296 845 3376 magistro
857 3298 1017 3372 summisi,
1028 3298 1182 3358 Cornutus
1197 3311 1232 3358 tu
1243 3317 1321 3359 vcro
1332 3313 1377 3358 te-

321 3409 428 3454 ueram
434 3390 630 3476 juventutem
638 3393 796 3476 suscepisti
805 3407 836 3454 et
845 3394 877 3453 io
885 3393 1043 3456 &cratium
1050 3394 1156 3455 fovisti
1167 3391 1378 3478 philosophie

323 3488 460 3571 gremi03
481 3501 557 3550 tunc
582 3489 722 3574 opposite
740 3490 849 3551 animo
870 3509 940 3552 meo
961 3491 1081 3574 regula,
1102 3511 1175 3573 qum
1195 3508 1377 3575 perversum

323 3587 418 3648 atatis
432 3607 555 3648 sensum
569 3586 681 3648 callido
693 3585 829 3664 falleret,
849 3607 962 3671 pravos
980 3589 1014 3650 iu
1033 3589 1145 3650 melius
1158 3589 1288 3671 corrigit
1308 3607 1378 3648 mo·

323 3703 387 3760 res,
401 3681 601 3766 domitusque
612 3685 733 3746 ustione
746 3685 871 3745 suimus
885 3683 1008 3745 laborat
1020 3697 1056 3746 ut
1070 3686 1136 3768 ipse
1147 3686 1305 3758 vincetur,
1319 3683 1378 3744 du·

323 3785 426 3864 eitquc
439 3781 479 3842 ab
499 3780 631 3844 artificio
648 3781 797 3864 speciem,
815 3795 846 3842 te
864 3779 1001 3863 lingente
1020 3803 1055 3842 oc
1069 3781 1154 3843 velut
1170 3777 1315 3862 sigillum
1331 3780 1379 3840 io-

323 3877 480 3941 lormunte
500 3879 614 3961 digitis.
634 3880 776 3962 Namque
793 3880 923 3940 memini
944 3897 994 3940 mo
1015 3878 1253 3940 confabulando
1273 3891 1377 3938 tecum

321 3989 406 4038 totos
417 3974 577 4038 traducere
588 3974 667 4054 dies,
679 3976 876 4061 etepulsndo
887 3975 1011 4038 demere
1019 3989 1139 4060 purtem
1146 3975 1186 4037 de
1196 3976 1305 4060 primis
1317 3995 1378 4036 nu-

322 4078 433 4140 ctibus.
450 4076 539 4138 ldem
552 4075 660 4138 surdiis
673 4090 811 4160 tempus,
832 4074 915 4136 idem
932 4075 1027 4157 quieti
1042 4074 1151 4151 datum
1169 4089 1200 4135 et
1217 4073 1309 4134 serias
1328 4091 1377 4132 res

325 4196 431 4236 mensa
446 4173 617 4236 reluusmus
633 4174 758 4251 eedem,
776 4172 868 4236 bilon'
881 4187 912 4234 et
926 4173 1099 4235 verecundo
1114 4170 1217 4233 simul.
1230 4169 1303 4232 Noli
1319 4169 1377 4230 du-
