3148 4950
452 496 771 565 nouanonun
796 496 978 564 roams.
1173 499 1236 587 517

188 628 373 718 scripsisse.
391 625 566 715 ingenium
587 639 701 690 tamen
716 621 788 716 ejus
805 627 936 690 varium
956 623 1058 691 nusae
1080 639 1114 692 et
1130 623 1174 691 ad
1189 623 1239 694 di·

187 761 283 806 versa
306 732 473 803 scribendi
495 757 619 826 genera
631 749 769 825 aptum,
785 756 826 800 ex
840 731 959 800 eadem
981 736 1085 828 Epist.
1111 738 1236 818 111,22

147 869 151 874 ·
188 871 257 942 seq.
286 846 522 936 cognoscitur:
548 867 589 912 ex
618 868 686 938 quo
708 843 781 911 loeo
800 845 900 912 etiam
921 843 1093 937 probabile
1116 844 1172 928 fit,
1196 845 1239 914 de

186 959 307 1027 eodem
320 957 418 1025 Floro
436 956 529 1050 loqui
541 954 684 1041 Quintil.
699 960 745 1038 X,
768 957 805 1037 3,
824 979 862 1023 12
882 979 952 1051 seq.
974 974 1007 1025 et
1026 961 1140 1026 Senec.
1156 962 1242 1025 Gon-

187 1089 272 1138 trov.
292 1074 395 1138 XXV.
410 1070 472 1136 Hic
483 1083 665 1150 memorat,
681 1089 760 1134 eum
777 1065 1051 1151 declamatorem3
1067 1066 1123 1136 ille
1141 1093 1237 1150 vero,

187 1207 266 1250 eum
285 1181 472 1274 principem
494 1183 529 1246 in
545 1178 737 1271 eloquentia
751 1176 936 1246 Galliarum
961 1194 995 1245 et
1008 1181 1096 1246 inter
1114 1201 1239 1271 panem

187 1291 351 1361 disertum
373 1290 486 1358 fuisse.

235 1408 313 1471 Post
331 1404 525 1484 Horatium,
549 1417 673 1494 praeter
686 1402 829 1467 Persium
847 1416 881 1467 et
898 1400 1083 1466 quenalem
1105 1398 1240 1468 horum-
1319 1415 1327 1458 s

188 1538 255 1609 que
269 1529 382 1592 aetate,
396 1511 493 1580 multi
505 1511 559 1579 alii
575 1515 729 1580 exstitere
745 1513 927 1582 Satirarum
940 1515 1141 1605 scriptores,
1161 1513 1239 1578 Tur-

187 1649 265 1705 nus,
289 1625 422 1704 Lenius,
448 1623 560 1704 Silius,
580 1622 735 1718 Sulpznn,
761 1625 875 1705 Tucca,
897 1624 1042 1690 Manlius
1068 1623 1238 1716 Vopiscus,

188 1736 274 1805 forte
289 1750 323 1802 et
338 1737 447 1802 Julius
466 1735 581 1827 Rufirs,
595 1737 769 1818 Cornutus,
785 1736 905 1802 Gauius
919 1736 1034 1802 Bassus
1048 1750 1081 1802 et
1092 1735 1241 1802 Rabirius

189 1871 217 1915 s.
231 1847 385 1929 Rubrius,
400 1845 540 1940 aliique,
550 1849 727 1940 quorsumn
739 1843 871 1914 obscura
882 1847 1029 1914 recondit.
1040 1845 1180 1933 Quintil.
1193 1849 1239 1929 X,

137 2020 142 2030 .
187 1981 214 2042 1,
238 1965 299 2050 94,
320 1957 464 2026 laudatis
485 1958 631 2042 Lucilio,
655 1961 792 2028 Horatio
807 1976 841 2026 et
856 1961 986 2038 Persio,
1005 1959 1080 2028 haec
1097 1956 1240 2050 subjun-

187 2073 251 2164 git:
267 2069 350 2136 Sunt
371 2071 452 2135 cluri
470 2069 638 2164 hodieque,
660 2084 690 2136 et
708 2076 765 2163 qui
782 2072 858 2137 olim
880 2071 1139 2138 nominabuntur.
1154 2074 1240 2137 Tres

187 2186 333 2276 prieneo,
350 2189 516 2249 Auruncae
533 2201 645 2265 natos3
663 2207 739 2278 quae
756 2183 875 2250 Lucilii
889 2207 1025 2277 quoque
1039 2184 1146 2277 patria
1159 2181 1237 2263 fuit,

187 2309 353 2363 memorat
373 2313 470 2362 vetus
491 2293 691 2362 Scholiastes
709 2295 882 2363 luvenalis
904 2294 947 2362 ad
967 2298 1033 2364 Sat.
1053 2300 1085 2377 l,
1106 2318 1166 2374 ao,
1181 2293 1239 2361 ubi

187 2404 261 2474 haec
288 2408 443 2474 notavit:
470 2436 484 2465 α
510 2406 651 2472 Turnum
674 2403 755 2473 dicit
783 2409 905 2478 Scaevae
936 2407 1096 2475 Memoris
1124 2406 1240 2499 tragici

186 2531 295 2608 poetae
304 2515 459 2598 fratrem,
475 2520 534 2613 qui
542 2515 688 2584 libertini
699 2519 830 2608 generis
846 2513 889 2582 ad
900 2515 1045 2583 honores
1058 2513 1240 2583 ambitione

187 2641 368 2718 provectus
389 2643 460 2712 est,
489 2630 670 2720 potensin
697 2627 774 2696 aula
799 2629 1084 2718 Vespasianorum
1110 2627 1177 2694 Titi
1207 2646 1241 2696 et

188 2739 366 2805 Domitiani
384 2765 390 2805 :
411 2739 466 2807 vel
484 2741 621 2806 Lenium
646 2737 745 2823 dicit,
770 2743 827 2837 qui
855 2755 890 2808 et
911 2741 984 2832 ipse
1010 2742 1133 2808 Satiras
1160 2743 1240 2806 scri·

189 2850 275 2940 psit:
296 2846 350 2915 vel
363 2848 499 2933 Silium,
522 2867 555 2917 et
575 2853 688 2943 ipsum
708 2853 760 2918 sui
783 2852 943 2942 temporis
964 2852 1151 2918 Satiricum.
1174 2855 1239 2939 Qui

189 2978 306 3027 omnes
327 2982 368 3027 ex
394 2967 552 3030 Aurunca
578 2963 726 3028 bierunt.
749 2993 762 3023 u
794 2963 912 3028 Lenius
939 2977 973 3028 et
997 2960 1120 3042 Silius,
1147 2961 1239 3055 quod

189 3069 316 3149 sciam,
331 3093 401 3136 non
419 3069 493 3136 aliis
511 3069 715 3152 laudantur,
740 3071 805 3138 nisi
827 3073 940 3163 potius
962 3069 1010 3137 illi
1032 3095 1157 3139 nomen
1176 3070 1241 3140 fuit

189 3180 318 3259 Lenoeo,
344 3179 387 3246 de
409 3204 477 3275 quo
498 3205 602 3274 supra
618 3181 703 3264 dixi,
718 3199 753 3248 et
769 3181 849 3249 huic
863 3205 1050 3273 cognomen
1067 3183 1168 3250 Basso
1187 3183 1240 3252 vel

189 3289 321 3381 Sparso,
351 3292 408 3381 qui
431 3289 584 3357 rhetores
607 3291 701 3357 fuere
726 3288 816 3376 (vid.
842 3295 957 3358 Senec.
986 3295 1145 3359 Controv.
1167 3297 1238 3371 lll,

189 3405 256 3482 Vl,
280 3417 314 3468 et
339 3405 437 3487 Vll).
473 3381 579 3469 Turni
603 3418 717 3468 autem
743 3404 864 3468 Satiras
889 3401 1238 3494 amplissimis'verbis

190 3528 313 3580 ornant
336 3513 479 3581 Martial.
505 3518 583 3595 Vll,
602 3539 664 3604 973
683 3517 749 3595 Xl,
783 3539 841 3597 ¹03
869 3512 971 3581 Rutil.
997 3515 1032 3580 in
1059 3518 1174 3584 ltiner.
1202 3521 1237 3598 l,

191 3625 278 3706 600,
300 3640 334 3691 et
349 3622 460 3693 Sidon.
481 3623 627 3716 Apollin.
652 3629 763 3692 Carm.
785 3628 850 3706 lX,
870 3640 1017 3692 excusat.
1035 3624 1078 3692 ad
1096 3627 1239 3694 Felicem

189 3757 239 3802 va.
256 3739 334 3827 267.
345 3736 469 3832 Confer
483 3736 693 3804 Wernsdorf.
706 3741 741 3804 P.
756 3742 791 3804 L.
807 3741 854 3804 M.
865 3735 932 3804 vol.
951 3742 1020 3820 111,
1034 3761 1111 3831 pag.
1129 3740 1173 3829 59
1188 3761 1237 3832 sq.

190 3848 255 3931 Qui
270 3871 340 3914 non
353 3849 448 3916 vanis
460 3847 646 3915 rationibus
667 3848 790 3916 ductus
808 3850 1015 3941 suspicatur,
1033 3873 1111 3916 eum
1126 3863 1240 3915 aucto-

191 3955 504 4027 remfuisseSatirae
520 3955 675 4050 prolixae,
693 3981 770 4051 quae
787 3959 929 4024 Neronis
951 3959 1028 4023 vitia
1046 3955 1240 4050 sceleraque

191 4068 304 4136 omnia
315 4069 452 4140 liberius
465 4087 499 4138 et
511 4068 614 4163 longo
627 4069 745 4138 ordine
760 4093 933 4137 enarrasse
949 4068 1083 4138 videtur
1096 4083 1130 4134 et
1141 4064 1238 4159 cujus

191 4183 435 4276 fragmentum,
449 4185 583 4277 triginta
595 4205 714 4251 versus
725 4181 1016 4276 complectens,ex
1027 4186 1063 4248 P.
1078 4183 1234 4251 Burman.
