2986 4924
437 498 609 564 smmu
632 497 828 582 Quium,
909 551 912 561 ,
1096 502 1153 564 1⁸1

104 635 173 698 Nec
184 627 322 721 stloppo
333 623 479 693 tumidas
491 623 637 693 intendis
650 648 808 716 rumpere
819 623 955 692 buccas.
1024 659 1030 674 ·

103 738 214 808 Verba
227 755 316 832 togae
328 739 496 832 sequeris,
505 733 666 829 junctura
679 735 821 804 callidus
832 740 919 817 acri,

105 855 171 921 Ore
182 867 272 919 teres
284 849 435 927 modico,
448 847 614 942 pallentes
627 847 746 916 radere
755 871 868 917 mores

1 1049 2 1052 Ἴ
107 967 253 1039 Doctus,
267 977 300 1028 et
313 963 461 1051 ingenuo
473 958 608 1054 culpam
622 958 768 1052 deligere
780 956 878 1028 ludo:

106 1072 192 1138 Hinc
203 1069 301 1138 trahe
313 1095 390 1166 quae
403 1067 512 1152 dicas,
525 1069 748 1166 mensamque
761 1068 915 1162 relinque
927 1073 1079 1162 Mycenis

106 1185 190 1249 Cum
203 1182 315 1274 capite
327 1197 360 1249 et
372 1179 516 1274 pedibus
527 1234 535 1263 ,
548 1181 748 1277 plebeioque
761 1179 904 1274 prandia
916 1184 1020 1249 noris.

103 1299 238 1361 —Non
250 1293 408 1388 equidem
420 1293 485 1361 hoc
498 1292 636 1375 studeo,
650 1293 787 1362 bullatis
800 1310 838 1360 ut
850 1292 932 1360 milri
945 1295 1043 1387 nugis

104 1409 231 1498 Pagina
244 1403 526 1498 turgescat,dare
537 1403 672 1498 pondus
684 1404 807 1473 idonea
819 1406 924 1472 fumo.
1129 1439 1163 1472 πο

104 1520 230 1586 Secreti
242 1517 417 1612 loquimur
431 1543 438 1582 ε
458 1514 518 1584 tibi
531 1541 642 1599 nunc,
655 1514 812 1584 hortante
824 1521 992 1599 Camena,

105 1625 318 1695 Excutienda
330 1625 452 1694 damus
463 1626 667 1719 praecordin,
681 1642 876 1720 quantaque
888 1643 1015 1694 nostrae

106 1742 188 1806 Pars
200 1753 260 1804 tua
273 1739 334 1819 sit,
345 1741 510 1818 Comme,
524 1739 664 1819 auimae,
678 1736 756 1818 tibi,
769 1735 879 1804 dulcis
891 1739 1012 1819 amice,

105 1831 419 1938 Ostendissejuvat.
433 1845 551 1926 Pulsa,
563 1845 760 1937 dignoscere
772 1861 892 1914 cautus

104 1957 195 2046 Quid
208 1955 356 2026 solidum
369 1973 504 2049 crepet,
514 1973 549 2025 et
560 1960 660 2050 pictae
672 1962 811 2025 tectoria
822 1957 959 2050 linguae.
1130 1973 1162 2026 25
1212 1955 1220 1966 ”

106 2075 168 2138 His
181 2094 245 2163 ego
256 2086 417 2138 centenas
430 2073 540 2137 susim
551 2068 735 2163 deposcere
747 2093 862 2155 voces,

90 2235 97 2254 .
108 2187 174 2265 Ut,
186 2197 354 2276 quantum
367 2180 451 2248 mihi
462 2199 496 2249 te
509 2183 647 2250 sinuoso
660 2185 695 2248 in
706 2198 843 2275 pectore
855 2182 929 2262 fixi,

106 2299 198 2363 Voce
208 2293 343 2362 traham
355 2316 459 2387 pura,
474 2311 649 2390 totumque
661 2295 727 2363 hoc
739 2295 840 2363 verba
853 2298 1040 2390 resignent,

108 2532 268 2614 volutans,
281 2532 381 2594 fracto
392 2531 546 2594 conclusae
558 2534 640 2594 vocis
650 2534 754 2593 souitu
764 2533 919 2593 cornicem
929 2553 1057 2592 raucam
1066 2553 1162 2593 aeniu-

107 2628 194 2703 laris5
207 2651 262 2690 nec
271 2629 409 2710 denique
417 2627 530 2690 buccas
541 2629 660 2690 inilaris
669 2642 836 2704 tumentes,
852 2627 934 2689 unde
945 2627 1053 2711 fragor
1064 2649 1165 2689 erum·

1 2723 2 2728 ¹
106 2739 162 2810 pat
178 2728 292 2788 inanis.
310 2727 459 2789 Sermone
472 2727 573 2789 latino
587 2742 766 2802 contentus,
783 2729 876 2788 verba
889 2727 982 2788 calles
1002 2729 1064 2788 acri
1079 2726 1164 2810 judi·

107 2825 157 2884 cio
172 2845 384 2907 componere,
401 2837 432 2886 et
450 2847 571 2886 servare
585 2827 730 2901 modum,
745 2840 776 2886 et
794 2847 829 2886 os
844 2825 987 2885 diducere
1004 2825 1163 2900 decenter-3

1 2965 2 2968 η
106 2943 219 3002 pravos
232 2922 360 2984 edoctus
374 2921 503 3005 pallenti
519 2924 665 3006 improbo
680 2923 824 2985 refricare
835 2945 938 2984 mores
951 2938 982 2984 et
993 2924 1105 2983 vitium
1119 2925 1165 2982 in·

1 3083 2 3087 ἵ
106 3019 215 3078 nocuis
230 3017 412 3101 transfigere
434 3017 495 3102 joci
514 3020 592 3080 telis.
612 3018 729 3079 Exhae
743 3020 838 3101 igitur
851 3033 916 3079 arte
930 3034 984 3078 tna
998 3040 1101 3079 sumas
1116 3019 1164 3078 di·
1248 3095 1251 3102 Ι

106 3117 195 3178 cendi
208 3118 389 3195 materiam,
401 3139 555 3200 suumque
569 3118 707 3201 Mycenis
719 3118 861 3200 relinque
872 3119 1053 3179 convivium
1065 3117 1166 3178 inlam-

107 3211 196 3290 dum,
208 3230 241 3275 et
250 3229 359 3298 caput,
371 3231 401 3276 et
413 3215 504 3298 pedes
516 3237 613 3298 puero
624 3215 758 3292 ablatos,
771 3217 934 3300 potiusque
945 3216 1081 3296 sequaris
1090 3236 1165 3298 epu-

106 3310 244 3395 las,quae
255 3315 319 3373 sint
330 3310 422 3394 hujus
430 3313 679 3396 plebis-Purrs.
691 3318 762 3376 Non
775 3314 919 3397 equidem
929 3317 962 3375 in
970 3312 1028 3375 hoc
1037 3313 1163 3388 laboro,

106 3421 142 3468 ut
151 3409 283 3472 tumidis
295 3409 402 3470 inflem
420 3412 511 3493 nugis
528 3413 674 3493 paginas,
690 3413 723 3471 in
737 3397 851 3494 quibus
863 3423 1059 3473 momentum
1074 3411 1164 3471 detur

108 3507 785 3592 inanibus,et,utuiunt,ponduslevifumo.
796 3509 1040 3584 lliCornute,in
1049 3523 1163 3571 secreto

107 3603 364 3684 confabulemur,
381 3605 586 3690 hortaturque
604 3630 696 3669 musa
713 3608 770 3668 tibi
789 3629 843 3668 cor
859 3607 1006 3692 explicem
1023 3609 1069 3668 vel
1090 3611 1162 3669 inti-

108 3724 208 3780 mum;
222 3705 282 3764 tibi
297 3725 400 3780 nunc,
414 3705 512 3767 dulcis
527 3707 640 3782 amice,
649 3689 827 3768 'ostendisse
839 3706 954 3790 placet,
967 3727 1062 3789 quum
1079 3706 1163 3766 bona

108 3803 164 3860 sim
182 3802 283 3862 animi
303 3816 392 3884 parte
409 3806 497 3863 tuus!
521 3804 549 3863 Ο
569 3809 624 3885 qui
639 3803 841 3885 dignoscendi
861 3806 977 3888 peritus
996 3827 1026 3864 es
1050 3825 1113 3886 quo
1132 3825 1163 3863 se

1 3955 2 3962 ,
108 3900 218 3980 probet
237 3921 316 3960 sono
336 3923 389 3962 vas
408 3905 584 3985 integrum,
605 3917 635 3963 et
653 3904 767 3984 quibus
788 3924 850 3964 sese
870 3904 978 3986 pingat
998 3901 1163 3963 involucris

1 4021 2 4040 1
110 3995 239 4057 mendax
255 3996 365 4079 lingua
382 3996 567 4076 hominum,
582 3998 666 4060 hunc
680 4002 822 4060 animum
839 4000 971 4082 explora.
991 4002 1080 4074 Haec,
1098 3987 1163 4058 lieo

1 4091 2 4136 ἶ
110 4113 196 4176 sunt,
210 4099 362 4176 Cornute',
378 4099 457 4160 mihi
472 4123 527 4162 cur
541 4121 599 4182 ego
613 4115 738 4161 centum
752 4101 852 4160 ausim
866 4111 1010 4181 exoptare
1024 4095 1164 4177 linguas,

1 4189 2 4196 ἵ
112 4217 222 4280 nempe
236 4213 270 4260 ut
283 4213 383 4260 totum
398 4201 614 4280 sincerumque
628 4220 703 4261 voce
717 4197 840 4259 traham
858 4199 904 4258 tui
923 4216 1062 4256 amorem
1078 4194 1163 4255 cordi
