2986 4924
346 443 405 511 ¹9²
455 421 493 484 A.
513 418 671 484 PERSll
691 417 861 484 FLACCl
879 417 1054 484 SATIRA
1073 421 1275 503 QUINTA.

339 547 452 640 Aprici
463 545 657 613 meminisse
669 565 815 611 senes...
829 542 919 629 Quid
930 541 1129 637 pulchrius?
1139 535 1183 614 At
1194 570 1300 640 quum

339 657 483 726 Herodis
496 647 618 725 venere
629 655 901 750 dies‚nuctaque
912 657 1059 725 fenestra
1344 675 1385 725 rs«.

339 769 519 862 Dispositae
531 769 691 860 pinguem
704 763 867 834 nebulam
880 789 1041 834 vomuere
1052 766 1219 851 lucernae,

339 885 514 948 Portantes
526 876 648 962 violas,
662 877 873 972 rubrumque
885 876 1040 971 amplexa
1050 880 1202 969 catinum

339 990 453 1058 Gauda
466 1005 558 1056 natat
569 987 691 1079 thynni
702 1040 711 1068 ‚
723 1003 833 1060 tumet
844 985 919 1055 alba
933 986 1044 1056 fidelia
1057 992 1154 1072 vino;

340 1099 449 1168 Labra
461 1121 578 1166 moves
590 1099 728 1179 tacitus,
742 1101 951 1192 recutitaque
964 1098 1102 1166 sabbata
1113 1097 1230 1192 palles.

338 1214 429 1279 Tum
441 1212 529 1301 nigri
541 1208 849 1304 lemures‚ovoque
861 1209 1012 1304 pericula
1024 1225 1142 1302 rupto;
1345 1223 1388 1278 185

340 1323 428 1390 Hinc
439 1317 585 1414 grandes
596 1318 700 1403 Galli,
713 1336 838 1388 etcum
850 1323 949 1388 sistro
961 1319 1055 1388 lusca
1068 1321 1242 1404 sacerdos,

342 1436 518 1501 incussere
530 1431 611 1498 deos
622 1429 780 1498 inflantes
793 1454 951 1523 corpora,
964 1432 1073 1498 sinon

342 1544 545 1614 Praedictum
556 1559 608 1611 ter
619 1567 718 1610 mane
730 1560 833 1634 caput
845 1544 1032 1634 gustaveris
1045 1540 1113 1610 alll.
1166 1617 1172 1624 ,

387 1659 517 1726 Dixeris
531 1655 604 1724 baec
615 1657 702 1723 inter
713 1658 883 1724 varicosos
895 1658 1129 1723 centuriones:

340 1770 510 1836 Continuo
522 1791 674 1835 crassum
687 1764 775 1834 ridet
786 1765 964 1834 Vulfenius
976 1769 1110 1859 ingens,

342 1883 384 1946 Et
395 1893 533 1946 centum
544 1882 679 1947 Graecos
691 1893 787 1945 curto
799 1893 956 1945 centusse
967 1875 1098 1980 licetur.

344 2121 410 2161 ram
425 2099 567 2162 videlicet
583 2098 723 2160 laudem!
739 2102 777 2159 At
790 2101 814 2160 si
829 2100 955 2180 quando
969 2097 1126 2160 adfuerint
1139 2099 1280 2162 celebrati
1299 2101 1392 2162 Hero·

343 2197 444 2258 dianis
459 2197 539 2272 dies,
553 2209 583 2256 et
596 2197 705 2278 positoe
716 2219 752 2256 ex
765 2195 874 2258 ordine
887 2195 1060 2278 lampades,
1074 2211 1193 2257 ornatae
1205 2198 1313 2275 violis,
1327 2201 1392 2282 pin·

343 2315 437 2375 guem
453 2315 469 2353 e
485 2291 624 2352 fenestris
641 2291 711 2352 oleo
729 2291 918 2352 stillantibus
931 2291 1143 2354 exhalaverint
1156 2293 1322 2371 nebulam,
1340 2317 1392 2377 ap·

343 2405 549 2476 paratumque
569 2387 663 2451 luerit
685 2390 883 2468 convivium,
906 2393 939 2451 in
960 2412 1022 2474 quo
1044 2391 1147 2452 videre
1168 2395 1207 2452 sit
1227 2407 1257 2454 et
1280 2391 1393 2478 thynni

344 2489 475 2550 caudam
497 2490 530 2549 in
547 2489 616 2571 jure
633 2503 795 2551 natantem
817 2502 848 2551 et
870 2489 909 2549 ab
930 2502 1062 2571 utruque
1082 2489 1169 2550 rubri
1191 2491 1290 2572 patini
1311 2506 1393 2575 parte

343 2587 589 2669 prominentem,
606 2603 636 2646 et
652 2586 757 2647 albam
770 2585 908 2646 fideliam
925 2587 999 2647 vino
1016 2586 1205 2663 'tumentem3
1216 2587 1282 2670 jam
1297 2587 1393 2651 factus

344 2703 378 2741 ex
394 2683 561 2742 ambitioso
576 2683 818 2764 superstitiosus,
832 2685 926 2743 tacita
942 2704 1030 2765 prece
1046 2683 1135 2744 labra
1148 2706 1254 2746 moves
1267 2688 1394 2747 circum·

343 2781 538 2860 cisorumque
549 2779 676 2840 sabbata
688 2777 806 2840 horres.
818 2781 899 2840 Tum
911 2779 1098 2842 simulachra
1110 2781 1276 2844 hominum
1289 2785 1395 2844 formi-

344 2876 397 2937 dus
408 2879 574 2958 nigrantia,
587 2891 616 2937 et
628 2898 698 2959 quae
709 2880 848 2938 minatur
856 2879 1033 2961 disruptum
1043 2901 1138 2940 ovum
1148 2881 1299 2964 pericula3
1315 2882 1394 2943 unde

345 2975 427 3035 Galli
442 2975 654 3059 praegrandes,
675 2989 705 3035 et
724 2976 808 3037 lusca
824 2998 896 3038 curn
917 2976 1060 3060 cymbalo
1081 2979 1222 3040 sacerdos
1240 2982 1395 3042 immisere

344 3073 418 3134 deos
434 3093 563 3156 corpora
578 3073 738 3150 inflantes,
753 3076 813 3135 nisi
831 3078 970 3159 parueris
989 3079 1206 3153 monentibus,
1221 3095 1332 3161 atque,
1351 3081 1394 3141 uti

345 3170 527 3254 praedictum
541 3169 651 3248 fuerit,
666 3184 712 3232 ter
725 3193 817 3232 mene
830 3187 923 3255 caput
936 3174 1102 3236 comederis
1117 3175 1192 3236 allii.

389 3271 453 3350 189.
477 3270 551 3329 Haec
565 3268 604 3330 de
618 3267 761 3332 libertate
776 3271 857 3333 dicta
875 3273 992 3335 fuerint
1008 3274 1091 3356 apud
1110 3295 1226 3336 crassos
1242 3279 1394 3338 centurio-

345 3385 414 3439 nes;
427 3367 569 3448 protinus
580 3367 721 3450 ineptum
732 3370 829 3429 risum
839 3370 927 3431 tollet
938 3370 1017 3431 altus
1028 3371 1215 3434 Vulfennius
1227 3387 1257 3434 et
1269 3387 1393 3434 centum

346 3464 467 3523 Graecos
478 3463 685 3548 philosophos
699 3467 887 3527 vincentum
899 3469 1014 3529 assibus
1026 3471 1199 3532 aestimabit.
