3038 4932
366 466 432 531 330
598 467 634 528 C.
661 466 850 532 LUCILII
877 469 1167 534 FRAGMENTA

363 707 438 789 Quo
448 716 547 795 pacto
558 701 723 794 populum
735 719 838 797 atque
848 597 968 770 uidem
980 726 1112 770 servare
1124 708 1253 798 potissit

365 811 507 906 Ampliu’
518 818 713 880 Romanam.
855 911 901 973 Vl

365 1069 619 1082 ........
637 1020 692 1085 'Ut
703 1017 827 1086 multos
841 1040 1044 1112 mensesque
1056 1017 1212 1112 diesque,

364 1130 438 1194 Non
450 1145 562 1195 tamen
574 1143 708 1194 aetatem
718 1144 915 1220 tempestate
930 1127 994 1196 hae
1005 1127 1161 1196 scelerosi

366 1243 545 1304 Laetentur.

850 1335 923 1398 v11.

367 1446 445 1509 Haec
454 1441 513 1508 ubi
526 1440 614 1510 dicta
625 1440 731 1523 dedit,
745 1465 887 1533 pausam
897 1441 976 1510 facit
987 1465 1045 1510 ore
1056 1441 1227 1536 loquendi.

835 1557 926 1620 VIII.

365 1666 432 1728 Nec
444 1663 472 1728 si
484 1661 678 1729 Carneaden
689 1665 802 1754 ipsum
815 1661 859 1729 ad
870 1685 932 1730 nos
944 1661 1043 1744 Orcn’
1054 1665 1210 1728 remittat.

859 1777 916 1840 IX.

366 1887 428 1947 Per
439 1886 592 1963 satiram,
605 1881 745 1950 AEdilem
758 1883 885 1952 factum
899 1887 957 1978 qui
968 1883 1089 1976 legibu'
1105 1883 1223 1952 solvat.

867 1997 908 2060 X.

343 2135 346 2144 ·
366 2104 442 2182 Cui,
456 2104 483 2168 si
495 2097 664 2191 conjuret,
676 2099 823 2192 populus
834 2104 888 2168 vix
900 2100 982 2168 totu'
994 2104 1073 2169 satis
1086 2104 1137 2168 sit.

860 2216 917 2278 XI.

371 2318 487 2387 Munu'
499 2335 611 2386 tamen
622 2319 732 2411 fungi,
745 2334 778 2385 et
789 2342 905 2388 muros
918 2343 1051 2388 servare
1062 2323 1236 2413 potissent.

367 2489 389 2540 is
403 2501 514 2559 propter
523 2485 605 2539 multa
623 2487 734 2559 flagiu'a,
743 2505 825 2559 quum
833 2487 867 2540 de
912 2503 938 2543 et
946 2493 974 2542 P.
986 2492 1109 2543 Africano
1122 2492 1174 2542 vim
1187 2486 1310 2540 attulisse
1323 2485 1396 2538 anisu-

367 2568 458 2620 exsilio
466 2568 607 2620 accersitus
616 2581 693 2635 esset,
701 2587 734 2620 ne
744 2570 866 2620 incarce-
914 2581 1000 2621 matus
1013 2583 1060 2621 est.
1071 2592 1083 2615 ι

368 2667 396 2700 re
408 2663 561 2714 necaretur,
572 2667 702 2700 venenum
713 2647 810 2698 bibit·
828 2649 869 2698 Da
947 2649 979 2700 V.
995 2647 1142 2713 CharIsius,
1159 2647 1205 2698 lib.
1221 2647 1266 2696 III.
1283 2642 1396 2715 Amplius.

368 2727 419 2778 eod
433 2728 487 2778 Cic.
501 2726 547 2778 lib.
560 2728 584 2778 II
594 2740 619 2778 et
629 2727 653 2774 V
666 2727 700 2777 de
709 2725 792 2777 Finib.
803 2725 865 2777 mal.
914 2727 986 2780 Potis
998 2728 1045 2792 sit,
1063 2727 1091 2778 id
1111 2739 1166 2790 est,
1181 2721 1299 2792 possible
1315 2725 1352 2776 sit.
1367 2725 1396 2773 Iu

368 2817 394 2854 et
404 2803 568 2855 bom—Aut
578 2801 806 2874 Corboll'ept.fil.,
817 2816 866 2854 etc.
916 2807 1033 2859 Plautus.

370 2883 487 2952 Neptuni
501 2881 585 2946 lilius,
604 2882 698 2948 idest,
713 2883 792 2934 ferus.
809 2883 868 2934 Aul.
949 2887 1130 2952 VIDonatut,
1138 2887 1164 2936 in
1172 2887 1239 2936 Eun.
1247 2895 1298 2936 act.
1305 2887 1370 2950 V,sc.
1378 2879 1396 2932 5·

368 2958 435 3010 Gell.
449 2959 496 3011 lib.
506 2961 570 3024 XV,
585 2961 724 3028 nr.Quem
736 2979 798 3012 vero
807 2960 869 3012 Car·
950 2967 1005 3016 VII.
1029 2966 1150 3017 Nonius:
1167 2964 1256 3016 Pausa
1280 2975 1321 3014 est
1341 2962 1398 3032 quiet

368 3037 468 3089 bonurn
487 3037 613 3089 hocloco
632 3053 722 3109 tangat
737 3039 868 3105 Lucilius,
914 3041 1076 3113 alicujusrei.
1088 3043 1171 3095 Nobis
1181 3042 1308 3094 sententia
1316 3038 1397 3093 euhoe

369 3135 417 3188 pro
436 3130 509 3168 certo
525 3116 655 3168 affirmare
670 3136 724 3168 non
737 3120 868 3182 ausimus3
913 3142 969 3174 esse
979 3119 1176 3193 intelligendum
1185 3119 1218 3172 de
1228 3121 1294 3172 lore
1305 3115 1398 3170 autalio

369 3215 430 3246 nam
446 3197 555 3261 Cicero,
571 3199 620 3266 Ep.
634 3195 668 3247 ad
681 3198 743 3249 Iam.
759 3197 805 3248 lib.
816 3199 868 3263 IX,
912 3203 1028 3254 Deorum
1041 3199 1144 3254 dicendi
1153 3201 1231 3252 linem
1241 3199 1359 3249 faciente.

368 3288 422 3327 tres
433 3276 525 3328 fratres
538 3275 744 3347 improbissimos
755 3276 808 3329 hoc
821 3295 870 3327 no·
949 3281 1187 3344 VIII.Lactantius,
1198 3277 1244 3328 lib.
1255 3279 1288 3340 V,
1296 3294 1352 3347 cap.
1362 3271 1397 3335 ιδ,

368 3357 439 3406 mIne
462 3367 589 3408 recenset.
620 3355 690 3408 Illius
715 3357 794 3408 verba
815 3355 870 3407 hcc
914 3361 999 3412 Divin.
1016 3357 1255 3420 lustcarneades,
1268 3353 1397 3408 academie

369 3449 430 3488 sunt
451 3457 458 3487 ε
481 3461 492 3482 ι
505 3438 682 3507 Cognovaus
703 3437 751 3489 Cn.
772 3436 871 3491 Carbo·
915 3437 1106 3510 philosophus,
1120 3440 1195 3507 cujus
1211 3436 1244 3486 de
1259 3435 1353 3504 ingenii
1363 3447 1398 3480 ce·

370 3533 438 3579 nem,
447 3528 472 3566 et
481 3519 537 3587 ejus
546 3517 653 3568 fratrem
660 3517 790 3569 scurram.
798 3517 870 3583 Quid
913 3515 1029 3581 leritate,
1045 3513 1078 3566 de
1092 3517 1153 3566 siet
1165 3515 1285 3565 acumine
1297 3509 1398 3561 inditae

367 3593 408 3644 his
418 3593 580 3665 improbius?
590 3595 629 3647 De
638 3595 690 3647 hoc
700 3599 785 3649 amieo
794 3613 868 3661 meo,
913 3592 1014 3662 rendo,
1031 3613 1124 3665 magna
1135 3592 1209 3646 valde
1220 3594 1355 3642 miratione
1366 3587 1398 3638 lo·

369 3672 474 3724 Rubriae
492 3672 559 3738 lilio,
576 3671 641 3725 nihil
659 3673 728 3725 dico.
749 3675 813 3726 Tres
831 3673 869 3725 illi
914 3675 1004 3742 quitur
1018 3675 1110 3725 Cicero
1128 3675 1153 3723 in
1164 3671 1236 3723 libris
1250 3665 1398 3738 Philosophi·

370 3753 462 3805 stauos
482 3752 608 3817 fuerunt,
630 3752 657 3804 C.
680 3754 727 3804 Cn.
749 3754 786 3803 M.
807 3753 871 3802 Car-
916 3753 960 3804 eit.

370 3834 462 3887 bones.
473 3835 588 3898 Marcus,
599 3836 627 3890 P.
636 3833 732 3886 Flacco
743 3850 871 3884 aecusan·
950 3832 993 3882 IX.
1005 3831 1100 3883 Satira.
1119 3833 1175 3882 Hoc
1189 3829 1268 3894 loco,
1284 3827 1339 3892 lex,
1352 3839 1400 3895 qut

366 3927 413 3980 te,
434 3913 626 3966 condemnatus
645 3915 689 3966 fur
707 3931 817 3984 magnus
840 3931 871 3963 ex
917 3929 970 3962 uno
983 3923 1077 3980 rogatu
1090 3909 1171 3961 multa
1185 3903 1386 3978 comprehendit.

370 3991 469 4043 Sicilia:
485 3991 582 4054 Caius,
598 4004 738 4043 accusante
752 3992 781 4041 L.
793 3991 871 4041 Cras·
949 3989 981 4041 X.
996 3989 1146 4052 Charisius,
1158 3986 1203 4038 lib.
1218 3989 1249 4037 II.

371 4090 418 4136 so,
441 4073 609 4125 cantharidas
639 4075 780 4142 sumpsIssa
805 4069 870 4121 dici·
949 4069 994 4118 XI.
1005 4069 1124 4120 Nonius:
1138 4067 1321 4136 Accusat'pro
1331 4059 1397 4116 ablat·

372 4159 430 4210 tur,
447 4151 468 4202 is
482 4151 603 4202 tribunus
616 4147 700 4222 plebis
715 4149 869 4216 seditiosus,
914 4148 1055 4212 Potr'stent,
1068 4146 1095 4198 id
1107 4160 1158 4214 est,
1169 4146 1325 4217 potuIssent.
