3148 4950
392 416 396 428 ⁸
423 423 488 486 500
638 421 699 484 DE
723 420 892 484 SATIRA
916 417 1239 524 Romano-Rom.

423 571 540 616 eorum
558 547 727 638 satyricae,
742 548 777 612 in
792 547 909 637 primis
924 547 1127 612 comicorum
1139 563 1328 637 poetarum,
1342 565 1373 615 et
1384 575 1439 617 me

419 653 623 748 joremforte
635 653 719 735 silli,
731 651 903 748 dequibus
916 677 1019 745 supra
1028 651 1206 746 disputavi.
1215 656 1278 723 Sed
1287 654 1439 724 illarumet

423 767 577 831 materies
587 780 620 830 et
633 762 740 830 forma
752 763 816 829 fuit
829 762 960 830 diversa
972 773 980 799 ¹
994 792 1001 829 :
1014 761 1049 829 hi
1060 788 1141 830 vero
1152 762 1313 848 didactica
1324 767 1439 860 quidem

422 933 513 984 suisse.
529 931 566 982 Ex
584 931 649 1000 ipsis
665 933 743 983 etiam
761 931 921 983 carminibus
967 944 1054 981 autem
1066 930 1152 982 libria
1166 933 1345 984 Grammaticis
1357 951 1441 1003 semper

423 1023 541 1076 constat,
557 1010 657 1081 singula
676 1014 788 1083 primum
806 1010 839 1062 ad
857 1013 922 1061 ami·
966 1023 1155 1063 memorantur.
1177 1012 1246 1075 Quia
1269 1027 1354 1063 autem
1374 1013 1441 1062 liora·
1524 1021 1525 1026 ’

422 1108 468 1142 eos
483 1107 539 1140 esse
550 1091 628 1141 missa
639 1103 664 1141 et
677 1093 767 1160 paucis
778 1087 922 1142 admodum
966 1091 1033 1152 tius,
1053 1091 1154 1141 Persius
1175 1103 1200 1140 st
1220 1089 1351 1142 luvenalis
1367 1091 1441 1142 Lucilii

422 1172 547 1235 recitata,
558 1169 610 1221 Sat.
628 1171 653 1233 l,
669 1171 702 1237 4,
718 1170 750 1240 73
768 1188 807 1241 sq.
826 1167 921 1220 deinde
965 1167 1097 1218 scribendi
1108 1186 1211 1237 genus,
1228 1186 1277 1220 sua
1292 1181 1372 1220 tamen
1385 1171 1441 1238 quis·

421 1249 462 1303 vel
483 1250 516 1302 ab
538 1251 597 1321 ipso
619 1264 743 1316 auctore,
764 1248 852 1301 selah
869 1248 922 1300 alio
966 1248 1441 1318 queratione,sequutisunt,intereos

423 1331 563 1381 Venusinis
578 1347 657 1380 musae
674 1341 778 1380 amante
794 1325 920 1396 (immoa
966 1337 1100 1392 auctores,
1115 1329 1160 1397 qui
1172 1342 1289 1378 saturam
1305 1347 1349 1380 seu
1360 1342 1442 1379 saturas
1524 1349 1525 1356 ³

424 1409 623 1469 Grammaticis;
639 1408 674 1458 cf.
692 1409 782 1478 Heyne
794 1405 827 1456 de
838 1423 919 1457 curm.
965 1405 1139 1473 scripserunt,
1153 1408 1213 1475 jure
1232 1419 1294 1458 suut
1312 1406 1392 1471 relati,
1406 1425 1442 1458 ec·

423 1486 513 1539 bucol.
522 1500 540 1538 t.
549 1489 569 1551 1,
577 1485 638 1537 edit.
649 1485 740 1555 Virgil.
750 1503 800 1538 sec.
812 1504 838 1556 p.
851 1484 921 1554 rs),
965 1501 1076 1552 rumque
1090 1482 1164 1534 lilrn's
1178 1503 1224 1536 seu
1240 1486 1391 1536 carminibus
1401 1487 1442 1534 sia·

421 1565 516 1638 ecloqoe
541 1567 648 1616 nomine
674 1563 782 1634 singulis
811 1565 921 1615 fortasse
964 1559 1031 1631 gulis
1045 1563 1066 1610 is
1081 1561 1181 1626 titulus,
1198 1566 1275 1632 cujus
1285 1564 1443 1632 iptiauctores

422 1644 524 1710 indito,
533 1644 559 1694 in
572 1643 654 1694 libros
663 1641 774 1696 collecta
785 1656 811 1693 et
821 1640 921 1710 digesta
967 1639 1058 1689 forsan
1071 1656 1125 1689 non
1140 1638 1262 1705 fuerunt,
1274 1658 1288 1689 a
1302 1639 1403 1690 librariis
1413 1651 1443 1689 est

420 1723 552 1776 videntur.
565 1725 593 1774 lu
603 1725 722 1794 ipsorum
733 1740 844 1773 numero
855 1739 922 1792 qute-
965 1719 1118 1787 inscriptus.
1131 1740 1141 1764 ι

423 1799 484 1852 dam
500 1818 607 1871 quoque
624 1811 699 1862 sunt,
719 1799 813 1870 quibus
831 1800 923 1850 Satira
1005 1812 1026 1846 t.
1044 1795 1098 1847 Cel.
1121 1794 1275 1848 Eiclrstaedt
1294 1816 1319 1868 p.
1341 1795 1441 1866 Sp-dl:

424 1877 530 1943 titulus,
546 1881 600 1929 sive
621 1880 755 1949 antiquam
774 1877 848 1928 verbi
870 1879 920 1928 vim
969 1875 1022 1924 ·1n
1046 1876 1164 1947 tropicis,
1191 1877 1298 1946 inquit,
1317 1875 1443 1926 Graecorum

424 1959 577 2018 retinueris,
592 1958 645 2008 sive
658 1975 752 2008 novam
769 1954 840 2006 illam
859 1953 923 2006 sub·
966 1952 1079 2024 Satyris,
1093 1953 1126 2006 ad
1142 1974 1209 2025 quos
1226 1969 1346 2006 revocata
1359 1957 1405 2007 lere
1415 1965 1444 2006 est

421 2038 630 2106 jeceris,parum
641 2037 781 2086 convenire
793 2033 921 2099 videatur,
966 2035 1050 2084 omnis
1081 2035 1214 2102 quaestio,
1246 2031 1444 2105 quemadmodum

423 2116 472 2166 nisi
487 2114 663 2178 contenderis,
684 2115 821 2164 Horatium
834 2113 875 2164 vel
890 2131 921 2164 ea
966 2110 1096 2182 permulta
1109 2127 1188 2178 sunt,
1201 2132 1259 2184 quse
1275 2112 1369 2165 diversa
1385 2130 1444 2182 repe·

468 2196 554 2260 mina,
567 2211 624 2263 qum
634 2205 707 2244 certo
720 2204 745 2244 et
758 2191 923 2244 linito.alicui
966 2192 1068 2240 riantur
1089 2209 1105 2240 a
1128 2193 1254 2242 Romana
1273 2194 1371 2261 iugenio
1390 2191 1444 2242 sni-

421 2274 512 2342 geueri
532 2269 656 2339 subjungi
677 2288 731 2320 nou
754 2272 920 2340 potuissent,
965 2284 999 2317 rta
1015 2287 1021 2316 t
1038 2270 1073 2318 ita
1092 2269 1114 2320 si
1134 2266 1202 2319 banc
1220 2273 1341 2322 conferre
1355 2287 1407 2320 cum
1421 2284 1444 2317 ea

423 2349 517 2402 eadem
539 2351 730 2420 inscriptione,
751 2349 793 2399 cui
817 2349 921 2400 minime
965 2345 1074 2396 Satirica
1082 2347 1284 2411 instituerimus,
1293 2343 1445 2418 quammtniei

422 2427 632 2499 responderent,
658 2427 774 2497 gaudere
799 2427 919 2480 voluisse.
964 2425 1113 2476 Graecorum
1128 2438 1214 2494 poetae
1224 2429 1305 2477 variis
1323 2423 1399 2476 modis
1412 2440 1444 2473 er·

423 2509 480 2560 Pari
493 2507 572 2560 modo
586 2507 739 2560 Sermonum
756 2519 781 2558 et
792 2505 923 2576 Epistola·
965 2502 1106 2555 coluerunt
1111 2504 1174 2575 (vid.
1186 2525 1246 2576 sup.
1256 2506 1342 2570 uotl,
1351 2503 1444 2575 pm),

423 2605 479 2640 rurn
492 2588 691 2657 inscriptionem
702 2585 735 2638 ab
746 2587 854 2638 Horatio
865 2603 921 2638 esse
965 2583 1089 2637 facillime
1095 2587 1232 2637 arctiorem
1241 2585 1377 2657 quamdam
1383 2585 1444 2634 luisse

421 2665 588 2737 prolectam,
613 2663 722 2735 probari
746 2664 818 2715 nullo
842 2663 920 2714 modo
965 2661 1060 2714 harum
1076 2667 1303 2736 propinquitatem
1314 2685 1342 2718 ac
1354 2663 1444 2716 nscessi-

423 2759 527 2818 potest,
550 2763 702 2816 quanquam
722 2746 777 2814 ipse
803 2743 864 2795 huic
886 2747 922 2795 rei
966 2741 1105 2807 tudinem,
1134 2745 1318 2816 intelligemus.
1345 2747 1403 2798 Nam
1422 2753 1444 2790 tl

424 2829 590 2878 occasionem
605 2823 722 2885 dederit,
736 2826 789 2876 Sat.
802 2825 826 2887 1,
841 2824 871 2888 4,
886 2824 921 2892 39
966 2822 1087 2872 omittam
1101 2839 1173 2873 nuuc
1185 2825 1339 2894 Satyrorum
1352 2821 1445 2880 choros,

424 2925 463 2976 sq.
481 2907 562 2973 Epist.
576 2906 603 2967 1,
618 2904 650 2968 4,
667 2903 749 2966 r;ll,
765 2919 794 2968 r,
815 2903 866 2955 250
880 2922 920 2973 sq.
967 2918 1034 2970 quos
1050 2903 1151 2954 comica
1168 2903 1322 2955 Graecorum
1338 2901 1444 2972 satyrice,

423 2982 552 3052 (sttruos
567 2995 645 3034 vocat
661 2983 771 3044 Satires,
791 2984 873 3052 Epist.
892 2985 920 3047 l,
965 2999 1039 3051 eque
1058 3001 1088 3034 ac
1107 2985 1396 3048 Romanorum'Satira,
1411 2993 1444 3031 aut

426 3061 521 3130 ι3,4).
533 3059 583 3111 Sed
593 3073 721 3111 vetustam
730 3078 788 3112 eam
796 3079 852 3112 esse
862 3079 921 3131 pro·
965 3059 1070 3129 parcius
1084 3061 1203 3128 adscivit,
1215 3079 1263 3116 aut
1273 3066 1371 3135 penitus
1380 3072 1446 3112 sustu·

426 3139 473 3191 bat
491 3137 704 3210 sidontpotlin.
725 3140 807 3209 Epist.
824 3139 921 3194 adTo·
965 3139 1131 3212 lit(vid.sup.
1143 3143 1445 3214 not.l,p.479.);utram·

424 3229 496 3270 naut.
519 3220 602 3269 Etiam
614 3218 783 3270 Grammatici
803 3218 921 3290 epistolas
965 3237 1017 3290 que
1026 3222 1104 3272 etiam
1113 3220 1164 3273 hnc
1173 3225 1200 3273 in
1209 3241 1237 3274 re
1247 3220 1445 3294 deprehendimur
1524 3219 1525 3222 ’

423 3298 524 3349 Horatii
535 3311 560 3348 et
571 3315 697 3350 sermones
706 3299 795 3348 citant.
811 3298 850 3349 De
862 3299 922 3349 Per·
967 3302 1181 3370 conspiravisse,
1212 3304 1286 3374 quod
1315 3311 1446 3373 argumenta

423 3377 476 3440 sio,
487 3375 622 3447 quomodo
634 3375 729 3428 librum
744 3393 821 3428 suum
831 3377 923 3428 inscri-
966 3391 1086 3448 peterent
1104 3399 1119 3431 e
1134 3384 1187 3432 vita
1204 3383 1373 3453 quotidiana,
1389 3375 1446 3450 qtt⁰d

423 3455 506 3524 pserit
523 3469 568 3507 aut
586 3455 687 3524 singula
704 3457 841 3518 carmina,
857 3456 921 3508 nihil
966 3470 1089 3508 notarent
1103 3472 1128 3510 et
1144 3458 1313 3529 designarent
1326 3455 1446 3530 turpitudi-

422 3534 487 3584 eerti
497 3533 587 3605 liquet.
599 3534 712 3588 riuum
722 3536 749 3585 in
761 3549 863 3587 vetusto
879 3535 923 3586 nli·
967 3555 1026 3588 netu
1049 3537 1243 3606 domesticatu,
1265 3561 1332 3612 supe
1354 3553 1446 3590 numero

423 3629 475 3681 quo
492 3610 552 3662 cod.
567 3613 596 3688 in
609 3611 717 3680 singulis
731 3613 834 3682 paginis
851 3613 921 3664 hunc
967 3616 1044 3665 etiarn
1065 3619 1193 3686 turpiter,
1215 3619 1288 3688 quod
1310 3618 1411 3688 aquales
1427 3614 1447 3662 vi

422 3687 526 3740 titulum
548 3691 677 3740 iuvenisse
698 3703 809 3741 testatur
828 3714 833 3741 :
855 3692 923 3744 The-
967 3692 1071 3744 ridiculi
1084 3694 1260 3747 vulnerarent.
1272 3699 1384 3764 Quorum
1395 3687 1447 3741 nihil

422 3771 556 3820 bnidorum
576 3770 658 3820 Persii
669 3771 777 3839 Satyra,
796 3784 822 3822 et
837 3774 864 3824 iu
878 3792 921 3824 cx·
967 3771 1206 3840 caditintrassicam
1218 3775 1447 3846 Satyrir·en.Verum
1524 3783 1525 3832 ξ

420 3863 525 3902 tremo:
543 3847 680 3919 Explicuit
692 3849 770 3900 rtet.
786 3852 818 3901 P.
835 3863 921 3922 satyra
967 3852 1111 3904 enimvero
1130 3867 1240 3923 proptor
1257 3854 1324 3905 hauc
1343 3849 1446 3902 similitu·
1524 3837 1525 3900 l

416 3924 541 3995 feliciter.
557 3927 838 3998 CaeterumaSosippo
853 3931 921 3982 Chu—
965 3931 1052 3982 dinem
1069 3932 1190 4002 equidem
1213 3935 1446 3998 nonausinpmu
1524 3915 1525 3954 l

422 4004 466 4053 ris.
484 4022 510 4074 p.
526 4005 574 4068 66,
590 4006 616 4054 iu
633 4001 737 4055 collect.
755 4005 857 4075 Putsch.
871 4010 920 4060 Sn-
965 4002 1067 4061 illorum
1081 4013 1171 4080 sequi,
1188 4015 1233 4080 qui
1244 4029 1352 4081 graecam
1364 4005 1446 4076 Satyfl'r

421 4081 469 4132 ts'ra
488 4086 498 4135 1
517 4085 597 4136 Persii
616 4083 719 4133 citatur.
742 4085 770 4134 ln
792 4085 934 4162 Juvenale'
964 4105 1021 4140 carn
1036 4093 1237 4158 procreatricem
1251 4089 1384 4162 quemdam
1399 4083 1446 4136 lati·
1523 4125 1525 4146 ,
