3038 4932
365 367 431 434 320
598 364 634 428 C.
660 364 845 428 LUCILII
872 357 1165 462 FRAGMENTA

826 493 936 556 CXLI.

281 677 285 682 ,
365 651 906 672 ················
931 621 1012 686 Χῖοςι
1026 613 1145 686 Iovique.

362 734 446 792 Οἶνος.

819 826 947 890 CXLII.

363 936 466 1004 Uxori
477 932 585 1028 legata
596 957 716 1026 penus.

811 1050 955 1114 CXLIII.

364 1155 483 1251 Apollo
494 1155 638 1226 Pulcher
649 1155 715 1224 dici
730 1180 798 1224 non
812 1155 893 1224 vult.

812 1271 953 1334 CXLIV.

363 1384 477 1450 Scorto
489 1381 675 1473 Pyrgentia.

821 1491 944 1576 CXLy.

363 1600 493 1670 Vultis?
505 1616 618 1693 empta
629 1614 680 1666 est
692 1625 699 1664 :
712 1596 834 1666 uoltis?
847 1621 915 1663 non
923 1577 1043 1688 'empta
1054 1611 1114 1662 est.

813 1709 954 1773 CXLVI.

363 1825 404 1888 Et
418 1819 583 1888 suffocare
596 1832 745 1887 conatur.

799 1930 957 1994 CXLVII.

365 2092 585 2107 .......
604 2091 621 2114 ,.
650 2090 656 2104 .
685 2091 692 2104 .
720 2091 727 2104 .
757 2091 763 2103 .
790 2041 901 2130 Pergit
912 2037 1069 2130 capulare
1080 2035 1231 2104 cadaver.

797 2151 971 2216 CXLVIII.

308 2277 317 2295 ‘
363 2259 580 2331 Serenu'fuit.

813 2375 954 2440 CXLIX.

364 2483 505 2578 Subulo,
516 2483 730 2579 pullipremo.

398 2707 482 2758 CXLI.
496 2707 613 2769 servius,
627 2708 655 2756 in
667 2707 688 2754 II
701 2706 796 2774 Georg.
907 2723 948 2756 ree
974 2703 1114 2770 dicebant,
1142 2706 1188 2774 qui
1212 2698 1310 2773 cnpnIo
1335 2699 1399 2771 digne

398 2786 497 2836 CXLII.
508 2784 610 2836 Seni-ine
621 2807 627 2835 ι
639 2785 702 2847 Hic,
713 2782 767 2835 haec
777 2781 861 2834 elbon
905 2783 1018 2834 Inerant.

361 2881 450 2935 penne
466 2863 522 2912 Lib.
541 2863 610 2913 XVI.
629 2864 735 2932 Legavit
755 2861 861 2933 quidum
942 2861 1074 2915 CXLVIII.
1095 2859 1206 2927 QuinIII.
1226 2859 1314 2912 Instit.
1332 2859 1399 2911 Orat.

364 2939 582 2994 morimundum
598 2959 678 2993 omne
694 2959 859 3012 penumque;
905 2943 956 3007 lx,
971 2941 996 3007 4.

362 3018 435 3092 quod
447 3020 482 3072 ad
498 3018 617 3073 eumdem
633 3039 688 3072 rem
703 3022 861 3092 perIInuiese
942 3017 1399 3090 GXLX1X.Subulones,paedin0uo

362 3114 494 3173 putemus.
907 3099 978 3151 dicu.
1001 3129 1034 3139 -
1061 3099 1233 3170 Pullipremo.
1262 3099 1399 3148 Puerorum

397 3178 507 3230 CXLIII.
519 3177 622 3230 servius
632 3180 659 3228 P.
677 3175 793 3230 Danielis
807 3169 861 3228 Au-
907 3178 1061 3248 plagiarius.
1081 3181 1137 3230 Ios.
1155 3176 1272 3249 Scaliger
1293 3180 1323 3228 in
1343 3193 1399 3228 con·

363 3258 428 3310 reIii.
439 3258 560 3330 Virgilius
568 3260 602 3309 III
612 3259 712 3311 AEneid.
721 3277 788 3310 vers.
802 3276 858 3327 ¹¹9·
904 3259 1029 3327 jectnneis
1044 3259 1151 3310 Latinos
1164 3271 1268 3308 veteres
1280 3255 1399 3318 mullare,

365 3339 505 3389 «Taurum
520 3339 662 3408 Neptuno,
679 3352 784 3390 taurum
797 3337 860 3406 tibi,
905 3349 931 3390 et
957 3339 1069 3390 moliens
1097 3335 1201 3390 calceos
1226 3355 1242 3388 a
1269 3333 1399 3387 mullando

362 3413 473 3484 pulcher
485 3414 591 3486 Apollo.
602 3439 613 3464 ι
906 3416 1002 3468 dixisse
1014 3429 1151 3479 autuman
1162 3419 1253 3486 itaque
1263 3415 1399 3466 Theocrito

397 3494 507 3545 CXLIV.
521 3495 624 3548 Servius
636 3495 762 3567 ejusdem.
905 3501 932 3547 τὸ
945 3501 1045 3561 nonno,
1058 3496 1134 3568 qnod
1145 3498 1267 3548 usitatius
1282 3498 1399 3564 πιραὴιη,

287 3631 291 3641 ,
396 3574 495 3626 CXLV.
512 3575 654 3629 Diomedes
671 3597 677 3627 =
693 3576 780 3630 Nostis
793 3595 858 3648 pro:
879 3602 885 3613 ·
905 3576 976 3629 unde
989 3575 1133 3629 subulones
1143 3575 1262 3629 Lucilius
1278 3575 1400 3647 praedico·

363 3671 417 3705 non
432 3651 520 3704 vultis·
905 3675 952 3708 nes
964 3658 1074 3709 vocarit.
1085 3655 1136 3708 Sed
1147 3656 1175 3706 in
1186 3653 1320 3707 veteribus
1334 3653 1400 3704 Iibris

280 3739 281 3742 ’
396 3733 505 3786 CXLVI.
514 3732 674 3798 DIomeden,
686 3733 731 3786 lib.
746 3737 766 3786 1.
905 3735 1008 3808 suppilo
1020 3735 1124 3806 legitur,
1136 3735 1209 3806 quod
1217 3737 1336 3806 Baptistn
1346 3735 1399 3803 piu·

397 3813 521 3866 CXLVII.
539 3811 692 3884 Fulgentius
708 3812 859 3866 Plancindes
904 3815 957 3868 hoo
983 3814 1087 3868 Laberii
1115 3812 1235 3886 exemplo
1268 3812 1398 3864 firmnbat:

363 3892 397 3946 de
403 3893 492 3944 Princo
502 3911 622 3944 sermone
634 3914 640 3944 ι
652 3891 806 3963 capularem
814 3911 861 3944 no·
908 3917 919 3942 ι
929 3897 1056 3964 Quaenam
1066 3914 1153 3959 mens,
1164 3912 1223 3965 qun
1232 3892 1350 3946 delirius
1358 3908 1398 3944 vos

363 3974 457 4026 minari
477 3973 571 4024 volunt
595 3991 685 4025 senem
707 3975 760 4044 jam
780 3977 859 4026 morti
904 3973 1229 4046 suppilntoresfaoitnum
1245 3974 1398 4042 nnnoeugio

361 4053 528 4122 contiguum
546 4053 608 4123 quin
627 4065 653 4104 et
671 4069 731 4104 reos
751 4051 857 4124 capula·
903 4053 1042 4107 velitariiu
1057 4053 1104 4107 ubi
1114 4055 1200 4106 obiter
1210 4053 1328 4106 immina
1340 4068 1398 4102 voce
