2970 4936
203 622 483 736 VARIAE
523 616 978 730 LECTIONES

466 879 539 958 ET
565 877 723 958 NOTAE

328 1090 376 1151 IN
397 1078 588 1150 SATIRAM
608 1085 862 1148 SECUNDAM.

69 1522 107 1574 lla
119 1521 215 1574 Sarrrra
229 1533 354 1573 murus.
373 1485 571 1571 Daraorrrrurr
592 1527 632 1569 est
650 1533 683 1568 ex
700 1515 765 1588 ipsis
782 1511 958 1586 Philosophia
976 1519 1122 1587 penetrali-

69 1601 116 1654 bus
127 1599 218 1652 Satira
231 1600 312 1671 hujus
324 1611 519 1670 argumentum.
532 1595 638 1650 Scilicet
647 1595 728 1648 divini
738 1592 825 1647 cultus
835 1595 1045 1667 ignorationem,
1057 1611 1083 1651 et
1093 1601 1122 1652 in
1190 1649 1200 1672 κ

71 1679 170 1732 orando
189 1682 305 1732 numine
320 1681 483 1751 inrpietatem
502 1691 548 1729 aut
566 1674 718 1742 stultitiam,
736 1675 800 1727 vitia
817 1673 941 1728 omnibus
959 1679 1125 1750 temporibus

72 1760 249 1832 omnibusque
260 1756 372 1832 populis
385 1759 550 1824 communia,
562 1758 720 1828 impugnare
732 1767 758 1806 et
769 1756 902 1826 corrigere
914 1759 969 1827 jam
981 1760 1125 1830 antiquitus

73 1844 155 1892 conati
167 1853 232 1892 sunt
241 1842 395 1893 Graecorum
408 1837 606 1910 sapientissimi.
617 1837 655 1888 Ex
665 1834 789 1887 omuibus
799 1853 862 1887 vcro
873 1853 930 1906 quse
940 1854 973 1888 ea
984 1833 1018 1889 sle
1027 1857 1056 1890 re
1067 1857 1127 1909 gra-

1 1946 2 1970 r
73 1921 171 1974 rissim
181 1919 388 1992 disputaverant
398 1929 424 1969 et
433 1916 608 1991 Pythagoras,
618 1927 644 1967 ct
654 1916 725 1966 Zeno
731 1952 740 1980 ,
751 1926 777 1966 et
785 1914 925 1986 Epicurus,
935 1928 961 1967 et
972 1917 993 1968 si
1006 1919 1066 1989 quis
1076 1919 1127 1970 fuit

1 1987 2 2026 l
75 1998 259 2052 celeberrimus
273 1999 410 2073 sapientie
421 1998 569 2070 professor,
580 1993 647 2046 nihil
658 1995 789 2067 reliquum
799 1994 878 2046 nohis
888 1995 952 2047 fecit
960 2007 1023 2049 retas
1032 2013 1127 2070 prater

1 2073 2 2138 l
75 2077 140 2133 dnos
154 2077 273 2133 Platonis
289 2077 425 2150 dialogos:
439 2075 552 2129 alterum
565 2075 598 2127 de
610 2075 765 2140 Sanctitate,
777 2076 824 2146 qui
835 2075 992 2148 Eutlryplrro
1003 2077 1129 2130 inscribi-

76 2173 131 2222 tur3
142 2159 256 2212 alterum
266 2157 302 2211 sle
311 2159 479 2222 Precatiooe,
487 2156 535 2227 qni
542 2154 688 2207 Alcibiades
696 2156 836 2217 secundun·
848 2155 973 2228 (simodo
981 2154 1031 2210 fuit
1039 2158 1129 2212 Plato-

1 2239 2 2242 ’
76 2237 176 2291 uirhoc
183 2257 252 2311 opus
260 2236 336 2290 haud
344 2240 380 2290 ita
388 2237 499 2308 dignum
509 2234 644 2306 Platone.)
653 2235 807 2287 Graecorum
814 2237 842 2286 in
850 2235 916 2304 hoc,
924 2238 989 2288 utin
997 2237 1053 2290 aliis
1061 2238 1130 2291 mul·

1 2345 2 2362 r
76 2320 123 2386 tis,
134 2319 305 2392 prudentiam
320 2317 373 2372 sibi
387 2317 564 2389 assumpsisse
579 2319 730 2383 Romanos,
742 2328 899 2387 argumento
915 2330 977 2369 sunt
993 2319 1130 2374 Ciceronis

1 2427 2 2442 κ
78 2413 104 2451 et
115 2400 221 2453 Seneca
234 2400 289 2453 loci
301 2395 454 2472 complures
466 2408 493 2448 et
504 2395 633 2448 nonnulla
646 2397 744 2469 scripta
756 2395 936 2450 satiricorum.
951 2399 1052 2452 Horum
1064 2420 1129 2454 vero

1 2507 2 2518 r
80 2479 200 2530 omnium
207 2497 286 2550 quarn
293 2490 434 2550 poetarum
441 2515 451 2545 ,
459 2488 515 2529 tum
526 2476 606 2528 etiam
615 2474 852 2548 Philosophorum,
864 2477 905 2529 vel
913 2477 1133 2548 latinorum,vel

81 2557 247 2624 Gmcom,
258 2557 330 2611 haud
342 2559 399 2611 seio
410 2573 445 2610 aa
457 2555 527 2608 ullus
542 2554 619 2628 plura
633 2556 660 2606 in
675 2573 731 2606 rem
745 2553 853 2622 dixerit,
866 2554 943 2626 plura
957 2558 1072 2628 attigerit
1082 2557 1134 2611 ‹lo-

1 2637 2 2678 3
81 2640 172 2689 ctrina
185 2640 287 2710 capita,
305 2655 387 2711 quam
405 2638 504 2689 Noster
517 2637 609 2709 paucis
623 2634 761 2688 versibus?
780 2633 886 2688 Scilicet
904 2633 1039 2706 denudat,
1055 2640 1134 2692 sicuti

1 2745 2 2777 r
82 2716 241 2770 ammodo
253 2719 356 2772 iecerat
367 2718 512 2783 Horatius,
525 2714 692 2788 hypocritas,
708 2714 755 2787 qui
765 2711 822 2766 dira
831 2713 897 2768 deos
909 2727 997 2769 sancte
1007 2732 1134 2791 poscunt,-

85 2796 240 2870 stultamque
252 2815 347 2851 eorum
358 2794 427 2848 ridet
440 2797 617 2867 impietatem,
629 2797 688 2868 qui,
699 2806 730 2847 ut
739 2796 776 2847 ait
784 2795 873 2863 Plato,
885 2794 984 2849 vellent
995 2799 1135 2854 instituere

1 2890 2 2905 ¹
86 2877 223 2949 quamdam
235 2898 299 2932 cum
312 2879 421 2930 numine
433 2889 625 2939 mercaturam
638 2874 709 2928 idem
723 2877 810 2947 tangit
823 2878 1018 2949 superstitiosos
1030 2883 1096 2934 ritus
1108 2895 1135 2935 et

1 2951 2 3026 i
87 2959 175 3010 insana
186 2971 246 3012 rota
255 2959 412 3024 hominurn,
424 2975 481 3030 quoe
492 2957 604 3008 materia
615 2956 695 3010 causa
706 2957 757 3008 fuit
768 2955 891 3009 iuvenali
900 2975 956 3009 non
963 2959 1043 3012 unius
1052 2959 1137 3016 decla·

1 3030 2 3040 *
88 3037 216 3100 mtiouit3
223 3034 302 3090 'idern
309 3038 472 3089 contrariam
481 3036 550 3089 votis
560 3039 653 3103 utam,
664 3053 744 3108 quam
754 3036 846 3106 inepta
859 3037 902 3105 sit,
917 3038 1048 3103 ostendit;
1065 3039 1136 3094 idem

1 3155 2 3162 κ
89 3115 238 3170 immodicas
250 3120 280 3171 in
294 3117 432 3171 sacrificiis
446 3118 653 3188 impensas,pro
666 3134 776 3169 snorum
787 3116 937 3169 Stoicorum
949 3137 1038 3189 more,
1049 3139 1138 3193 repre·

1 3195 2 3222 ³
90 3191 192 3257 headit3
202 3195 272 3248 idem
283 3193 412 3262 Platone,
428 3193 571 3261 etfl‘ullio,
584 3209 611 3247 ct
624 3195 725 3248 Seneca
733 3194 840 3267 planias
848 3195 951 3249 elicitae
962 3197 1069 3269 melius,
1081 3221 1138 3256 reru

93 3290 146 3326 esse
154 3273 337 3328 difficillimam
349 3291 426 3327 sacra
436 3273 594 3346 intelligere,
604 3287 631 3327 et
642 3293 723 3348 quam
731 3276 774 3326 rix
787 3292 883 3346 capere
894 3278 981 3347 possit
995 3277 1077 3333 horno
1095 3282 1139 3335 lu·

1 3393 2 3398 ,
94 3365 148 3406 teas
156 3367 181 3407 et
192 3355 325 3416 mortalia;
337 3353 424 3421 idem,
435 3353 578 3407 Aristotele
588 3368 614 3408 et
623 3356 740 3427 Epicuro
749 3354 922 3424 moderatior,
932 3375 987 3410 non
997 3360 1085 3413 Deum
1094 3382 1140 3416 ne-

95 3446 136 3504 gat
148 3451 203 3487 essa
215 3436 326 3487 omnino
341 3432 495 3502 colendum,
507 3433 557 3488 sad
565 3432 639 3488 nulla
651 3454 680 3489 ra
690 3433 784 3487 melius
795 3432 848 3486 coli
858 3453 940 3507 posse
952 3436 1044 3508 docet,
1059 3460 1140 3514 quarn

97 3513 235 3567 virtutihus.
259 3517 322 3568 ilaec
333 3526 397 3567 sunt
409 3515 498 3566 omnia
511 3533 569 3588 quie
582 3514 648 3567 mihi
666 3513 861 3587 persuadeant,
875 3515 979 3569 nullum
991 3516 1026 3572 de
1036 3527 1140 3591 gravis.

100 3593 157 3645 sima
173 3593 218 3646 illa
232 3592 364 3666 precandi
379 3595 494 3646 numinis
507 3597 612 3647 ratione
627 3597 755 3666 seriptum
771 3593 919 3648 absolutius
933 3595 968 3649 ab
980 3602 1095 3672 antiquis
1106 3603 1141 3656 ad

1 3705 2 3716 ³
100 3689 145 3761 nos
155 3676 318 3745 pervenisse,
328 3692 410 3747 quarn
419 3671 570 3746 hocipsurn
578 3675 674 3740 Parsii3
685 3674 788 3727 nullum
800 3673 876 3747 quod
885 3676 920 3729 ad
931 3677 1055 3734 sublimia
1067 3681 1143 3736 Chri-

1 3789 2 3830 }
103 3761 181 3804 mane
190 3755 308 3808 veritatis
318 3766 454 3829 precepta
464 3755 576 3828 propius
588 3757 740 3808 accesserit.

133 3831 219 3887 Forma
228 3835 317 3906 operis
326 3834 390 3888 felix
400 3847 426 3887 et
435 3848 591 3906 argumento
601 3836 763 3888 conveniens
773 3846 822 3887 est.
834 3834 969 3905 Macrino,
982 3839 1068 3892 amico
1079 3860 1142 3912 suo,

1 3955 2 3992 3
106 3905 170 3961 dieu
179 3913 293 3967 natalem
307 3927 334 3967 et
350 3917 377 3967 iu
391 3913 529 3986 precando
546 3916 631 3969 Gauio
647 3913 806 3968 modestiam
817 3915 979 3987 gratulatus,
990 3919 1054 3971 inde
1065 3924 1145 3974 sumit

1 4031 2 4066 3
107 3992 259 4047 maionem
267 3996 373 4050 Persius
382 3996 414 4048 de
425 3993 492 4050 votis
500 3993 657 4049 disserendi.
667 3996 763 4068 Neque
774 3993 827 4047 hoo
837 4008 941 4048 tautum
953 3995 1064 4051 similior
1073 4002 1145 4072 Epis·

1 4081 2 4090 ¹
107 4063 163 4119 tole
174 4069 222 4125 hnc
234 4088 274 4127 est
284 4077 379 4142 satira,
395 4073 443 4128 sad
455 4075 516 4147 ipso
528 4093 637 4152 quoque
651 4087 745 4129 tenore
757 4078 963 4144 sententiarum,
976 4077 1075 4149 quibus
1090 4099 1145 4135 non

109 4155 156 4200 ΙΝ
169 4152 280 4222 privatos
293 4157 392 4210 civium
401 4171 508 4227 moros,
526 4171 607 4227 quarn
620 4169 704 4212 totam
717 4155 857 4211 homiuum
869 4159 950 4210 vnarn
965 4169 1060 4210 auctor
1073 4160 1145 4214 inse-
