2986 4924
364 447 426 515 ¹7⁰
532 426 686 490 VARIAE
710 423 980 490 LECTIONES
1004 425 1066 490 ET
1090 424 1225 492 NOTAE

358 551 426 602 vitiis
438 547 610 614 laborabant,
625 567 683 621 quc
697 549 771 601 fuere
781 551 863 602 totius
876 551 1054 622 antiquitatis,
1070 562 1151 623 atque
1166 553 1223 621 ejus
1238 552 1403 621 potissimum

357 631 440 682 etatis
453 631 671 699 corruptissima,
686 647 738 700 qua
752 630 815 682 vixit
830 631 941 682 Persius.
956 628 1076 682 Juvenal.
1091 629 1129 689 11,
1145 645 1177 680 ro
1191 647 1266 701 sqq.;
1282 629 1320 681 td.
1332 631 1402 697 vm,

360 709 407 770 16;
423 708 459 762 id.
474 709 530 772 lX,
542 726 571 760 ra
584 728 659 781 sqq.;
675 709 788 760 Martial.
801 711 823 762 ll
831 745 839 774 ,
852 710 902 772 62,
918 711 970 776 Vt,
983 708 1026 762 56.
1041 737 1079 750 -
1094 709 1245 782 Peneusque
1257 727 1403 783 amansque

357 787 439 841 lambi
446 809 454 848 ,·
468 801 557 860 partes
573 800 635 840 sunt
648 789 768 859 corporis
783 787 914 857 pudenda
929 790 1074 844 anteriores
1086 802 1111 840 et
1123 790 1299 859 posteriores,
1309 788 1402 860 quibus

356 867 534 922 detrahebant
550 868 637 941 pilos,
654 886 774 940 quasque
788 868 858 920 leves
871 869 921 920 sibi
935 867 1081 922 reddebant
1095 869 1233 921 cinaediae
1247 868 1357 940 pathici.
1371 899 1403 910 -

355 949 534 1010 litorcurttem,¹
554 948 660 1018 proprie
672 959 711 1000 est
723 965 848 1012 macore,
867 946 964 999 herbas
982 947 1088 1000 inutiles
1105 967 1137 1002 ex
1155 947 1252 1000 adultis
1271 948 1404 1019 segetibus

356 1043 437 1092 mauu
449 1026 576 1092 evellere,
590 1043 680 1096 agrum
693 1043 813 1096 purgare.
826 1027 909 1091 Cato,
921 1028 961 1076 De
972 1027 1010 1078 Re
1021 1027 1146 1092 Rustica,
1159 1043 1219 1097 cap.
1231 1043 1245 1077 a
1259 1047 1266 1077 ι
1279 1029 1353 1078 «Per
1366 1028 1404 1079 le·

356 1106 408 1158 rias
420 1107 540 1175 potuisse
552 1105 638 1157 fossas
651 1106 763 1176 tergeri,
776 1123 869 1174 vepres
881 1103 979 1169 recidi,
993 1119 1097 1176 pratum
1108 1106 1229 1175 purgari,
1240 1106 1332 1175 spinas
1347 1121 1405 1156 rust·

356 1183 442 1240 caris
457 1183 556 1236 Plinius
567 1186 632 1252 Maj.
644 1185 710 1236 llist.
723 1184 785 1235 Nat.
797 1181 842 1234 lib.
858 1184 955 1248 XVlll,
966 1201 1026 1255 cap.
1041 1200 1071 1235 ar
1086 1206 1092 1235 :
1107 1206 1119 1230 ι
1131 1183 1281 1254 siliginem,
1293 1181 1335 1234 far
1345 1185 1405 1234 triti·

355 1280 432 1329 cum,
442 1283 547 1330 semen,
561 1263 688 1332 hordeum
700 1276 809 1330 uocato,
818 1264 925 1328 territo,
938 1275 1059 1330 murato,
1071 1263 1167 1336 quihus
1177 1262 1279 1314 dietum
1292 1265 1342 1314 erit
1351 1262 1405 1322 slie-¹

354 1341 438 1394 bus.»
454 1343 648 1410 Translate,ut
665 1344 716 1396 hoo
732 1342 806 1408 loco,
822 1342 934 1407 vellere,
951 1341 1081 1413 depilare.
1099 1343 1231 1395 Convenit
1249 1341 1405 1412 metaphora

304 1440 311 1458 ·
356 1437 418 1472 oum
428 1421 510 1474 altera
520 1441 576 1496 quae
587 1423 658 1494 hunc
666 1423 757 1474 locum
767 1422 901 1474 concludit
912 1443 917 1473 :
932 1441 1004 1474 «non
1016 1432 1102 1491 tamen
1112 1418 1278 1493 irrafittx...·
1291 1422 1405 1472 -Pan-

355 1501 431 1564 dere,⁸
448 1514 599 1555 morantem
613 1505 742 1575 pondere,
760 1505 836 1575 quasi
849 1501 957 1555 dixisset
973 1513 1125 1554 runcantem
1143 1513 1173 1553 ot
1186 1503 1305 1572 paudum
1323 1517 1405 1572 preca

355 1595 397 1635 est
408 1585 569 1636 constructio
581 1585 727 1636 notissima.
740 1583 860 1636 Pondere
871 1583 963 1636 vulvas
971 1581 1087 1654 populo,-
1099 1595 1220 1653 prostare
1231 1594 1258 1637 et
1266 1580 1405 1634 muliebria

354 1665 419 1734 pati.
433 1665 599 1736 Turpissima
616 1677 656 1716 est
670 1665 775 1735 imago,
793 1666 837 1715 oui
849 1665 903 1716 sim
918 1663 997 1716 etiam
1012 1660 1085 1722 addit
1098 1680 1150 1716 rox
1162 1671 1313 1715 marcentes.
1328 1659 1404 1714 Com.

356 1743 449 1796 Horat.
464 1744 550 1817 Epod.
563 1746 638 1812 Vlll,
652 1743 667 1798 5
680 1762 738 1815 sqq.
1207 1755 1210 1764 '

387 1893 448 1940 Van.
467 1895 504 1958 37.
524 1898 558 1940 Tu
569 1911 641 1958 quum
653 1893 752 1942 maxillis
764 1893 896 1941 balanatum
909 1909 1010 1958 qouaope
1023 1901 1109 1956 pectas.
1120 1917 1153 1930 -
1165 1895 1220 1940 Fert
1230 1891 1303 1938 editio
1313 1908 1326 1938 e
1337 1892 1407 1952 lleff'a

355 1963 478 2012 Paritieuti
487 1963 629 2032 Bibliotheca
639 1965 796 2028 antiquissima
809 1968 885 2026 (auno
898 1965 970 2024 1474)
980 1981 985 2010 :
1000 1967 1033 2010 tt«
1042 1980 1113 2028 quum
1123 1966 1146 2008 in
1156 1961 1272 2018 maxillis,-
1279 1977 1351 2026 quum
1360 1961 1407 2008 lec·

355 2033 445 2082 tionem
451 2037 482 2082 ad
493 2051 586 2084 sentum
597 2037 745 2084 clarissimam
756 2037 858 2084 libenter
869 2037 1022 2098 recepissem,
1034 2037 1135 2082 sitttss.
1144 2035 1291 2082 admisissent
1300 2033 1405 2080 Codices.

392 2134 459 2184 Nor.
483 2133 528 2204 37.
553 2135 595 2186 Tu
612 2153 693 2207 quum
710 2134 827 2190 maxillis
849 2133 1000 2186 balanatum
1015 2153 1128 2207 qousape
1143 2144 1239 2207 pectas.
1258 2161 1296 2172 -
1316 2132 1407 2202 Carpit

356 2209 508 2281 hominem,
523 2215 596 2287 quod
610 2215 757 2268 secundum
767 2229 889 2268 naturam
905 2234 1078 2287 nequaquam
1092 2215 1178 2266 vivere
1191 2213 1270 2279 velit,
1283 2210 1406 2283 pilosque

355 2291 490 2362 pudendis
505 2298 626 2367 corporis
640 2295 762 2366 partibus
773 2295 911 2361 detrahat,
926 2294 1030 2348 excolat
1043 2313 1105 2346 vero
1120 2296 1242 2364 ingenis.
1257 2321 1294 2342 .-
1307 2291 1407 2345 traxit-

354 2368 389 2423 lt's
409 2374 486 2426 struit
504 2374 678 2428 Casaubonus
697 2393 758 2428 cum
777 2386 876 2447 pectas,
898 2375 1074 2448 intelligitque
1089 2375 1122 2426 dc
1137 2373 1261 2426 dentibus
1276 2373 1407 2442 pectinis,

356 2451 507 2524 accipitque
523 2473 638 2528 pompe
654 2454 806 2508 balanatum
821 2451 856 2506 de'
869 2453 989 2526 capillis;
1009 2454 1055 2506 sed
1072 2453 1124 2506 hoc
1137 2452 1233 2506 durum
1253 2449 1405 2503 admodum.

356 2529 452 2599 Aptius
461 2533 509 2582 erit
518 2547 544 2584 et
551 2532 672 2601 mollius,
680 2533 701 2586 si
709 2552 822 2608 qausope
831 2532 942 2584 barbam
953 2532 1099 2603 intelligas,
1110 2546 1136 2585 et
1144 2551 1219 2583 suam
1230 2529 1349 2583 maxillis
1357 2548 1407 2581 ser·

356 2624 402 2658 ves
424 2609 654 2678 significationem.
673 2613 783 2682 Proprie
804 2613 875 2662 enim
894 2610 1007 2664 maxilla
1025 2624 1064 2663 est
1084 2629 1113 2662 os
1133 2614 1160 2663 in
1180 2630 1232 2681 quo
1254 2609 1328 2661 infixi
1349 2621 1409 2661 sunt

358 2683 467 2753 dentes,
488 2707 520 2739 ac
541 2692 584 2741 vix
605 2691 657 2760 ipsi
675 2692 763 2741 Persio
786 2689 818 2741 de
837 2693 942 2761 pectine
964 2710 1012 2761 per
1031 2689 1215 2760 metaphoram
1235 2688 1287 2741 dici
1311 2699 1406 2760 potest.

357 2765 390 2814 H.
406 2763 422 2814 l.
436 2766 553 2820 maxillas
569 2781 630 2820 sunt
647 2787 677 2820 ea
690 2787 752 2839 pars
764 2787 908 2848 penarum,
927 2772 955 2821 in
972 2789 1024 2841 qua
1041 2769 1180 2822 barbulam
1199 2769 1275 2820 alunt
1293 2767 1407 2818 delicati.

357 2841 417 2894 vid.
438 2845 558 2898 Ciceron.
578 2867 627 2918 pro
646 2847 740 2913 Caelio,
760 2867 818 2918 cap.
840 2849 879 2914 14.
901 2852 978 2900 Hunc
1000 2869 1087 2900 meurn
1103 2869 1209 2901 sensum
1223 2862 1315 2900 tuetur
1329 2846 1407 2899 editio

359 2940 416 2993 quc
428 2923 491 2989 lert,
503 2927 530 2976 iu
543 2927 666 2980 maxillis.
682 2958 717 2968 -
733 2929 851 3000 Gaiuape
864 2929 1033 2991 balantum,-
1046 2930 1153 3000 proprie
1164 2941 1202 2980 est
1213 2946 1332 3000 pausope
1342 2925 1408 2977 mili·

359 3015 415 3054 tare
432 3006 576 3076 stragulum
589 3007 729 3071 villosum,
749 3021 795 3060 aut
815 3027 912 3080 mappa
930 3008 1023 3063 villosa
1042 3010 1076 3062 ad
1095 3007 1269 3080 detergendas
1288 3025 1407 3070 mensam

358 3081 451 3136 Horat.
461 3085 513 3137 Sat.
521 3089 559 3152 ll,
568 3087 598 3150 8,
610 3106 649 3140 11.
662 3088 745 3140 Barba
754 3102 793 3140 est
802 3088 893 3141 villosa
903 3109 960 3161 quar
969 3093 1045 3142 vestit
1052 3109 1146 3162 genas,
1154 3102 1183 3140 ut
1190 3107 1304 3162 qousnpe
1312 3104 1409 3156 corpus

359 3161 501 3226 vestiebat;
517 3164 588 3217 unde
603 3168 639 3218 sic
655 3166 796 3219 transtulit.
811 3168 971 3220 Bolanatum
979 3190 988 3230 ,-
1003 3168 1112 3222 balanus
1125 3169 1200 3240 glans
1215 3167 1407 3236 unguentaria,

359 3242 435 3292 nucis
452 3242 576 3296 avellanae
588 3246 786 3318 magnitudine,
800 3248 826 3298 iu
843 3247 955 3314 Arabia,
968 3247 1099 3320 AEtbiopin
1115 3261 1141 3299 et
1156 3249 1268 3320 AEgypto
1281 3262 1407 3306 nascens,

360 3321 465 3388 ecujus
480 3327 579 3376 cortice
594 3327 741 3379 suavhsimi
757 3325 847 3378 odoris
859 3326 946 3378 oleum
960 3327 1162 3400 exprimebatur.
1180 3327 1272 3378 llorat.
1289 3323 1344 3376 Od.
1358 3325 1408 3388 111,

361 3417 409 3470 ²9,
424 3403 455 3470 4·
478 3466 479 3472 ἵ
704 3477 1026 3542 Pressatuislalanoscapillis.

359 3556 540 3631 unipotens,
550 3576 580 3614 ut
589 3562 721 3615 Neronem
735 3567 763 3616 in
775 3563 827 3616 hoc
843 3583 950 3636 quoque
964 3577 1063 3632 tangat.
1079 3563 1187 3617 Sueton.
1203 3564 1231 3613 in
1242 3562 1346 3613 Neron.
1359 3557 1409 3611 511

363 3659 375 3684 s
386 3639 454 3690 circa
466 3641 566 3694 cultum
575 3642 748 3716 habitumque
757 3644 824 3697 adeo
834 3644 987 3716 pudendus,
997 3659 1027 3695 ut
1038 3661 1141 3696 comam
1154 3661 1259 3713 semper
1270 3644 1297 3693 in
1310 3637 1408 3710 gradus

361 3717 503 3771 formatum
514 3725 726 3794 peregrinatione
738 3723 853 3776 Achaica
865 3725 944 3776 etiam
955 3743 1028 3798 pone
1038 3726 1162 3776 verticem
1174 3721 1343 3776 summiserit.
1354 3741 1366 3763 ι

395 3879 453 3925 Van.
470 3879 508 3928 38.
522 3882 652 3946 lnquinr'bus
661 3900 732 3948 quare
741 3885 847 3930 detortsm
856 3881 963 3948 quryuh'o
973 3885 1063 3930 ustor?
1073 3909 1105 3921 -
1118 3885 1210 3944 Legum
1220 3879 1317 3944 quidam
1330 3879 1409 3924 detes·

361 3952 449 4067 εἶίᾙνο
456 3953 575 4010 murreus,
587 3956 651 4018 quod
663 3955 736 4002 edunt
744 3957 818 4002 tttsS.
829 3958 875 4003 otei
885 3972 967 4003 omnes
979 3967 1002 4010 et
1010 3956 1163 4004 uetustissima
1174 3955 1250 4015 nepa
1258 3951 1409 4003 bibliothece

363 4036 376 4066 a
403 4033 443 4068 tro.
987 4049 993 4056 -
1121 4034 1123 4038 ’

398 4120 466 4172 tter.
478 4119 520 4174 38.
531 4121 685 4195 Ιηφιίιιίὸιιε
693 4141 772 4197 quare
779 4124 897 4178 alemano
903 4123 1026 4197 perpulio
1035 4125 1134 4176 exstat?
1144 4151 1180 4164 -·-
1190 4124 1353 4176 &nuntiam
1363 4121 1408 4174 ab·
