3038 4932
431 426 493 488 EX
516 423 661 488 LIBRO
687 426 721 488 II
746 423 892 489 SA'PIR.
1117 429 1181 495 335

617 552 709 616 XIII.

142 664 250 729 Ricini
263 676 298 728 et
308 663 431 742 aurati,
443 662 521 728 ricae
533 674 568 726 et
579 662 686 726 oraria
701 661 818 726 mitrae.

624 774 711 837 XIV.

143 880 232 968 Quid
243 881 347 948 dicis?
358 885 426 948 Cur
439 896 491 948 est
502 879 646 960 fuctum,
661 878 753 974 quod
765 877 901 972 conjicis
913 883 1020 948 istuc?

630 994 701 1056 XV.

144 1104 209 1190 Qui
222 1119 270 1183 te,
283 1107 506 1182 Nomentum,
521 1099 747 1192 malum,jam
759 1116 878 1168 caetera
889 1097 1018 1192 perdat.

619 1217 711 1279 ·XV1.

146 1331 236 1393 Tum
247 1327 333 1394 ferto
344 1327 458 1393 omnia
470 1342 550 1392 sunt
561 1323 765 1392 circumlata.

617 1439 720 1502 XVII.

150 1597 407 1612 ........
432 1510 443 1611 Ι.
471 1551 510 1612 In
524 1545 659 1638 vulgum
671 1560 846 1638 penetrare
857 1544 1010 1639 pilosam.

610 1657 729 1722 XVIII.

187 1816 410 1831 .......
437 1768 500 1833 Vix
514 1769 589 1834 vivo
601 1763 736 1833 homine
747 1789 787 1832 ac
799 1789 1063 1856 monogrammo.

626 1879 713 1942 XIX.

149 1987 296 2050 Duceret
306 1982 367 2052 has
380 2007 507 2076 greges.

635 2099 706 2161 XX.

154 2253 591 2269 .............
620 2209 664 2272 Ut
672 2201 749 2296 jure
760 2207 897 2298 peritus.

470 2313 474 2318 ’
630 2317 716 2381 ΧΧΙ.

156 2474 697 2492 ................
724 2423 902 2508 Lustratu',
916 2428 1038 2515 pintus.

188 2609 255 2659 XIII.
274 2610 377 2660 Nonius
395 2631 401 2659 :
420 2609 555 2676 moinum,
567 2607 655 2680 'genus
700 2610 1019 2679 trarezvirgAEneidVI,
1033 2627 1092 2680 229.
1105 2610 1197 2662 aldem

153 2691 239 2742 vestis.
256 2719 293 2730 -
306 2691 370 2742 Rica
383 2702 422 2760 est
437 2689 507 2762 quod
523 2689 656 2743 sudarium
700 2700 740 2739 ter
749 2691 834 2740 socios
844 2708 911 2760 pura
923 2690 1083 2740 circumtulit
1092 2688 1194 2741 undu„

155 2768 272 2821 dicimus.
284 2799 320 2808 -
334 2771 439 2834 Oruria,
460 2770 555 2841 quihus
574 2769 656 2822 sudo·
735 2769 815 2820 XVII.
825 2769 944 2821 Nonius:
958 2769 986 2822 V
983 2768 1045 2841 ulcu
1055 2771 1199 2840 capacitas,

157 2866 211 2898 rem
225 2849 417 2918 abstergebant.
700 2844 742 2898 vel
760 2848 833 2898 sinus
851 2865 911 2898 cum
924 2847 1039 2899 laxitate.
1053 2877 1089 2886 -
1105 2849 1199 2911 Forte,

191 2929 261 2978 XIV.
274 2929 393 2979 Nonius:
408 2927 550 2999 conjicere,
565 2929 656 2981 furari.
701 2927 817 2980 vulvam.
1012 2988 1015 2994 Ι

190 3004 248 3057 XV.
266 3007 362 3057 Donat.
383 3007 411 3057 in
430 3006 536 3056 Phorm.
557 3021 609 3058 act.
628 3009 657 3072 1,
738 3008 829 3058 XVIII.
850 3007 953 3058 Nonius
978 3026 985 3055 z
1005 3007 1201 3080 Monoqrammi

158 3101 193 3134 sc.
207 3101 232 3135 2.
243 3082 351 3154 Aliquid
361 3083 485 3136 mendum
496 3085 573 3150 lutet,
585 3083 658 3158 quod
702 3085 832 3140 dictisunt
841 3084 961 3137 homines
969 3087 1052 3135 macie
1061 3096 1201 3156 pertenues

159 3160 251 3212 tollere
267 3181 322 3212 nou
335 3181 492 3234 possumus;
508 3165 659 3236 suspicabu·
704 3185 734 3218 ac
754 3164 911 3217 decolores:
933 3177 1045 3216 tractum
1065 3183 1080 3216 a
1100 3165 1204 3236 pictura

161 3259 220 3294 mur
229 3256 314 3293 tamen
324 3244 393 3314 :jam
406 3261 545 3316 querquera
552 3245 657 3316 perdat:
705 3265 762 3318 quae
778 3247 933 3318 priusquam
952 3243 1087 3296 coloribus
1107 3263 1204 3315 corpo·

160 3321 265 3373 dIcente
277 3322 374 3374 Dousa.
704 3340 795 3392 ratur,
814 3325 908 3376 umbra
930 3325 1043 3394 fingitur.
1065 3323 1106 3376 sic
1124 3323 1203 3376 Ovid.

194 3403 377 3456 XVI.Festus:
390 3403 661 3474 uferumgenuseibi
704 3404 750 3457 lib.
763 3403 828 3456 IIde
837 3405 900 3455 Arte
912 3404 1014 3470 Amat,
1024 3402 1070 3455 lib.
1084 3405 1120 3470 ΙΙ,
1133 3405 1202 3456 66οι

160 3479 326 3553 dictumest,
337 3481 410 3554 quod
419 3482 535 3535 crebrius
545 3482 579 3534 ud
589 3502 660 3535 sacra
709 3508 719 3532 ι
729 3485 766 3535 Sit
774 3480 890 3553 gracilis,
904 3482 987 3533 macie
999 3501 1056 3555 quae
1067 3481 1136 3534 male
1146 3484 1204 3534 viva

161 3560 313 3626 ferebatur,
331 3578 379 3612 nec
396 3561 452 3612 sine
472 3576 559 3627 strue,
579 3562 661 3613 altero
706 3581 754 3616 uua
766 3576 836 3614 est.»

161 3661 257 3712 genero
277 3639 324 3692 libi
340 3665 348 3693 .-
365 3659 420 3714 quu
441 3645 486 3713 qui
509 3641 664 3695 adferebant
742 3641 811 3692 XIX.
821 3638 1019 3707 Charisius‚lib.
1031 3641 1043 3692 I
1054 3662 1059 3690 ι
1070 3643 1205 3694 Femiuina

162 3718 338 3771 Suuferctarii
348 3719 555 3792 appellabantur.
567 3745 578 3768 n
590 3721 663 3774 Idem
708 3719 797 3771 omniu
810 3718 991 3792 monosyllaba
1006 3734 1079 3786 suut,
1096 3735 1205 3791 excepto

164 3797 238 3850 dicit:
251 3799 664 3873 ustruferctariosdIcebant‚qui
706 3819 798 3874 φερε,
819 3819 892 3873 reqe,
913 3818 1026 3870 quorum
1045 3799 1155 3854 alterum
1176 3817 1206 3850 ex

168 3879 284 3949 quaedam
297 3880 424 3934 sacrificia
440 3880 475 3934 ud
488 3881 595 3935 arbores
604 3881 665 3953 ful-
708 3878 811 3931 diverso
820 3897 916 3948 genere
928 3891 1039 3931 constat.

166 3959 262 4028 gurim
278 3957 428 4029 faciebant,
448 3980 464 4012 a
481 3961 550 4012 ferto
565 3961 667 4013 scilieet
744 3959 801 4010 XX.
815 3956 916 4012 Charis.
928 3959 973 4011 lib.
988 3963 1015 4010 I:
1030 3955 1208 4009 Iurisconsul-

168 4037 283 4108 quodam
294 4039 415 4092 sacrificii
423 4059 528 4112 genere.
538 4064 548 4087 ι
560 4043 668 4094 -Sunt
710 4057 753 4093 tus
765 4039 817 4091 dici
828 4037 919 4105 debet,
934 4058 989 4090 non
1002 4035 1208 4108 jureconsultus.

167 4115 327 4168 circumlata.
341 4119 404 4174 Non
422 4119 601 4190 circumferre,
614 4119 667 4172 Ius·
745 4121 817 4173 XXI.
832 4119 1086 4185 Noniusdmuuoe,
1097 4120 1209 4190 expiare.
