3026 4944
354 425 397 509 46
524 425 679 488 vatttffl
703 423 974 490 LECTIONES
999 426 1060 488 ΕΤ
1085 425 1220 489 NOTAE

351 554 401 607 bus
411 550 549 616 sublimes,
558 569 618 603 cum
625 551 777 603 domesticis
786 564 813 602 et
820 551 921 604 villania
931 550 1070 604 historicas
1079 551 1253 624 heroicasque
1264 553 1394 606 enindus-

350 635 401 688 tria
420 635 499 686 luisse
515 632 654 704 copulatas
668 634 758 702 ecquis
772 650 827 684 nou
842 632 991 703 intelligat?
1010 636 1077 685 Hinc
1092 635 1176 685 oritur
1191 651 1283 687 seusus
1301 652 1394 687 eorum

349 712 510 777 verborum,
524 729 588 784 euqe
598 721 689 782 poeta,
705 712 749 782 qui
761 709 933 763 videturvero
946 710 1108 778 simillimus,
1122 711 1186 764 dum
1201 715 1287 765 caeteri
1302 733 1395 766 seusus

349 813 399 866 per
410 795 567 864 interpretes
580 789 621 844 bis
631 791 718 844 verbis
732 791 864 857 attributi,
879 794 989 844 veritate
1004 794 1103 862 pariter
1115 808 1192 864 egent
1204 807 1229 846 et
1244 796 1394 848 festivitate.

350 904 386 914 -
406 873 516 925 Fumosa
532 870 630 924 Palilia
638 872 722 943 foeno.
746 868 846 923 Palilia
865 871 961 924 festum
981 886 1038 925 erat
1053 875 1081 925 in
1099 873 1227 926 bonorem
1252 874 1339 940 Palis,
1354 875 1396 928 rel

351 950 394 1002 dei
404 950 443 1003 rel
456 951 510 1002 dere
521 967 648 1023 pecorum
661 963 687 1000 et
698 963 833 1021 pastorum
845 948 932 1020 (Virg.
940 950 1035 1021 Georg.
1044 952 1092 1016 lll,
1103 970 1111 1003 t
1122 953 1145 1023 ),
1159 951 1230 1024 quod
1243 953 1396 1006 celebraba-

352 1045 394 1082 tur
406 1031 440 1082 Xl
457 1028 559 1082 calend.
571 1033 632 1080 runi.
647 1047 699 1099 quo
712 1028 755 1080 die
769 1030 880 1081 Romam
893 1029 1027 1161 conditsqr
1040 1033 1120 1083 fuisse
1134 1031 1282 1083 tradebant.
1298 1035 1328 1084 ln
1343 1031 1396 1086 boo

351 1111 416 1163 letto
433 1129 480 1182 per
496 1127 603 1162 anemos
620 1107 775 1179 stipularum
790 1127 916 1162 accensos
931 1122 1012 1162 transt
1024 1109 1103 1162 ienrlo
1121 1130 1148 1163 se
1165 1111 1310 1164 lustrabant
1327 1114 1397 1184 agri·

351 1189 424 1242 cole.
434 1191 526 1240 Varro.
536 1187 564 1238 la.
572 1189 600 1240 L.
610 1187 681 1252 V‚3;
696 1186 773 1242 Ovid.
788 1189 909 1253 Fastll',
924 1189 975 1260 629
984 1208 1040 1262 sqq.
1054 1187 1334 1242 Plutarchinllomul.
1349 1207 1397 1256 υς

350 1270 467 1341 Propon.
485 1269 533 1334 tv,
553 1283 578 1332 r,
597 1283 635 1338 ¹9·

385 1377 451 1428 Nor.
475 1375 518 1444 73.
542 1373 615 1426 Unde
626 1374 718 1426 Remus
724 1411 734 1440 ,
745 1371 866 1446 sulcoque
879 1384 960 1427 terens
970 1373 1102 1444 dentalia,
1116 1375 1221 1446 Quinti!
1238 1406 1273 1417 -
1288 1379 1397 1448 ineptas

351 1455 507 1521 sententias,
517 1469 574 1525 qua·
583 1453 662 1524 vulgo
672 1455 700 1504 iu
712 1471 855 1523 puerorum
864 1453 1103 1508 declamationibus
1116 1456 1399 1527 recurrebant,pergit

349 1537 456 1588 referre.
470 1537 532 1588 Nou
543 1536 639 1608 ineptae
650 1531 756 1604 quidem
768 1551 816 1606 per
828 1553 856 1586 se
869 1538 1003 1588 sententia
1016 1549 1094 1600 sunt,
1107 1555 1163 1607 quae
1175 1537 1272 1608 inipso
1285 1537 1398 1607 Virgilio

348 1615 480 1687 leguntur.
493 1615 613 1684 Georgic.
626 1613 665 1680 ll,
678 1611 727 1666 532
739 1625 765 1664 et
775 1611 841 1666 533:
858 1636 868 1659 ι
880 1616 954 1666 lianc
965 1616 1063 1667 Remus
1075 1629 1101 1667 et
1112 1616 1205 1668 frater.
1216 1656 1222 1667 .
1233 1656 1238 1667 .
1249 1656 1255 1668 .
1267 1641 1277 1664 ι
1293 1616 1398 1668 AEneid.

349 1697 398 1760 Vl,
411 1693 480 1761 llil:
499 1691 568 1744 aVel
581 1705 606 1744 te
618 1689 706 1758 sulco,
718 1689 842 1756 Serraue,
859 1707 988 1746 serentem
998 1696 1029 1745 i·
1049 1694 1100 1748 Sed
1113 1694 1176 1748 viles
1192 1697 1280 1763 factas,
1295 1696 1343 1748 sed
1355 1709 1399 1748 te·

350 1793 419 1827 mere
434 1774 565 1846 profusa,
582 1790 669 1843 neque
686 1772 747 1824 loco
765 1791 829 1838 suo,
844 1792 931 1846 neque
944 1773 1036 1826 ordine
1047 1793 1097 1827 suo
1108 1773 1249 1847 dispositae.
1265 1806 1301 1815 -
1322 1777 1399 1830 Unde

349 1856 452 1907 Remus.
466 1852 553 1920 Unde,
562 1851 676 1904 subaudi
686 1850 813 1904 oriundus
822 1866 885 1906 erat.
897 1882 931 1895 -
940 1855 1048 1918 Remus,
1056 1854 1162 1907 Romuli
1172 1857 1286 1908 irateret
1293 1870 1397 1928 pastor.

349 1963 385 1974 --
401 1931 504 2004 Quinti,
516 1932 641 1999 Quintius
652 1931 839 1998 Cincinnatus,
851 1935 898 2004 qui
910 1933 1020 1985 llomam
1033 1936 1175 1987 accersitus
1187 1948 1226 1988 est
1239 1935 1272 1987 ab
1285 1954 1348 2006 agro
1361 1933 1398 1987 ad

350 2013 484 2066 dictatoris
494 2029 590 2066 munus
599 2010 762 2064 obeundum.
774 2011 834 2063 Vid.
843 2012 959 2080 Livium,
969 2015 1017 2080 lll,
1027 2015 1069 2066 26.
1080 2015 1141 2066 Non
1151 2013 1237 2066 solum
1247 2015 1399 2068 Cincinnati

350 2111 463 2160 nornen,
480 2091 594 2163 quadiu
608 2089 705 2144 scholis
719 2091 812 2143 crebro
826 2090 919 2143 debuit
932 2094 1072 2164 usurpari,
1090 2091 1137 2144 sed
1155 2095 1212 2166 ipsa
1232 2092 1398 2165 apostrophe

349 2171 454 2224 videtur
462 2171 585 2224 consulto
594 2171 638 2224 hic
648 2171 735 2223 locata
745 2173 840 2236 fuisse,
852 2189 905 2243 quo
915 2173 1002 2223 verior
1011 2185 1079 2224 esset
1089 2172 1210 2224 imitatio.
1221 2201 1257 2212 -
1265 2171 1399 2244 Sulcoque

351 2262 432 2304 terens
440 2249 570 2320 dentalia,
582 2263 674 2303 ornate
685 2269 734 2322 pro
749 2267 834 2302 arans.
849 2249 921 2322 Virg.
933 2251 1027 2321 Georg.
1041 2251 1066 2318 l,
1078 2251 1128 2317 46:

595 2349 651 2384 ...et
658 2341 716 2383 sulco
723 2341 813 2382 auritio
820 2337 966 2396 splendescere
974 2353 1056 2384 somer.

381 2499 442 2543 Vsu.
460 2495 498 2560 74.
512 2496 587 2556 Quum
601 2495 686 2560 trepida
697 2504 750 2542 ante
763 2496 829 2542 lrmret
844 2497 980 2543 dictaturam
993 2497 1066 2544 induit
1079 2513 1146 2544 uxor.
1156 2523 1188 2534 -
1197 2497 1295 2545 Variam
1308 2499 1332 2544 in
1348 2496 1397 2544 boe

350 2583 419 2617 verto
428 2569 520 2632 quidam
528 2565 687 2616 testaberis.
698 2593 730 2604 -
737 2567 837 2628 Quidam
846 2567 934 2614 babent
944 2583 1011 2632 quem
1020 2583 1064 2631 pro
1075 2585 1145 2632 quum
1150 2587 1159 2624 ‚·
1168 2568 1275 2632 quidam,
1286 2569 1327 2616 sed
1336 2585 1397 2632 pau-

350 2644 445 2698 cissimi,
455 2643 583 2688 adiutorem
598 2655 642 2702 pro
659 2640 810 2688 Dictaturam.
824 2641 960 2686 Lectionem
971 2641 1117 2698 admisimus,
1127 2657 1179 2704 qua
1187 2641 1312 2704 plurimum
1322 2641 1398 2689 babe-

350 2729 385 2762 ret
396 2715 539 2762 auctoritatis
549 2724 573 2758 et
583 2715 607 2758 in
616 2713 690 2758 bilds.
707 2713 864 2769 (Dictaturam
878 2714 941 2758 euim
953 2711 1050 2774 legium
1065 2715 1089 2758 in
1103 2711 1177 2772 80⁵5,
1193 2715 1267 2778 8070,
1280 2714 1354 2778 807²,
1371 2729 1398 2762 et

350 2783 424 2849 8272,
435 2795 458 2829 et
469 2797 580 2847 praetem
591 2783 615 2826 in
629 2782 780 2828 vetustissima
792 2783 896 2827 omniura
911 2797 968 2843 quas
978 2781 1063 2829 babeat
1077 2783 1133 2846 Refl.
1147 2783 1256 2831 biblioth.
1269 2785 1397 2845 editione.)

350 2871 447 2919 queque
457 2870 500 2918 per
509 2869 533 2900 se
544 2853 605 2898 ioret
613 2851 747 2915 elegantior.
758 2877 789 2888 —
804 2851 875 2898 Aliter
883 2851 964 2915 legunt
972 2853 1073 2901 editores
1082 2855 1156 2901 lsrme
1166 2872 1258 2912 omnes3
1269 2856 1310 2903 ssd
1319 2857 1395 2904 stus.

349 2928 442 2990 potius,
455 2939 524 2990 qrrsm
536 2922 674 2970 editionibus
688 2921 831 2969 eredendum
845 2939 911 2979 reor;
926 2937 949 2970 et
964 2941 1034 2988 quum
1044 2923 1126 2972 melius
1136 2941 1207 2989 mam
1216 2942 1282 2989 quem
1294 2930 1319 2973 iu
1330 2928 1397 2972 omui

350 2997 393 3044 bac
400 2995 571 3044 constructione
579 2995 633 3056 poni
640 2993 789 3039 manilsttum
796 3005 839 3041 est.
847 2993 978 3056 Elegantius
983 2996 1120 3042 subauditur
1127 2997 1168 3044 tibi
1169 3031 1176 3054 ,
1186 3001 1314 3061 presertim
1321 3013 1396 3062 mum

351 3075 389 3113 tua
399 3073 504 3114 recurrat
513 3067 537 3109 in
546 3078 616 3110 remu
625 3064 771 3126 insequente.

384 3167 452 3218 Nor.
465 3165 505 3234 74.
519 3163 606 3234 Quum
616 3161 714 3233 trepida
723 3175 785 3215 ante
794 3163 867 3216 boves
875 3155 1029 3216 dictaturam
1040 3164 1127 3218 induit
1138 3185 1210 3217 uxor.
1220 3197 1255 3204 —
1266 3166 1394 3238 Trepida,

350 3243 441 3296 sedula
456 3258 482 3295 et
496 3244 588 3294 marito
599 3243 753 3295 festinanter
762 3263 860 3296 navans
872 3262 981 3316 operam
993 3245 1020 3296 in
1030 3258 1092 3317 toga
1101 3245 1235 3299 induenda
1245 3245 1393 3301 dictatoria.

350 3353 384 3363 -
401 3323 470 3375 Ante
487 3323 559 3374 bouet
576 3340 624 3393 per
636 3325 787 3392 juncturam
804 3322 991 3375 industriosam
1009 3327 1152 3395 apponitur
1167 3325 1201 3378 ad
1220 3325 1393 3393 dictaturam,

350 3401 574 3476 quemadmodum
589 3405 710 3474 superius
724 3404 801 3455 Porci
811 3403 845 3455 ad
857 3402 965 3455 Patina.
978 3431 1014 3443 -
1026 3404 1129 3471 induit,
1143 3404 1273 3457 subaudi:
1287 3405 1344 3456 tibi.
1359 3433 1395 3446 -·

349 3481 476 3536 Cetemm
492 3501 526 3534 ne
541 3484 599 3553 quis
613 3485 721 3534 miretur
735 3482 890 3535 dictaturam
902 3501 951 3555 pro
965 3493 1056 3535 vestem
1072 3484 1252 3538 dictatoriam:
1265 3485 1393 3556 exquisita

349 3576 388 3616 est
399 3581 511 3634 poeseos
520 3561 616 3629 dictio,
627 3575 654 3615 et
664 3581 720 3634 que
730 3567 894 3635 euprepius
905 3576 1021 3616 recurrat
1030 3565 1056 3614 in
1068 3563 1230 3616 auctoribus.

384 3673 451 3724 Nou.
471 3670 511 3742 75.
524 3671 561 3723 Et
571 3679 616 3723 tua
627 3681 714 3724 aratra
725 3672 832 3723 domum
846 3671 923 3724 lictor
933 3671 1033 3724 ratis...
1045 3672 1134 3746 Eum,
1145 3681 1229 3744 poeta.
1243 3701 1279 3710 -
1292 3669 1392 3722 Eodem

344 3751 455 3826 juvenili
471 3765 497 3804 et
512 3751 623 3805 ridiculo
636 3752 731 3804 ardore
743 3771 902 3818 succensus,
918 3753 1002 3803 fusius
1013 3751 1137 3804 describit
1149 3753 1296 3804 Cincinnati
1308 3751 1394 3802 fortu-

347 3852 424 3896 nam,
434 3834 641 3903 immorsturque
651 3835 678 3885 in
688 3831 863 3886 describendo
873 3832 1015 3883 commixta
1024 3831 1159 3884 dictatoris
1168 3841 1321 3884 omameuts
1331 3847 1393 3881 cum

348 3915 457 3965 aratoris
471 3915 668 3976 instrumentis;
681 3911 753 3965 dires
764 3914 833 3966 enim
849 3911 883 3963 ad
899 3910 1110 3982 amplilicsudum
1126 3913 1256 3962 materies.
1272 3909 1393 3980 Denique

347 3995 494 4046 orationem
502 3993 590 4046 subito
598 3993 730 4064 abrumpit
737 3995 934 4064 omittitque,et
942 4011 1015 4044 susm
1024 3995 1079 4064 ipse
1087 3991 1153 4043 ridet
1162 3991 1392 4063 amplificationem

346 4091 395 4143 per
405 4073 461 4126 hac
472 4073 567 4142 rerba,
579 4074 666 4146 Eripe,
677 4085 767 4144 poeta,
776 4072 872 4144 quibus
884 4072 994 4124 denotat
1003 4075 1103 4124 ironice
1113 4071 1176 4144 quid
1187 4069 1393 4142 exspectandum
1474 4065 1476 4071 ’

347 4155 380 4203 sit
393 4153 427 4205 ab
441 4153 655 4208 adolescentibus
669 4155 706 4206 sic
719 4154 845 4206 institutis
858 4165 885 4206 et
899 4155 967 4206 circa
982 4151 1079 4206 similes
1091 4169 1174 4222 nugas
1191 4149 1390 4204 exsultantibus.
