2940 4932
317 491 365 556 ΙΝ·
390 490 604 558 SATIRAM
628 491 863 558 TERTIAM.
1054 495 1113 581 137

44 618 170 668 eierare.
184 644 219 656 -
240 613 296 684 Qua
307 625 399 686 parter
413 613 447 666 atl
463 633 527 687 quas
542 627 643 686 portes,
661 613 695 666 ad
712 633 790 688 qaam
807 633 948 688 personam
963 617 1115 687 gerendam.

45 725 93 736 -
111 697 224 750 Locutus
235 713 259 747 es
266 716 276 756 ,·
292 696 368 764 quasi
378 696 407 746 in
419 698 549 762 statione,
560 691 713 761 recensitas.
730 697 836 763 Cicero,
847 699 905 750 Cat.
918 698 982 769 Maj.
996 714 1037 750 20.

95 819 173 869 Nor.
193 835 241 887 72,
255 817 296 887 73.
316 818 412 872 Disce.-
428 837 476 872 nec
490 819 619 886 invideas,
631 818 703 892 quod
714 817 899 894 multafidelt'a
908 833 984 893 putet
998 823 1032 874 In
1044 821 1117 876 lamt-

48 897 139 971 plete
148 917 231 970 penu,
248 897 357 968 desectis
371 901 512 972 pinguibus
534 899 644 951 Umbris.
667 930 704 941 ·-
728 901 803 954 Disce
819 903 909 971 posuit
927 904 954 954 iu
974 902 1117 974 singulari,

52 980 188 1052 quamvis
201 996 282 1050 supra
294 979 387 1032 dixerit
400 980 500 1046 discite,
510 980 670 1056 capnoscite,
684 981 815 1033 occurrite.
830 980 970 1052 Superiora
981 1001 1046 1034 vero
1059 1003 1118 1034 orn·

52 1059 146 1112 nibus
156 1059 226 1111 dicta
233 1072 307 1110 erant
314 1081 321 1122 ς
329 1059 388 1112 haec
396 1073 485 1112 autem
495 1059 627 1132 discipulo
637 1063 755 1132 proprie.
767 1061 879 1114 Sensus:
890 1061 982 1130 Disce,
993 1064 1117 1134 inquam,

53 1154 102 1205 et,
114 1137 295 1211 philosophice
305 1141 441 1212 praeceptis
452 1141 687 1208 informatus,noli
695 1143 751 1194 istis
758 1141 873 1210 inhiare,
882 1161 938 1213 quae
947 1143 1018 1195 bona
1029 1145 1118 1200 existi-

49 1231 190 1284 mantur,
202 1231 248 1268 aut
260 1236 321 1270 suas
334 1219 451 1272 inridere
464 1238 529 1291 opes
541 1219 673 1272 divitibus.
688 1221 752 1272 Rem
761 1241 825 1274 vero
835 1223 964 1294 expressit
975 1241 1024 1292 per
1034 1223 1118 1275 satiri·

50 1317 122 1352 cam
142 1298 214 1351 hunc
226 1299 383 1370 imaginem:
399 1302 470 1371 quod
483 1299 568 1353 multa
580 1297 677 1372 fidelia
693 1313 769 1373 putet
785 1315 836 1353 etc.
858 1299 962 1354 Scilicet
978 1301 1118 1354 causidicis

52 1379 148 1432 solitas
163 1377 258 1430 donari
271 1379 371 1451 lagenae
384 1382 455 1446 viui,
474 1394 501 1432 et
520 1379 695 1445 salsamenta,
716 1393 743 1432 et
763 1380 895 1451 ejusmodi
914 1382 1002 1434 tenuia
1022 1400 1120 1433 munu-

52 1459 150 1512 scula.
165 1457 286 1526 Juvenal,
299 1461 362 1526 vtl,
377 1477 445 1532 119:

243 1567 306 1626 Quod
316 1568 374 1612 cocis
383 1567 493 1624 pretium!
501 1569 571 1614 siccut
580 1568 747 1626 petasunculus,
756 1579 777 1613 et
787 1537 837 1613 ras·

242 1633 395 1692 Pelamydum,
405 1645 443 1677 aut
453 1643 545 1688 veteres,
554 1634 658 1679 atrorum
669 1635 790 1692 epimenia,
800 1635 873 1690 bulbi;

241 1703 284 1744 Aut
293 1701 369 1744 riuum
378 1701 451 1744 Tiberi
461 1701 576 1745 derectum
585 1734 590 1754 ‚
599 1701 696 1758 quinquo
706 1701 793 1758 lagena.

54 1795 207 1868 Ejusmodi
223 1809 285 1849 sunt
301 1797 475 1865 munuscula,
492 1817 606 1871 quorum
626 1796 670 1850 hic
688 1799 807 1850 meminit
824 1799 939 1852 Persius.
954 1829 989 1838 -
1003 1797 1121 1858 Fidelis,-

57 1895 110 1928 vas
124 1877 260 1942 Samium,
272 1880 379 1950 proprie
391 1879 536 1942 vinarium,
553 1880 590 1932 sic
605 1879 706 1930 dictum
721 1880 852 1946 fortusse,
869 1877 941 1951 quod
959 1898 992 1931 eo
1011 1879 1121 1932 condita

49 1954 183 2030 fideliter
192 1971 397 2010 asservarentur.
414 1956 603 2032 Multafideiia
610 1981 619 2020 ,·
631 1978 680 2030 pro
691 1977 787 2029 magno
798 1953 1065 2030 numerofidelimrtm
1073 1996 1082 2024 ,
1091 1969 1121 2010 ut

59 2037 144 2109 apud
157 2037 249 2108 Virgil.
263 2039 354 2109 Ecloq.
367 2042 394 2105 l,
407 2039 442 2092 35
455 2061 461 2090 :
481 2038 591 2091 sMulto
602 2041 737 2090 victima·
754 2069 789 2080 -
801 2041 897 2100 Putet,·
911 2037 962 2088 hoc
974 2037 1072 2104 verbo,
1086 2035 1121 2090 ad

59 2117 212 2169 ridiculum
225 2121 369 2192 exquisito,
383 2119 476 2189 ingens
489 2117 630 2172 multitudo
644 2139 766 2192 expressa
778 2133 833 2186 est,
849 2137 906 2190 quae
917 2130 992 2172 tauta
1004 2131 1077 2182 erat,
1092 2131 1122 2169 ut

61 2196 231 2250 salsamenta
242 2213 387 2272 ceteraque
399 2199 425 2251 id
437 2218 521 2271 genus
537 2199 667 2267 obsonia,
684 2218 742 2272 quse
758 2201 789 2252 iis
805 2197 1026 2262 continebantur,
1039 2215 1121 2270 quum

61 2279 195 2328 consumi
209 2297 261 2329 non
276 2293 403 2350 possent,
422 2281 473 2330 situ
488 2293 513 2330 et
527 2291 658 2331 vetustate
677 2292 920 2348 corrumperentur.
939 2307 975 2316 -
995 2276 1029 2328 In
1049 2275 1123 2328 iocu-

60 2355 141 2428 plete
157 2376 246 2432 penam
266 2357 349 2411 Cicer.
371 2356 403 2410 de
419 2359 481 2411 Nat.
500 2359 580 2411 Deor.
597 2361 635 2426 ll,
653 2377 685 2430 ²7
701 2381 706 2410 :
725 2359 795 2410 «Est
811 2377 890 2409 omne
907 2376 960 2430 quo
978 2369 1123 2408 vescuntur

64 2437 196 2489 homiues
205 2455 291 2504 pensu.
303 2462 313 2483 n
328 2439 378 2490 Hic
390 2458 452 2492 sero
465 2439 562 2491 dicitur
570 2459 654 2513 petrus
666 2439 738 2491 locus
750 2439 821 2510 ipse,
835 2457 888 2510 quo
901 2435 1013 2489 obsonia
1025 2435 1124 2488 conde-

65 2514 185 2566 bantur.
197 2517 227 2566 ln
238 2535 286 2567 usu
296 2519 372 2569 etiam
382 2530 445 2569 sunt
454 2536 551 2590 pensu,
567 2519 631 2583 oris,
644 2530 670 2568 et
680 2535 795 2588 penum,
805 2516 822 2567 i.
839 2545 875 2557 -ι-
888 2514 1007 2584 Defensis
1016 2513 1124 2585 pinqui-

66 2599 122 2648 bus
139 2593 257 2656 Umbn's,·
271 2595 368 2649 scilicet
380 2617 411 2650 ea
423 2596 496 2650 dona
508 2595 643 2649 causidico
657 2599 734 2649 missa
746 2597 854 2648 fuerunt
865 2593 899 2646 ab
916 2594 1028 2646 Umbrica
1039 2591 1124 2643 clien-

62 2675 160 2742 tibus,
176 2676 204 2726 in
223 2677 335 2746 qratiam
353 2678 443 2730 officii.
466 2677 571 2746 Umbri,
593 2679 696 2730 Tusciae
715 2675 826 2748 populi,
848 2673 1026 2744 antiquissimi
1043 2673 1125 2724 totius

64 2755 153 2809 ltaliae
167 2753 353 2818 habebantur;
369 2776 400 2808 ea
417 2758 500 2810 ferme
512 2759 621 2828 regione
637 2756 830 2822 consederant,
846 2774 900 2828 qua
915 2753 997 2806 hodie
1013 2751 1125 2824 Spoletti

66 2842 204 2892 Ducatus.
219 2835 285 2888 Plin.
298 2839 364 2889 Hist.
378 2839 439 2890 Nat.
452 2839 504 2904 lll,
521 2841 560 2907 ¹4·
580 2839 686 2891 Umbros
699 2855 762 2889 vero
778 2837 844 2888 dixit
857 2836 982 2910 pinques,
997 2832 1124 2886 translato

64 2935 121 2990 per
135 2918 228 2986 jocum
246 2915 279 2966 ad
298 2919 372 2988 ipsos
390 2917 491 2968 incolas
510 2916 629 2988 epitheto
648 2916 683 2968 ab
699 2935 791 2969 corum
808 2917 917 2986 regione
933 2916 1042 2984 ejusque
1060 2930 1125 2984 pro·

64 3009 162 3048 ventu.
179 2995 383 3066 Pinguissimum
399 2999 468 3048 enim
486 3011 541 3049 erat
552 2997 638 3050 solum
655 2997 781 3062 Umbrica,
797 2997 905 3066 pascuis
923 2991 1081 3059 abundans,
1098 3003 1125 3044 et

65 3095 216 3150 porcorum
228 3077 312 3130 ferax.
327 3077 422 3128 Catuli.
434 3077 531 3129 xxvu
539 3115 548 3142 ,
562 3094 593 3140 ²3
605 3077 724 3149 Propert.
738 3079 766 3143 l,
779 3093 828 3144 aa,
840 3094 857 3146 9
869 3092 927 3148 sqq.

106 3203 176 3253 Nor.
198 3199 240 3270 75.
251 3202 290 3254 Et
297 3202 383 3273 piper,
394 3212 419 3252 et
426 3220 528 3273 pernae,
538 3203 621 3256 Mani
632 3210 803 3252 monumento
814 3199 924 3252 clientis.
937 3227 971 3238 -
984 3199 1070 3268 Pergit
1080 3196 1126 3248 de-

67 3280 191 3334 scribere
202 3281 342 3350 pecuarias
354 3300 418 3352 opes
429 3281 515 3334 divitis
525 3279 670 3334 causidicis
684 3292 709 3332 et
716 3281 805 3352 piper,
815 3290 841 3331 at
848 3295 952 3352 pemoe,
963 3291 1013 3330 etc.
1028 3278 1126 3332 Pemos

67 3375 163 3415 nutem
176 3359 381 3431 appellaverunt
389 3361 476 3413 Latini
492 3374 594 3432 partem
607 3362 635 3412 in
647 3377 710 3426 sue,
728 3377 786 3430 quae
798 3358 920 3411 cruribus
932 3356 1055 3427 adjuncta
1070 3369 1124 3416 est;

66 3443 169 3514 gallice
175 3443 310 3512 jambons.
335 3441 414 3510 Cato,
426 3443 460 3494 de
471 3445 509 3494 lie
521 3443 627 3493 Rustica
642 3461 648 3490 ι
666 3441 778 3507 «Quum
787 3457 882 3510 pemas
894 3439 1002 3504 emeris,
1014 3437 1125 3508 ungulas

68 3521 220 3598 praesidito.
230 3545 241 3567 ι
255 3549 292 3560 -
306 3521 386 3572 Marsi
396 3533 568 3575 monumento
580 3520 699 3582 clientis,·
712 3521 804 3585 Dona,
816 3537 875 3590 quse
886 3529 1017 3572 testantur
1027 3518 1127 3568 Marso·

68 3623 133 3656 sum
145 3603 332 3654 defensionem
343 3615 369 3654 et
380 3605 500 3673 patiam.
516 3601 599 3654 Marsi
605 3640 614 3668 ,
628 3599 731 3673 Apulia
746 3599 857 3671 populi;
874 3595 1035 3649 abellinates
1049 3609 1125 3648 antea

70 3683 219 3756 appellati,
234 3699 348 3752 quontm
365 3684 392 3732 in
410 3681 488 3754 sylvis
506 3683 563 3754 apri
578 3694 653 3733 erant
667 3678 834 3750 complures;
851 3677 922 3729 unde
941 3677 1044 3729 Persius
1063 3674 1128 3726 dixit

69 3785 120 3820 eos
133 3777 250 3836 patrono
264 3781 311 3814 suo
322 3781 416 3834 pernas
427 3761 500 3814 dono
512 3765 624 3815 mittere.

114 3889 179 3938 Nur.
201 3887 242 3957 76.
258 3889 400 3958 adiectaque
416 3886 488 3958 quod
503 3886 590 3958 prima
610 3888 725 3940 noudum
744 3885 868 3956 defecerit
884 3901 953 3936 orco.
971 3909 1007 3920 ··-
1023 3879 1126 3943 Mruna,

77 3969 205 4040 piscisest
213 3970 342 4032 marinus,
353 3971 412 4040 qui,
423 3969 450 4020 iu
460 3968 543 4020 frusta
551 3968 718 4032 dissectus,a
729 3967 892 4020 salsamentis
901 3965 928 4016 in
939 3962 998 4014 ollis
1008 3978 1127 4014 asserva-

76 4051 168 4101 batur.
180 4047 245 4099 Pliu.
258 4049 325 4100 Hist.
337 4050 399 4100 Nat.
412 4049 463 4110 lx,
478 4048 517 4100 16.
528 4077 562 4086 -
576 4048 653 4118 Quod
655 4069 666 4110 ,-
679 4046 778 4117 reliqua
791 4059 829 4098 ast
842 4042 1006 4096 constructio
1019 4062 1024 4090 :
1040 4039 1128 4107 disce,

74 4147 129 4183 trec
141 4125 278 4192 invideas,
295 4127 376 4198 quod.
390 4163 413 4177 ..
435 4155 472 4165 -
488 4126 570 4186 Orca,·
584 4125 696 4178 Suitlas:
714 4122 818 4192 ι’ῧρχιιι,
834 4121 928 4192 ιιρᾶμι
943 4120 1050 4186 sinric,
1068 4118 1127 4170 ritro-

75 4203 304 4275 commestam,
317 4205 359 4258 dvi
372 4199 420 4257 sila
432 4204 512 4272 iqsrla
523 4227 529 4266 ;
542 4205 645 4274 (Orco,
658 4226 716 4258 uasa
733 4203 853 4268 cortilia,
869 4202 961 4275 quibus
974 4198 1128 4253 salsamenta
