3026 4944
328 441 377 505 ru
402 440 616 508 surtran
639 443 846 508 ruinart.
1070 467 1112 536 29

77 550 113 604 lib.
121 549 196 614 tx‚v.
208 548 278 617 617:
294 569 306 592 ι
315 549 341 600 0
350 565 411 598 rere
421 547 559 620 Ptryqtm
571 565 658 618 neque
670 550 739 600 enim
749 549 872 622 Phryges.
884 574 895 597 ι
910 579 944 592 ·-
958 551 1111 608 Labeonem

77 631 109 680 lle
116 631 178 680 Attio
186 627 322 687 Labeone,
333 637 360 676 et
370 626 460 697 inepta
470 625 578 675 Homeri
587 626 708 678 versione
716 644 795 699 quam
805 627 940 696 ediderat3
949 644 1044 702 preter
1053 635 1114 684 l'ere

78 711 106 760 sii
122 720 144 758 et
158 706 248 757 vetusti
271 701 422 755 scholiastae
440 704 603 768 testimonia,
622 702 686 756 nihil
703 702 834 758 mbemus
850 722 1025 779 compertum.
1045 709 1113 761 Vide

78 787 164 836 inirar.
174 782 205 834 So
214 781 337 852 ejusdem
349 779 443 834 sitne.
458 809 494 819 -
507 783 606 855 Nego,
616 781 643 832 id
653 796 706 848 est,
717 782 782 836 nihil
792 783 845 838 boe
857 788 920 856 agit.
935 789 1008 861 Saepe
1018 790 1113 862 sepius

79 885 122 918 vox
131 867 216 918 usitata
230 866 259 914 in
272 881 396 914 sermone
406 861 505 928 latino,
517 874 546 913 ut
560 865 587 912 iu
601 862 715 932 gallico:
732 865 880 937 bagatella.

106 975 162 1024 lior.
172 971 196 1024 5.
204 971 315 1034 Non‚si
321 969 387 1042 quid
392 969 494 1020 turbida
501 969 593 1020 Roma.
601 997 638 1008 -·
647 969 761 1022 Turbida
768 973 865 1038 Rome,
875 973 963 1039 idest,
972 975 1112 1029 turbaRo·

75 1069 196 1102 nanorum
209 1050 307 1101 animis
318 1050 346 1099 in
358 1047 460 1099 diversa
474 1047 671 1101 distractorum.
686 1049 728 1102 Sic
741 1053 810 1104 enim
824 1054 851 1104 iu
865 1071 960 1122 magna
970 1055 1037 1106 urbe
1049 1058 1113 1108 viri-

72 1147 116 1196 tur‚
125 1132 184 1181 otiu
193 1128 289 1194 turba,
298 1131 326 1180 in
337 1147 390 1200 qna
403 1127 524 1179 homines
537 1147 565 1180 se
577 1143 671 1181 mutuo
681 1130 793 1182 trudunt
802 1131 1003 1204 impelluntqae.
1014 1136 1113 1206 sepius

71 1209 100 1262 de
112 1211 182 1262 urbis
197 1209 375 1261 incommodis
387 1222 536 1280 queruntur
549 1212 647 1262 satirici
660 1209 750 1276 latini,
762 1210 795 1263 de
808 1213 875 1264 vitiis
887 1211 1006 1266 historici
1022 1215 1112 1287 pbilo-

70 1289 198 1361 sophique.
210 1287 279 1340 Vide
290 1287 404 1340 Plinium
418 1285 584 1352 Secundum,
595 1286 641 1338 lib.
653 1289 692 1352 ll,
703 1289 787 1360 Epist.
802 1287 837 1342 ad
847 1289 997 1343 Calvisium.

98 1393 159 1444 Nor.
179 1391 205 1444 6.
222 1390 333 1454 Elem,
343 1389 464 1452 uccedos;
473 1409 613 1444 examenve
627 1391 771 1464 improbum
783 1395 810 1445 in
822 1393 870 1446 itta
884 1397 993 1470 castiges
1005 1399 1112 1452 tnstt'na.

70 1503 100 1512 -
111 1471 198 1524 Sermo
212 1471 381 1542 allegoricus.
393 1473 453 1523 linc
465 1474 535 1523 enim
549 1475 637 1524 omnia
649 1473 683 1524 ab
699 1487 755 1524 arte
767 1472 934 1525 statbrnetica
946 1477 1028 1547 petita
1042 1491 1111 1530 sunt.

68 1549 182 1617 Elesere,
193 1553 304 1622 proprie
313 1549 395 1601 levius
407 1550 508 1615 facere,
519 1550 728 1624 parvipendere.
740 1552 860 1606 Examen
871 1566 911 1605 est
925 1553 1024 1624 lingula
1033 1573 1114 1628 super

69 1647 141 1700 scapo
150 1641 247 1680 erecta.
262 1629 318 1680 liae
330 1641 426 1680 neutro
438 1625 583 1680 inclinante
597 1641 623 1680 et
637 1628 687 1682 sub
697 1649 761 1682 ausa
777 1629 884 1697 latente,
901 1645 946 1684 aut
959 1633 1027 1684 iutra
1041 1635 1113 1686 truti-

69 1729 122 1760 ram
132 1723 273 1774 manente,
285 1709 421 1782 equalitas
429 1726 517 1760 rerum
525 1728 669 1781 pensarum
677 1710 834 1764 ostenditur.
844 1712 920 1766 Unde
927 1715 1001 1784 Virg.
1009 1713 1110 1766 AEneid.

68 1787 106 1838 lib.
119 1789 180 1854 ΧΙΙ,
197 1808 221 1839 r.
238 1787 307 1858 725:

259 1877 359 1935 iuppiter
366 1877 411 1935 ipse
418 1879 473 1922 duas
479 1887 565 1936 aquato
572 1883 675 1923 maine
682 1879 754 1924 laurea

260 1947 361 1990 δωιίικι.

68 2023 171 2074 Tristitia
181 2023 304 2074 foramen
317 2034 358 2074 est
367 2023 436 2074 intra
447 2021 520 2095 qnod
531 2026 612 2095 vergit
621 2023 722 2095 lingula
732 2037 778 2076 ant
787 2043 905 2078 examen.
921 2027 1064 2102 Castigare,
1074 2030 1114 2080 uti

68 2118 133 2156 retus
147 2107 337 2175 iuterpretatur
359 2101 532 2170 scholiastes,
552 2120 591 2157 est
610 2104 694 2177 digito
706 2105 802 2158 libram
816 2121 954 2178 percutere
968 2122 997 2159 ut
1011 2121 1113 2180 tempe-

68 2198 142 2248 retur,
153 2198 179 2236 et
192 2203 247 2255 prm
257 2185 401 2254 agitatione
413 2197 475 2255 post
486 2203 590 2256 equum
605 2189 786 2258 conquiescat.
800 2187 961 2241 Sententiam
976 2191 1055 2260 igitur
1066 2207 1115 2260 per

68 2264 258 2317 rimilitudinem
268 2265 371 2316 Persius
381 2268 523 2334 expressit:
537 2267 563 2318 Si
576 2266 640 2338 quid
650 2268 727 2319 turba
740 2271 835 2320 civium
847 2271 922 2342 parvi
934 2271 1114 2337 estimarent,

68 2363 94 2396 ne
106 2347 246 2397 accesseris
261 2343 295 2396 ad
310 2345 367 2413 ejus
382 2345 554 2411 sententiam,
566 2363 652 2419 neque
671 2350 812 2398 tentareris
831 2366 943 2419 pravum
958 2347 1024 2400 illud
1039 2349 1114 2419 judi-

68 2423 133 2473 rinm
143 2425 285 2494 corrigere,
296 2439 405 2475 examen
412 2461 421 2486 ‚
429 2421 501 2494 quod
510 2435 550 2474 est
557 2438 652 2476 natura
663 2443 710 2476 sua
718 2425 871 2496 improbum
880 2441 960 2500 atquc.
970 2431 996 2480 in
1009 2447 1112 2501 equum

68 2503 151 2554 redire
161 2523 213 2555 non
221 2515 307 2576 potest
315 2542 323 2570 ,
332 2502 489 2574 castigando
502 2505 529 2555 iu
542 2507 641 2556 trutina
652 2506 849 2568 Romanorum
861 2509 913 2558 alio
921 2507 1003 2560 modo
1013 2531 1019 2559 ε
1031 2528 1072 2561 res
1081 2529 1113 2560 no

69 2582 229 2652 perpendere
236 2582 395 2654 aggrediaris
402 2581 523 2635 lancibus
529 2583 638 2654 iniquis,
647 2583 744 2654 quibus
752 2585 836 2636 utitur
843 2585 1114 2658 populusll'requen-

69 2665 113 2714 ior
123 2677 163 2715 est
176 2663 247 2735 apud
259 2675 354 2734 poetes
366 2660 446 2714 ducta
459 2661 504 2714 illa
517 2681 532 2714 a
544 2662 666 2714 lancibus
678 2662 845 2734 metaphora.

91 2771 161 2821 tter.
176 2769 203 2820 6.
214 2768 540 2841 Noctequoesiverisextra.
554 2797 586 2808 —
600 2766 734 2820 Molliernt
743 2769 799 2839 ejus
810 2769 944 2822 sententie
953 2769 1112 2841 rigiditatem

69 2849 206 2900 locarius:
230 2849 314 2899 ·tt0n
333 2847 390 2899 aliis
407 2846 441 2899 tle
460 2861 486 2898 te
500 2847 560 2919 plus
574 2866 655 2918 quam
669 2846 717 2898 tibi
731 2845 853 2899 credas·
875 2847 992 2900 Stoicum
1011 2847 1113 2904 redolet

69 2932 138 3000 uagis
150 2931 235 2982 Persii
250 2947 349 2981 versus.
362 2927 471 2997 Legitur
480 2930 508 2980 iu
520 2927 745 3000 Pythagoreorum
756 2931 844 2981 aurcis
856 2928 1016 2982 carminibus
1030 2953 1035 2981 :
1051 2930 1113 2986 πίν-

69 3030 99 3060 an
108 3010 137 3058 ir
144 3005 247 3073 puin·
256 3006 365 3072 cinxisse
375 3008 473 3070 seiron
484 3021 564 3078 atque
574 3010 600 3058 in
611 3010 757 3060 stoicorum
767 3007 839 3060 libris
847 3027 915 3080 sepe
925 3011 1019 3080 saepius
1027 3030 1112 3064 recur-

69 3093 88 3141 it
100 3089 197 3142 eadem
208 3091 346 3142 sententia.
359 3088 426 3142 Vide
438 3086 612 3140 Encbiridion
621 3091 734 3161 Epicteti
745 3103 770 3141 ct
783 3091 928 3142 stoicorum
942 3093 1046 3161 scripta.

85 3257 147 3302 Vas.
167 3255 191 3301 8.
203 3259 264 3302 Num
274 3258 352 3304 Romoe
359 3258 412 3322 quis
421 3271 465 3302 nost
474 3271 502 3302 uc
512 3257 534 3302 si
536 3255 578 3320 fos
587 3258 661 3304 diem
670 3255 765 3319 sedfirs.
777 3281 809 3292 -
819 3257 873 3302 llaec
883 3263 937 3302 sunt
946 3269 1000 3318 ane
1011 3253 1112 3302 habeant

69 3323 163 3388 letique
173 3326 240 3372 MSS.
256 3327 361 3382 codices,
372 3327 415 3372 uisi
427 3324 491 3388 quod
502 3335 528 3370 ot
538 3342 582 3388 pro
590 3343 617 3372 uc
628 3325 742 3371 interdum
751 3325 889 3385 reperiatur.
900 3323 938 3368 At
949 3327 1064 3370 cerret-tio
1077 3325 1111 3370 vi·

69 3407 125 3441 etur
132 3412 184 3444 esse
191 3399 344 3458 interpretum
354 3395 512 3448 editorumre.
523 3398 575 3458 qui,
586 3410 658 3458 quum
668 3396 746 3440 omnia
756 3395 807 3454 ejus
814 3408 895 3440 versus
902 3392 971 3442 rerba
983 3395 1061 3440 Persio
1070 3395 1112 3440 tri·

69 3482 143 3524 naut,
154 3473 283 3533 minusque
293 3471 415 3516 conveniat
423 3485 450 3514 ac
459 3467 489 3514 ad
499 3484 591 3514 sensnm
601 3483 671 3531 quem
681 3479 819 3530 sequuntur,
832 3467 855 3510 in
862 3465 912 3526 ejus
922 3463 999 3510 locum
1010 3481 1110 3528 posuere

69 3541 95 3596 l,
107 3543 195 3604 sicque
207 3541 315 3604 legerunt
325 3541 390 3587 bunc
400 3555 491 3587 sorsum
502 3557 507 3586 :
519 3543 581 3586 Num
593 3541 670 3588 fleme
679 3541 730 3603 qur‘s
742 3540 831 3586 non?...
843 3536 872 3582 ols
879 3571 886 3592 ,
895 3542 916 3582 si
919 3537 962 3600 fus
971 3537 1060 3584 dt'cere!
1070 3539 1112 3584 sed

69 3630 99 3668 rs,
111 3625 161 3660 etc.
172 3615 232 3672 Qua
242 3613 339 3676 quidem
349 3612 418 3659 lectio
426 3629 473 3658 uon
483 3614 563 3674 inepta
573 3623 620 3666 est,
631 3611 735 3674 quamvis
745 3609 774 3655 oh
784 3613 804 3656 si
812 3609 888 3655 minus
897 3610 1005 3655 usitatum
1013 3612 1042 3656 sit
1052 3627 1094 3672 pro
1104 3626 1109 3655 :

72 3689 102 3730 si.
116 3687 148 3730 At
155 3701 216 3731 vero
226 3700 274 3730 uon
285 3695 320 3730 est
330 3684 395 3747 quod
403 3685 531 3747 quidquam
543 3685 690 3729 immutemus
699 3682 834 3745 verbisque
844 3681 993 3741 reperiuntur
1000 3682 1024 3726 in
1033 3683 1109 3736 MSS.‚

77 3755 155 3800 modo
165 3771 263 3802 sensum
271 3754 374 3802 habeant
381 3756 536 3816 probandum.
549 3755 641 3801 liabent
648 3767 739 3807 autem,
748 3753 788 3798 ubi
796 3751 826 3798 ad
834 3766 898 3798 suam
906 3765 1027 3811 personam
1038 3767 1110 3796 unum

69 3824 166 3888 uotique
177 3825 279 3872 verbum
291 3825 403 3881 refertur,
415 3838 483 3887 atque
493 3827 517 3870 in
528 3824 590 3872 hunc
605 3824 701 3870 modurn
714 3823 865 3886 distinguitur
878 3840 883 3868 ι
899 3823 960 3866 Num
971 3821 1049 3866 llomoe
1059 3823 1110 3883 guis

69 3913 110 3942 oss.
119 3931 125 3941 .
134 3899 158 3942 ,Ρ
171 3923 206 3934 ·-
221 3900 258 3944 Ao
267 3901 289 3943 si
290 3897 333 3961 fos
344 3899 442 3944 dicere..
452 3898 515 3942 .?-·
525 3897 572 3942 Sed
573 3896 628 3959 fas,
639 3909 683 3942 etc.
694 3897 739 3957 Qui
749 3893 855 3956 dialogus
865 3907 940 3956 neque
950 3891 1062 3938 latinitate
1071 3907 1109 3936 ca·

69 3981 103 4022 et,
117 3986 199 4033 neque
208 3973 317 4017 veritate.
333 3972 468 4017 Sermonem
484 3971 596 4032 arripiens
613 3979 711 4032 uterque
726 3968 870 4015 adversarius
887 3981 967 4012 rocem
981 3963 1110 4009 adversario

70 4041 203 4089 recludere
219 4055 327 4090 tonatur.

86 4138 157 4191 Nvt-
172 4142 200 4194 8.
213 4141 284 4194 Nom
292 4143 563 4212 llomoeqnisnonl...
576 4173 612 4183 -
623 4141 690 4194 Ace·
694 4142 741 4213 fus
749 4139 893 4192 dicere...?
904 4165 939 4176 -
951 4134 1003 4186 Sed
1007 4135 1061 4206 sos.
1074 4163 1109 4174 -
