3148 4950
412 306 474 372 DE
498 305 670 372 SATIRA
693 308 1019 376 ROMANORUM.
1173 319 1237 408 495

192 427 435 523 spanhemius,
456 430 698 515 Rambachius,
722 432 901 526 Rigaltius,
921 440 1096 521 Dacerius,
1118 442 1238 511 Mauso

192 557 227 607 et
238 542 374 632 Koenig;
392 541 458 608 hoc
475 546 494 609 J
498 540 543 608 ul.
557 545 641 608 Caes.
658 541 802 636 Scaliger
815 561 843 628 ¹,
863 550 947 612 Dan.
966 549 1139 632 Heinsius,
1157 552 1238 620 Vul-

192 653 286 743 pius,
301 649 485 743 Flagelius,
499 651 738 745 Blankenburg
750 656 891 722 etConz.
904 658 991 724 Hinc
1003 659 1102 726 etiam
1114 683 1239 728 nomen

191 765 284 832 varie
294 764 469 848 scribitur;
482 764 525 831 ab
536 763 588 831 his
596 763 728 855 Satyra,
741 764 784 832 ab
795 764 861 833 illia
871 791 965 852 vero,
976 793 1061 862 quos
1074 787 1238 864 sequutus

194 881 287 956 sum,
308 873 426 942 Satura
446 873 500 941 vel
522 874 647 956 Satira;
667 899 747 942 nam
764 891 908 971 utraque
929 880 1093 970 scriptura
1113 881 1148 946 in
1165 879 1238 974 ple·

191 987 306 1080 risque
331 988 545 1055 Satiricorum
570 984 741 1054 codicibus
767 990 855 1056 MSS.
883 991 1067 1080 reperitur,
1095 1007 1128 1057 et
1154 991 1238 1059 nihil

191 1095 307 1164 differt
318 1099 404 1164 inter
418 1120 491 1180 eas,
503 1114 542 1164 ut
556 1099 644 1165 inter
658 1110 802 1192 optumus
816 1115 850 1166 et
861 1105 1010 1194 optzinus,
1025 1123 1190 1168 maxumus
1205 1119 1239 1170 et

193 1207 497 1303 maximusaliaque.
507 1207 656 1275 Saturam
665 1207 820 1275 nonnulli
832 1209 954 1276 dictam
965 1212 1181 1278 existimante
1190 1236 1238 1278 sa·

192 1323 319 1384 turz‘tate
337 1318 407 1385 sive
425 1315 632 1384 abundantia
652 1321 752 1404 (voce
771 1331 805 1383 et
819 1316 1057 1408 significatione
1073 1341 1094 1383 a
1111 1321 1236 1388 Graecis

191 1426 383 1521 desumpta,
398 1425 491 1522 quod
503 1426 670 1522 colligitur
681 1451 723 1494 ex
733 1427 919 1520 Hesychic,
935 1431 993 1523 qui
1005 1428 1118 1513 docet,
1132 1457 1238 1516 σπορας

192 1521 371 1626 sirempse<
384 1562 457 1608 esse
472 1567 567 1622 σκαφας
580 1546 691 1624 perporo
705 1590 714 1620 ,
731 1561 811 1606 vasa
823 1539 1156 1633 racemorumplena,
1170 1566 1238 1622 παφα

189 1654 331 1736 Amaci),
352 1649 409 1716 alii
432 1674 453 1716 a
477 1651 613 1717 nomine
633 1660 723 1718 satur
741 1653 789 1736 (v.
815 1672 843 1717 c.
870 1649 1031 1732 IsidoruS,
1052 1653 1110 1742 qui
1131 1650 1237 1718 facete

190 1777 326 1827 monet:
346 1775 402 1826 aut
420 1788 441 1827 a
459 1767 574 1828 saturis
586 1785 698 1826 nomen
709 1759 831 1828 Saturoe
844 1763 975 1847 dictum,
995 1768 1052 1856 qui
1064 1764 1166 1829 neutra
1182 1762 1238 1828 ha·

190 1869 279 1952 bent;
289 1873 341 1937 vel
351 1873 389 1937 ob
401 1897 454 1954 ea,
470 1897 540 1965 quae
547 1894 605 1964 per
615 1869 821 1936 vinolentiam
838 1870 959 1958 (libere
975 1889 1007 1939 et
1018 1871 1235 1960 mordaciter)

188 1981 312 2066 dicunt,
333 1996 367 2048 ut
386 1983 467 2048 ebrii
476 2035 484 2066 ,
504 2006 607 2076 quam
625 1983 847 2075 posteriorem
865 1984 1029 2049 rationem
1049 1982 1236 2050 distinctius

187 2097 327 2186 exponit
337 2094 584 2188 Porphyrion),
602 2093 757 2188 plerique
775 2109 921 2161 autema
936 2095 1038 2163 rebus
1054 2079 1184 2178 saturis,
1199 2094 1234 2162 h.

189 2227 218 2270 e.
237 2203 478 2298 multiplicibus
500 2223 533 2273 et
545 2203 702 2272 miscellis
719 2208 763 2291 (v.
786 2229 815 2272 c.
829 2220 920 2297 qestu
940 2205 994 2274 vel
1008 2207 1235 2289 lancesatura,

188 2317 288 2382 variis
308 2317 462 2407 primitiis
478 2316 599 2383 referta
622 2331 655 2382 et
676 2313 788 2382 oblata
806 2315 869 2384 diis
889 2316 1073 2401 ruralibuS,
1094 2316 1149 2385 vel
1171 2317 1236 2408 leqe

186 2437 310 2506 satura,
325 2424 432 2492 multa
447 2425 556 2518 capita
569 2427 720 2493 variasve
732 2448 786 2493 res
799 2426 1108 2519 comprehendente
1119 2431 1149 2514 ²)
1160 2478 1168 2509 ,
1180 2421 1236 2494 ed·

226 2569 432 2641 1.lnArt.post.
443 2570 556 2636 lib.l,c.
572 2587 615 2623 ta:
628 2569 689 2620 «ld-
770 2589 794 2622 a.
811 2570 925 2624 Casaub.
936 2591 963 2643 p.
976 2569 1132 2624 aso-2⁵52
1151 2570 1235 2622 «Erat

187 2648 258 2700 circo
278 2649 424 2715 falluntur,
450 2653 554 2722 inquit,
577 2652 624 2722 qui
642 2669 690 2722 pu·
722 2666 792 2703 ‘mos
803 2653 991 2723 antiquorum,
1005 2649 1113 2721 quando
1129 2648 1234 2715 Cereri,

189 2740 255 2794 tant,
266 2730 687 2785 Satiramesselstinamtotamta
731 2729 852 2792 Baccho,
871 2745 916 2782 aut
933 2730 991 2782 aliis
1007 2729 1059 2781 diis
1075 2730 1131 2800 agri
1147 2747 1234 2780 annua

187 2807 285 2861 Grecis
306 2813 375 2862 enirn
393 2825 418 2864 et
439 2811 564 2864 inchoata
584 2824 610 2863 et
631 2830 688 2882 per·
731 2823 793 2862 vota
817 2809 949 2863 solverent
974 2827 1024 2880 pro
1047 2807 1101 2872 leto
1127 2809 1235 2878 frugum

186 2885 254 2938 fecta
263 2890 391 2959 primum,
401 2909 416 2942 a
426 2891 524 2942 Latinis
535 2888 632 2942 deinde
642 2907 687 2942 ac·
730 2891 920 2963 fructuumque
937 2901 1085 2962 proventu,
1098 2901 1128 2941 ut
1142 2890 1234 2960 primi·

186 2980 277 3036 cepta,
288 2981 368 3040 atque
378 2985 451 3022 extra
458 2987 565 3022 scenam
574 2968 684 3021 exculta.
728 2972 779 3024 tias
792 2991 880 3026 rerum
897 2971 1069 3024 collectarum
1086 2973 1112 3022 in
1130 2969 1233 3022 lancem

186 3045 367 3112 Quamobrem
380 3069 435 3101 non
448 3062 560 3103 aratura
576 3048 685 3121 vellege
730 3064 869 3124 congestas
882 3051 980 3122 cuique
995 3049 1047 3102 deo
1064 3067 1113 3120 pra
1132 3049 1234 3100 ratione

185 3125 227 3175 vel
248 3125 323 3179 lance
340 3127 410 3181 dicta
429 3143 484 3195 est,
500 3141 529 3181 ut
545 3129 643 3182 frustra
660 3141 685 3180 et
729 3131 786 3199 ejus
812 3130 899 3182 cultus
921 3131 1059 3180 offerrent.
1087 3128 1117 3179 ln
1140 3125 1233 3203 ritibus

185 3215 284 3255 temere
294 3219 416 3275 satagunt
426 3209 589 3278 grammatici
599 3227 605 3258 ε
621 3209 685 3278 quin
729 3207 878 3260 Graecorum
888 3207 1043 3277 hujusmodi
1050 3225 1125 3258 sacra
1133 3202 1234 3258 miscel·

185 3280 233 3334 bas
257 3301 272 3334 s
294 3283 390 3356 Satyris
414 3287 498 3339 dictas
521 3301 595 3359 puto.
618 3289 685 3340 Cum
731 3285 896 3338 lasocantur
909 3292 1233 3354 impressorum»-

185 3359 305 3414 lancihus
324 3364 394 3415 enim
412 3364 555 3435 prodibant
573 3378 599 3418 et
615 3368 688 3418 cani-
730 3373 847 3432 σπιρμία,
867 3378 913 3418 aut
932 3373 1020 3432 marte
1040 3364 1082 3416 rel
1104 3369 1233 3429 πυανιψία,

185 3440 266 3493 stellis
279 3461 422 3513 pomorum
437 3448 509 3497 omni
523 3463 619 3516 genere
629 3445 687 3516 ple·
732 3457 814 3511 quum
825 3440 1002 3512 leguminibus
1017 3440 1096 3492 fiebat
1107 3459 1231 3502 sacrum

184 3521 238 3584 niu,
252 3521 347 3592 quibus
360 3523 495 3596 Nymphas
511 3525 683 3578 allicerent...
729 3520 792 3572 item
815 3525 930 3590 tlpwetm·
954 3520 1029 3572 latini
1054 3538 1115 3572 vero
1142 3519 1231 3572 lances

184 3603 269 3654 Fuere
288 3606 366 3655 eriam
382 3605 566 3672 (hammam,
582 3610 628 3680 qui
639 3607 686 3660 Sa.
728 3601 765 3651 ita
780 3599 889 3652 reiectas
902 3599 1035 3652 variarum
1049 3618 1136 3652 rerum
1154 3601 1232 3670 copia

185 3680 262 3733 tirum
272 3680 313 3735 vel
326 3685 415 3754 potius
427 3684 546 3756 Satyrum
560 3687 686 3758 aSatyn'r
731 3678 819 3735 lances
833 3694 948 3746 saturas,
967 3682 1008 3734 val
1027 3680 1114 3752 simpl.
1134 3689 1232 3733 saturas

184 3757 282 3812 dictam
301 3775 440 3833 putarent,
456 3782 481 3816 v.
501 3784 525 3817 c.
542 3767 685 3820 Euanthius
730 3761 905 3832 appellarunt·
918 3762 998 3814 Satur
1009 3762 1078 3814 enlm
1091 3779 1140 3831 pr⁰
1150 3759 1229 3830 Ple¹¹⁰

183 3838 212 3889 in
228 3839 288 3892 loco
307 3860 387 3912 supra
405 3842 556 3914 adscripto,
577 3858 604 3897 et
620 3848 685 3898 Dio-
729 3854 756 3893 et
774 3845 817 3894 cui
834 3841 899 3894 nihil
915 3841 1034 3907 deesset,
1049 3839 1228 3910 usurpabant:

185 3918 288 3985 medes,
305 3925 351 3992 qui
365 3942 426 3976 mox
444 3942 460 3975 s
473 3924 551 3976 uobis
565 3925 685 3979 laudabi·
728 3925 935 3994 siccolorsutur,
945 3925 1030 3978 cuiad
1038 3924 1228 3997 perfectionem

186 4009 242 4064 tur,
255 4001 302 4051 setl
315 4001 468 4055 dubitanter
477 4005 588 4075 scripsit.
727 4005 793 4059 nihil
807 4008 897 4073 deest,
914 4007 1020 4080 quando
1037 4007 1098 4058 lans
1112 4001 1230 4056 colorem
