3148 4950
338 369 403 447 480
555 366 614 432 DB
637 365 806 430 SATlRA
832 366 1156 434 ROMANORUM.

385 495 422 554 lu
443 485 494 553 his
512 490 706 554 Graecorum
722 487 843 554 fabulis
857 492 1026 580 satyrion,
1047 496 1222 584 praecipue
1238 498 1397 562 camim-

337 621 412 665 rum
423 613 617 688 poetarum,
631 613 664 664 et
679 597 847 664 comoediis
859 649 868 679 ‚
879 601 1016 692 antiqua
1026 602 1061 666 in
1076 604 1195 692 primis
1207 619 1242 671 et
1255 604 1393 686 media,

337 815 427 854 rentur
442 803 499 854 dure
518 804 589 856 velut
606 805 726 872 familiae,
747 807 836 858 multis
881 807 975 880 quibus
987 811 1123 880 proprium
1139 807 1191 862 huc
1208 821 1276 879 puto
1289 811 1398 875 luisse,

337 880 460 934 ornandae
469 882 711 953 fabulaeqeneribus
719 887 836 950 sociae,iu
880 902 977 938 utnon
996 889 1081 938 solum
1096 888 1238 960 aequalium
1257 907 1350 940 mores
1366 903 1397 940 et

337 959 388 1012 lroc
403 960 510 1032 quidem
527 977 596 1014 certe
613 963 775 1034 aliquantum
787 963 837 1015 dis·
880 967 998 1017 instituta
1006 967 1295 1037 carpendimalevolam
1309 966 1398 1019 liber-

333 1042 444 1108 junctm,
461 1029 535 1111 quod
549 1039 750 1094 delectationem
764 1061 837 1113 spec-
882 1055 959 1094 tatem
976 1044 1161 1111 adsumerent,
1180 1045 1227 1096 sed
1242 1049 1332 1098 omnis
1343 1063 1396 1115 ge·

336 1132 450 1170 tatornm
468 1119 741 1192 approbationemque
755 1123 835 1172 diner-

337 1216 364 1248 so
371 1200 517 1269 arqumenti
525 1201 675 1251 tractatione
683 1213 838 1270 quiet-erent.

336 1277 440 1328 Etenim
464 1280 508 1348 qui
535 1279 562 1330 in
588 1279 738 1331 domesticis
760 1297 834 1349 argu·

338 1358 432 1408 mentis
449 1355 616 1423 habitarunt,
629 1361 719 1428 prisce
732 1359 837 1410 Comoe·

338 1435 385 1486 diae
409 1455 438 1488 os
464 1436 682 1508 dicacitatemque
705 1428 839 1504 aemulati,

339 1511 454 1566 dicteriis
469 1516 496 1564 iu
511 1513 654 1585 populares
670 1513 849 1583 conjiciendis

339 1596 420 1644 risum
439 1595 551 1648 excitare
567 1591 714 1644 voluerunt.
727 1591 839 1656 Contra,

340 1673 386 1741 qui
406 1671 438 1722 ad
457 1669 599 1746 mythicum
620 1689 647 1722 se
669 1671 760 1720 orbem
777 1687 840 1721 con·

340 1751 471 1810 tulerant,
484 1768 538 1800 non
554 1753 606 1798 tarn
624 1748 651 1799 id
666 1751 743 1801 unice
761 1763 785 1799 et
798 1750 840 1798 in·

340 1831 432 1902 primis
444 1831 532 1881 animo
551 1827 672 1880 videntur
682 1828 841 1894 intendisse,

342 1908 413 1980 quod
430 1910 555 1978 perlicere
566 1910 669 1979 Tragici
686 1907 841 1971 studebant,

341 2001 371 2039 ut
391 1991 500 2040 actionis
526 1987 640 2057 quadarn
664 2000 691 2038 et
716 1988 842 2038 orationis

342 2066 450 2118 ridicula
463 2067 649 2118 commixtione
663 2077 842 2137 spectatorum

341 2146 482 2200 hilararent
508 2147 610 2198 animos
639 2159 664 2196 et
691 2147 842 2218 Satyrorum

343 2227 509 2294 protervitate
517 2223 773 2295 delectarent,quam
781 2225 843 2292 boc,

342 2318 371 2355 nt
389 2301 528 2373 tragoedias
548 2302 678 2375 turpicula
696 2307 843 2356 imitatione

342 2385 535 2451 deformarent,
547 2403 637 2436 eurum
651 2397 677 2437 et
689 2399 843 2457 argumenta

340 2467 447 2534 jurante
473 2463 622 2537 mythorum
648 2468 786 2532 reumate,
809 2464 843 2517 ad

343 2541 435 2594 ludum
454 2557 481 2596 et
499 2545 590 2612 J'ocum
611 2556 793 2596 converterent
817 2557 844 2596 et

342 2639 469 2691 personas
488 2623 589 2693 populo
605 2622 761 2675 deridendas
779 2641 843 2693 pro·

343 2715 480 2770 ponerent.
502 2701 628 2766 Quamvis
651 2702 720 2751 enim
742 2700 843 2764 media,

882 1123 952 1172 neris
980 1123 1164 1174 scurrilitatem
1197 1136 1224 1175 et
1251 1121 1395 1175 licentiam

883 1200 1101 1270 amplexarentur.
1114 1201 1247 1272 Equidem
1260 1201 1395 1272 Tragicos

883 1278 1395 1350 dixerim,sereritatiapti0res,virilem

883 1358 1038 1428 sapientiam
1052 1377 1083 1409 ac
1096 1360 1285 1409 sententiarum
1301 1362 1396 1428 gravi·-

883 1446 963 1484 tatem
974 1435 1125 1510 Satyrorum
1131 1435 1243 1505 juvenili
1255 1435 1396 1488 hilaritate

885 1513 1059 1582 temperasset
1078 1513 1215 1576 Comicus,
1242 1517 1335 1566 animo
1357 1513 1396 1566 ad

883 1590 1042 1642 irridendum
1063 1601 1141 1658 nato,
1159 1591 1192 1643 ad
1213 1592 1395 1646 solutissimae

884 1669 1050 1722 descendisse
1066 1672 1217 1740 jocatiooes
1235 1690 1267 1722 ac
1289 1672 1395 1724 subab-

884 1747 964 1800 surda
986 1751 1080 1818 quaevis
1098 1763 1123 1800 et
1140 1748 1249 1800 ridicula
1266 1750 1394 1802 versibus

885 1827 1020 1880 esuriisse.
1028 1827 1396 1899 Quippeillidelectationem

885 1919 1062 1978 spectatorum
1072 1925 1134 1958 cnm
1145 1905 1258 1958 utilitate
1273 1906 1395 1978 quadam

885 1983 1060 2056 copulabant;
1088 1984 1132 2049 hi,
1158 1983 1244 2056 plebis
1269 1999 1396 2036 tantum-

887 2065 966 2117 modo
992 2066 1075 2116 favori
1103 2063 1237 2130 velificati,
1262 2063 1397 2116 adbibere

886 2147 980 2196 animis
986 2143 1148 2215 voluptatem
1161 2161 1263 2215 eosque
1271 2143 1337 2196 dare
1346 2147 1397 2215 jtr-

887 2222 1017 2276 cunditati
1026 2222 1159 2276 volebant.
1176 2225 1202 2274 2⁰
1213 2224 1319 2294 Tragici
1329 2243 1396 2295 poe·

888 2318 932 2369 tte,
948 2303 1061 2374 antiquae
1078 2303 1274 2354 retinentissimi
1289 2304 1396 2373 simpli·

887 2384 972 2435 citatis
985 2381 1161 2453 ,Satyrorum
1180 2380 1306 2432 saltantes
1329 2381 1396 2432 cho·

887 2481 930 2514 ros
955 2461 1140 2527 introduxere,
1161 2464 1257 2513 comici
1279 2475 1325 2513 ant
1350 2481 1395 2514 ex·

887 2541 1021 2594 cluserunt
1041 2541 1135 2612 plane,
1160 2554 1222 2607 aut,
1248 2541 1396 2593 aerior-ibus

888 2633 957 2672 certe
967 2620 1144 2690 temporibus,
1161 2622 1244 2672 vicem
1258 2639 1353 2672 eornm
1369 2632 1398 2672 et

887 2701 1117 2751 munnsirrisionis
1126 2717 1206 2750 causa
1218 2699 1252 2750 ad
1263 2699 1332 2750 alios
1344 2699 1397 2751 de-

344 2798 422 2849 qusm
439 2793 553 2852 vocant,
568 2779 703 2830 Comoedia
712 2779 781 2831 hanc
793 2779 843 2831 sibi
888 2777 1014 2829 tulerunt,
1030 2779 1104 2845 Quos
1114 2783 1183 2830 enim
1198 2781 1351 2850 superstitio
1367 2781 1398 2831 in

343 2859 503 2920 provinciam
514 2871 639 2928 tauquam
648 2863 783 2928 propriam
791 2860 844 2909 vin·
889 2857 984 2910 Bacchi
998 2858 1132 2930 quoddam
1148 2862 1223 2931 quasi
1239 2860 1397 2912 satellitium

253 2990 256 3020 ,Ι
343 2937 493 2998 dicavisset3
509 2937 612 2986 comica
633 2949 718 2987 tamen
735 2937 858 2991 Satirice'
888 2935 1052 3003 adsciverat,
1076 2935 1155 2990 Sileni
1187 2937 1398 3012 Satyrorumqne

255 3021 256 3028 ’
343 3033 399 3067 eam
411 3013 564 3066 etcrebrins
576 3015 681 3080 invasit,
695 3014 842 3067 etobtinuit
889 3013 1068 3086 chori,qunm
1078 3014 1137 3066 rudi
1147 3015 1324 3086 agricolarum
1335 3021 1398 3068 imi·

344 3093 450 3144 diutius.
469 3092 575 3143 Comica
594 3091 715 3153 Satirice,
735 3092 809 3164 quod
828 3112 843 3144 e
888 3093 988 3144 tatione
1002 3097 1180 3163 repraesentati
1191 3096 1336 3166 primordia
1348 3096 1400 3148 de-

344 3171 524 3222 Romenorum
550 3167 692 3238 Atellanis,
711 3173 767 3241 ejus
785 3173 844 3223 imi·
888 3170 989 3222 dissent
1009 3173 1065 3224 istis
1083 3173 1195 3242 fabulis,
1211 3177 1280 3228 inter
1299 3189 1398 3228 caetera

346 3246 494 3314 tatricibus,
514 3247 691 3314 concluditur,
709 3249 791 3321 'nque
812 3267 844 3301 ac
888 3250 1074 3320 Dionysiorum
1091 3250 1212 3303 solennia
1234 3253 1397 3304 celebratis:

347 3329 458 3393 tragica,
477 3327 590 3397 priscam
609 3327 717 3398 quidem
738 3329 844 3381 retinuit
888 3329 992 3396 Tragici
1007 3346 1081 3398 pene
1100 3332 1275 3382 necessariam
1287 3331 1400 3402 judica-

320 3443 321 3446 *
345 3406 525 3458 adornationis
541 3405 749 3476 simplicitatem,
766 3411 800 3460 ita
815 3423 844 3460 ut
889 3419 982 3458 rerunt
1001 3407 1070 3458 banc
1091 3410 1242 3480 Satyrorum
1261 3409 1399 3463 inductio-

345 3483 440 3534 fabula
457 3503 505 3536 uec
524 3485 661 3555 implicatae
676 3500 778 3551 essent,
796 3505 844 3538 nec
889 3503 965 3547 nem,
987 3497 1013 3535 et
1035 3487 1199 3556 antiquitatis
1223 3491 1286 3539 satis
1312 3488 1398 3562 longa

346 3560 420 3612 valde
443 3562 596 3630 producta-5
610 3563 655 3616 sed
675 3565 702 3614 in
722 3563 844 3616 notandis
891 3561 1081 3614 consuetudine
1095 3563 1251 3634 probatam,
1264 3577 1290 3616 et
1306 3565 1342 3616 ud
1354 3583 1399 3616 re-

346 3639 444 3694 civibus
467 3642 571 3696 licentia
590 3646 614 3696 ei
635 3643 767 3696 dissimilis
786 3644 844 3696 fuit.
890 3639 1140 3707 laxandosanimos,
1153 3643 1313 3712 tropicarum
1325 3645 1399 3695 forte

348 3721 405 3770 Hac
427 3723 495 3774 enim
518 3725 653 3794 pristinam
670 3722 845 3774 maledicendi
891 3737 977 3772 rerum
987 3722 1123 3770 atrocitate
1132 3719 1216 3790 paulo
1225 3721 1338 3772 affectos
1351 3741 1400 3773 ve·

346 3795 480 3851 libidinem
503 3805 551 3853 etsi
574 3820 627 3853 non
649 3803 734 3864 exuit,
757 3813 844 3852 tamen
890 3797 1051 3862 hemenuus,
1071 3799 1134 3848 mire
1154 3799 1399 3852 accommodatam.

347 3882 508 3948 temperavit.
529 3882 579 3934 ista
598 3897 659 3931 vero
678 3881 744 3930 ratio
761 3883 845 3933 omnis
890 3879 992 3927 Limata
1002 3875 1114 3928 subinde
1122 3875 1178 3927 haec
1190 3879 1257 3927 ratio
1267 3891 1401 3949 artepon-

348 3957 487 4025 populares
523 3957 662 4012 cavillandi
695 3961 720 4010 in
759 3960 845 4011 Attica
891 3969 990 4018 tarum,
1010 3955 1112 4024 accepit
1128 3954 1243 4026 aliquam
1258 3959 1419 4010 stratilatis.

295 4079 298 4090 ,
348 4049 426 4086 scene
443 4040 591 4090 transmissa
606 4047 647 4088 est
662 4036 696 4088 ad
710 4035 845 4104 Comicus,
890 4033 959 4087 velut
978 4034 1171 4098 accessionem,
1194 4053 1253 4105 que
1268 4053 1402 4106 perseue-
