3054 4932
387 503 458 578 650
808 507 989 600 *sunan
1477 485 1478 574 l

387 631 468 709 tavi,
487 632 542 716 qni
562 630 719 710 eamdem,
736 649 792 715 per
805 653 836 694 se
852 631 920 714 jam
933 633 1006 695 satis
1024 631 1221 696 commodans
1240 655 1278 696 ac
1295 635 1414 717 faciit,
1477 653 1478 738 p

388 729 489 791 multo
501 750 627 812 quoque
638 729 860 813 expeditiorem
871 729 1089 809 reddiderunt,
1101 735 1222 794 invecto
1232 735 1417 796 moredano

388 848 461 890 rum
480 827 679 889 classicorum
694 827 743 888 vei
761 849 832 890 cum
845 827 988 890 omnibus
1004 828 1069 890 fere
1081 829 1247 890 Variorum
1263 831 1365 906 Notis,
1379 831 1416 892 vel

388 946 462 988 cum
482 926 610 1009 integris
634 926 775 988 virorum
801 924 962 1010 dectorum
985 925 1216 988 commentariis
1233 926 1417 988 edendorum.

388 1021 480 1084 illam
499 1021 649 1083 rationem
668 1033 814 1105 sequutus
832 1035 877 1084 est
895 1021 1085 1083 Schrevelius
1100 1021 1172 1084 inde
1188 1022 1227 1084 ab
1243 1043 1318 1084 ann.
1341 1023 1418 1101 1648,

388 1132 555 1206 utramque
574 1139 647 1181 vero
663 1118 841 1180 Hendinius
855 1139 929 1180 ann.
952 1117 1045 1195 1685,
1061 1118 1279 1201 compilatores
1289 1121 1376 1182 nimis
1386 1141 1419 1181 se·

388 1215 465 1294 dull,
475 1218 508 1276 in
518 1209 651 1300 quor'um
662 1217 865 1294 editionibus,
876 1238 946 1300 quas
957 1220 1128 1300 superiores
1139 1219 1321 1301 interpretes
1329 1217 1365 1280 ad
1371 1220 1420 1280 sin·

387 1315 477 1397 gulas
497 1336 588 1376 voces
607 1315 834 1398 sententiasque
856 1313 1054 1392 illustrandas
1073 1315 1326 1392 observaverant,
1345 1316 1420 1376 edan

390 1412 525 1474 maxime
543 1411 660 1489 aliena,
684 1425 808 1496 arguta,
830 1412 971 1494 vulgaria
990 1425 1021 1476 et
1040 1411 1191 1490 absurda,
1208 1433 1311 1496 neque
1328 1409 1420 1488 send,

388 1509 441 1572 sed
452 1511 564 1593 saepius
578 1533 595 1572 a
608 1508 753 1595 pluribus
768 1511 931 1595 verbisque
945 1521 1070 1572 tantum
1082 1509 1151 1572 aliis
1165 1509 1420 1586 notata,sinenllo

389 1607 489 1668 animi
501 1605 620 1688 judicio
639 1629 675 1670 ac
689 1606 810 1670 delectu
824 1605 983 1669 cumulata
1002 1619 1095 1689 etque
1107 1620 1253 1688 congesta
1270 1616 1353 1684 sunt,
1368 1606 1421 1688 qui·

390 1704 448 1766 bns
458 1703 557 1766 lector
569 1713 715 1770 oneratur
729 1706 846 1788 magis,
859 1725 955 1789 quarn
968 1703 1143 1787 adjuvatur.

428 1802 684 1886 Saeculodenique
694 1805 865 1866 XVlllnon
873 1801 1418 1885 novospoetanactusestinterpretes,

387 1914 501 1982 praeter
519 1900 725 1964 Marshallum
749 1900 865 1982 (Lond.
893 1902 1000 1983 1723),
1020 1899 1075 1982 qui
1094 1911 1219 1962 tannim
1241 1918 1308 1960 non
1331 1896 1418 1958 emnia

390 1997 482 2060 debet
496 2001 620 2061 Lubino
629 2043 640 2078 ,
655 2011 686 2060 et
697 1999 851 2081 quosdam
865 1997 1003 2060 eruditos
1018 1995 1150 2079 Anglos,
1165 1996 1261 2058 italos
1274 2007 1305 2057 et
1319 1994 1421 2054 Germa

390 2116 466 2172 nos,
481 2099 537 2179 qui
548 2097 742 2158 versionibus
752 2097 815 2158 suis
826 2097 1044 2158 adnotationes
1053 2091 1271 2177 subjecerunt,
1288 2089 1419 2174 inquibus

335 2195 337 2198 ’
391 2193 492 2255 multa
505 2193 632 2275 quidem
644 2195 751 2255 insunt
767 2193 864 2272 bona,
880 2192 932 2254 sed
956 2214 1025 2276 quae
1045 2213 1110 2254 non
1126 2191 1276 2254 omnibus
1293 2189 1419 2250 lectoren

388 2289 552 2352 desideriis
563 2293 635 2352 satis
649 2289 777 2363 faciunt.
1037 2355 1045 2374 ς

431 2389 502 2450 Jam
514 2390 539 2450 si
553 2389 679 2464 omnia,
692 2409 791 2471 quaea
805 2387 896 2450 nobis
911 2401 942 2450 et
958 2385 1139 2468 singulatim
1157 2399 1189 2448 et
1205 2386 1346 2446 universe
1359 2380 1421 2442 dim

390 2497 478 2562 sunt,
492 2485 670 2568 collegeris,
683 2485 773 2548 facile
787 2480 985 2567 intelligitur,
997 2505 1093 2566 quam
1106 2504 1219 2566 parum
1231 2481 1334 2544 adbuc
1344 2476 1420 2538 edito·

391 2603 463 2644 rum
481 2584 642 2646 luvenalis
660 2584 762 2646 studia
778 2597 847 2645 tum
861 2585 895 2646 in
914 2583 1169 2646 emendationem
1184 2592 1358 2655 contextus,
1369 2589 1420 2635 tum

392 2679 429 2741 i'n
439 2703 594 2744 summam
606 2681 868 2765 interpretationis
877 2681 1086 2764 profecerint,
1101 2692 1239 2762 etquam
1254 2699 1323 2740 vere
1334 2670 1421 2738 dixeul

392 2779 550 2841 Fabricius
564 2781 612 2859 (in
625 2778 704 2841 Bibl.
717 2767 785 2839 Lat.
801 2779 923 2861 t.11,p.
937 2779 1011 2855 362,
1021 2777 1094 2838 edit.
1107 2778 1225 2838 Ernest.
1236 2777 1322 2858 Lips,
1336 2766 1419 2853 1773)=

394 2901 409 2934 u
421 2879 529 2956 Quum
544 2879 696 2940 Henninii
708 2877 804 2939 editio
818 2878 858 2938 sit
869 2877 964 2938 nimis
976 2887 1104 2938 onerata
1118 2875 1219 2950 notis,
1232 2893 1291 2934 nec
1300 2869 1338 2932 ad
1350 2881 1420 2928 usum

391 2976 464 3035 satis
477 2988 566 3056 apta,
581 2995 679 3057 quum
691 2972 770 3036 adeo
782 2973 886 3034 multis
898 2973 974 3036 locis
985 2976 1024 3036 sit
1037 2970 1257 3055 quaerendum,
1272 2971 1297 3031 si
1308 2967 1376 3028 scire
1385 2961 1420 3020 ln·

392 3084 565 3154 terpretum
583 3071 749 3132 sententias
769 3070 861 3148 velis,
882 3073 1075 3154 omninoque
1095 3068 1239 3130 nondum
1257 3063 1419 3129 satisfactum

393 3171 477 3232 sitin
490 3169 547 3232 hoc
560 3172 709 3252 scriptore
720 3192 728 3230 z
740 3169 915 3251 optandum
929 3170 1068 3244 videtur,
1085 3181 1121 3228 ut
1136 3167 1249 3248 aliquis
1266 3167 1313 3227 vir
1322 3162 1420 3225 doctus

393 3283 463 3330 tum
477 3269 572 3330 literis
589 3268 694 3330 latinis
707 3269 828 3351 egregie
845 3269 1029 3344 instructus,
1044 3279 1113 3328 tum
1127 3265 1161 3327 in
1175 3264 1310 3326 satiricis
1322 3257 1420 3337 script(r

393 3367 481 3432 ribus
499 3366 721 3448 cognoscendis
738 3367 846 3440 tritus,
860 3365 1007 3446 suscipiat
1020 3383 1136 3424 novam
1157 3359 1336 3434 editionem,
1348 3352 1420 3415 etiam

395 3461 479 3524 mole
492 3465 646 3525 minorem
662 3464 883 3538 Heuniniana,
900 3474 931 3524 et
948 3463 988 3523 ad
1006 3482 1075 3524 eam
1090 3461 1170 3522 bene
1189 3457 1355 3520 curandam
1368 3457 1420 3510 ante

396 3563 505 3623 omnia
516 3561 611 3624 libros
625 3563 753 3645 scriptos
764 3573 795 3621 et
806 3559 892 3638 editt.
909 3558 1221 3640 excutiat-paulatim,
1239 3569 1275 3618 ut
1286 3547 1420 3617 materiam

396 3661 426 3720 ei
435 3659 579 3722 instituto
591 3673 697 3743 aptam
715 3657 843 3736 hebeat,
864 3679 1028 3742 perquam
1043 3655 1158 3720 deinde
1175 3669 1207 3717 et
1223 3671 1349 3739 purgare
1363 3639 1420 3707 Sall·

400 3779 463 3837 ras,
478 3773 509 3820 et
521 3757 674 3821 illustrare
685 3757 798 3820 deinde
814 3757 917 3841 possit.
931 3781 945 3814 s
