2986 4924
331 449 393 537 198
500 420 656 510 vlitis
679 445 953 512 iscriouus
976 449 1038 513 ur
1061 449 1199 515 nors

324 585 401 635 neque
418 569 466 616 ulla
480 569 570 616 limita
589 569 664 616 tttts.
683 567 758 615 caud.
775 570 925 627 auctoritate,
943 585 1021 632 neque
1039 574 1182 629 neemia,
1203 587 1277 635 quum
1293 575 1373 622 eodem

324 658 394 690 seusu
405 653 509 688 renarrat
518 657 578 703 saepe
586 641 670 702 sapius
677 642 777 703 inperm
786 640 849 702 apud
860 643 953 702 optime
962 655 1023 688 uolt!
1035 645 1168 706 sctipturea.
1181 645 1274 702 nviua,
1283 644 1325 692 lib.
1334 647 1374 705 tu,

325 729 377 776 cap.
389 714 420 777 78
429 731 435 760 ι
444 734 454 756 a
464 711 533 761 Vocis
542 712 712 776 verborumque
722 723 837 776 quantum
845 712 938 770 soletis,
948 715 1055 779 ιἰιφσοιι.
1066 735 1076 758 ι

359 838 426 891 Nor.
447 835 471 892 5.
490 839 613 908 Quorsum
628 837 699 892 lioec?
709 850 757 892 aut
770 851 881 914 quantm
894 839 991 892 robusti
1001 841 1124 892 cannitiis
1136 839 1207 912 ossas
1217 839 1330 914 inperia.
1341 871 1376 882 —

328 916 454 986 Quorsum
474 915 550 969 teet
568 917 654 990 Fingit
672 915 728 970 haec
746 917 910 980 succlamare
929 919 1094 982 Cornutum,
1116 919 1161 988 qni
1176 921 1239 988 jure
1258 921 1376 988 magistri

328 1015 409 1064 usus,
421 1011 574 1051 succenseat
586 995 732 1072 discipulo,
744 999 819 1070 quod
834 1009 879 1052 ecs
892 1001 990 1051 imitari
1002 997 1071 1052 velle
1085 997 1215 1063 rideatur,
1229 1001 1276 1071 qni
1288 1001 1377 1051 inania

326 1077 474 1130 moliuntur
487 1095 583 1148 magno
599 1092 738 1150 apparatu.
753 1081 855 1131 —Aut
871 1090 981 1152 qsrantas
997 1078 1093 1131 robusti
1105 1080 1229 1130 carminis
1242 1079 1315 1150 offas
1328 1079 1376 1132 In·

324 1156 407 1228 peris5
427 1156 527 1209 locutio
546 1175 613 1210 nosa
632 1172 658 1210 et
677 1159 815 1212 audacior.
828 1159 932 1212 Tenuis
950 1173 978 1211 et
995 1157 1113 1212 deducta
1130 1157 1290 1210 dicebantur
1305 1158 1377 1211 bona

327 1238 461 1298 carmina;
478 1233 545 1288 mala
558 1254 621 1288 vero
634 1257 722 1290 crassa
736 1255 763 1290 et
778 1241 901 1310 pinguia:
915 1237 988 1290 unde
1002 1237 1062 1310 offa
1075 1239 1170 1291 robusti
1183 1239 1309 1290 carminis
1320 1257 1378 1290 car·

328 1333 388 1368 men
404 1329 443 1369 est
456 1335 513 1370 nou
526 1313 686 1383 deductum,
701 1318 875 1390 ampullarum
889 1337 950 1370 vero
966 1332 991 1371 et
1009 1315 1141 1390 turgidum
1159 1332 1241 1388 atque
1255 1317 1377 1370 inelabo-

327 1409 422 1447 ratum.
436 1396 515 1468 Ossa,
527 1400 635 1470 proprie
646 1397 728 1469 pultis
741 1417 771 1448 ex
782 1399 851 1450 farre
862 1398 945 1458 iacta;
957 1397 1021 1470 offra
1033 1409 1162 1449 vocantur
1172 1399 1251 1448 etiam
1264 1395 1378 1468 globuli,

328 1473 427 1546 quibus
439 1496 499 1529 aves
515 1475 599 1530 altiles
612 1479 766 1530 farciuntur.
779 1507 814 1518 -
826 1477 938 1550 loperis5
951 1480 1057 1549 profers
1069 1480 1096 1536 in
1110 1477 1246 1550 publicum
1259 1492 1286 1530 et
1298 1477 1381 1530 lecto·

327 1557 401 1610 ribus
415 1556 600 1611 devorandum
619 1557 726 1629 objicis;
740 1558 833 1611 eodem
853 1576 930 1612 sensu
946 1563 1072 1626 omnino,
1094 1577 1149 1632 quo
1169 1557 1240 1631 apud
1258 1560 1378 1626 Livium,

329 1639 388 1696 locu
405 1657 485 1711 supra
496 1641 588 1692 citato.

313 1787 317 1796 ·
364 1764 430 1814 Nor.
450 1763 477 1814 6.
493 1763 529 1815 Ut
538 1764 633 1834 parsit
643 1771 751 1814 centeno
761 1772 864 1834 putrore
874 1763 985 1817 ntrtt-
994 1761 1074 1815 Velut
1088 1762 1122 1816 ad
1137 1761 1306 1834 trajiciendos
1319 1760 1379 1814 illas

329 1840 400 1914 offas
418 1840 587 1912 grandiores,
608 1841 642 1892 ad
656 1840 809 1914 inqerendos
821 1859 913 1894 versus
930 1843 1125 1912 pinguissimos.
1141 1870 1176 1880 -
1190 1841 1261 1903 Nisi,
1281 1843 1379 1893 conni-

329 1933 422 1974 tuntur
434 1923 504 1974 enlm
519 1921 565 1992 qui
578 1919 669 1970 volunt
682 1941 696 1972 e
710 1920 831 1991 pleniore
846 1932 954 1990 pectore
966 1920 1075 1990 rejicere
1090 1916 1200 1990 aliquid.

360 2055 420 2098 Vua.
434 2069 456 2116 7.
469 2051 562 2098 Grsmde
572 2051 672 2100 maran
683 2052 777 2106 sebaim
788 2051 898 2100 Helieone
910 2052 1008 2114 imm·
1019 2077 1050 2088 ··
1061 2051 1139 2100 Edunt
1150 2053 1225 2100 HMS.
1238 2051 1286 2098 mei
1297 2065 1380 2100 om

331 2127 438 2189 {iuraras¹
450 2127 545 2204 dempto
558 2125 581 2172 Ιι.

364 2243 431 2293 Nor.
451 2260 477 2312 7.
497 2241 601 2294 Grande
616 2241 728 2294 locuturi
746 2235 851 2292 nebulas
868 2236 996 2291 Helicone
1014 2236 1128 2310 lepunto.
1142 2266 1179 2279 -
1194 2239 1317 2298 Grande,-
1332 2237 1382 2289 fuit

331 2319 383 2373 hoc
396 2321 487 2386 vitium
502 2320 650 2392 equalibus
661 2321 742 2374 Persii
759 2318 937 2392 scriptoribus
952 2318 1039 2388 parvis
1055 2321 1210 2390 magnisque
1222 2337 1381 2385 commune,

331 2416 361 2452 ut
370 2402 482 2476 prandia
491 2400 661 2468 molirentur,
675 2401 748 2474 quod
756 2404 811 2473 jam
825 2399 927 2457 notarit
939 2399 1037 2449 Noster
1047 2399 1075 2447 in
1087 2399 1187 2469 prima,
1200 2397 1247 2463 ti:

475 2525 566 2569 &ande
577 2525 671 2582 aliquid,
681 2489 741 2583 bned
750 2525 826 2583 pulmo
836 2525 915 2568 anima
927 2521 1043 2580 prelarffus
1052 2522 1146 2566 anhelet.

331 2665 367 2676 -
382 2635 497 2692 Nebulae
509 2635 632 2710 lepunr05
645 2635 740 2693 similia
751 2651 848 2704 nempe
860 2631 975 2696 nebulis,
990 2631 1095 2692 inania,
1108 2642 1134 2682 et
1149 2649 1206 2702 quas
1220 2628 1279 2682 sola
1293 2634 1382 2706 specie

331 2731 393 2770 sunt
406 2736 519 2788 maflua3
534 2715 606 2768 unde
620 2715 675 2768 huc
689 2701 788 2780 naim
798 2714 894 2780 Greci,
910 2714 997 2766 Latini
1012 2707 1118 2764 nebulas
1133 2709 1233 2763 dicunt.
1251 2742 1288 2752 -
1304 2713 1383 2766 Heli·

331 2817 409 2860 conas
422 2797 492 2850 bene
504 2798 676 2849 conunuatur
687 2795 785 2865 liguram
802 2793 900 2846 nebula
914 2796 983 2846 enim
998 2792 1107 2844 summis
1120 2789 1254 2844 montibus
1269 2793 1383 2846 sicinio-

332 2895 383 2932 ης.
393 2878 444 2933 Per
454 2875 526 2937 hauc
538 2891 627 2943 autern
638 2875 750 2945 liguram
765 2873 888 2945 intelligit
901 2873 960 2926 loca
973 2873 1034 2924 trita
1046 2873 1147 2946 poetis,
1162 2891 1219 2944 quse
1234 2871 1284 2924 sibi
1297 2875 1384 2926 notis·

333 2961 398 3010 sima
407 2959 530 3028 jactitant
542 2957 616 3027 pravi
626 2967 725 3025 poete,
736 2973 794 3026 quar
806 2955 910 3006 Persius
919 2957 974 3026 jam
988 2955 1109 3026 superius
1124 2953 1205 3004 irrisit
1217 2955 1245 3006 in
1256 2953 1383 3024 Prologo.

331 3041 381 3092 Per
397 3037 528 3092 Helicona
547 3036 644 3105 Koenig
656 3035 779 3105 iutelligit
794 3037 891 3106 scripta
905 3047 1043 3106 poetarum
1057 3035 1243 3105 antiquorum,
1258 3051 1274 3084 a
1287 3033 1384 3108 quibua

333 3116 415 3170 multa
426 3128 563 3168 mutuatur
572 3111 745 3167 mediocritas
759 3115 947 3168 recentiorum.
1385 3115 1390 3124 '

368 3243 441 3295 Nor:
456 3241 481 3294 8.
495 3239 523 3293 Si
534 3239 624 3313 quibus
634 3249 681 3291 aut
690 3241 815 3307 Procnes,
827 3239 904 3292 autri
914 3237 1005 3312 quibus
1016 3235 1071 3289 olla
1082 3236 1201 3308 Thyesta
1212 3235 1339 3290 Ferrebit.
1348 3263 1384 3276 -
1429 3235 1432 3244 '

331 3323 441 3378 Satirica
453 3320 553 3372 locutio
566 3331 618 3382 est3
629 3319 863 3386 Quemadmodum
877 3321 946 3371 enim
962 3317 1033 3389 apud
1044 3315 1236 3388 philosophum
1250 3317 1334 3384 sarrit
1344 3315 1384 3370 rit

333 3397 426 3472 siparis
440 3399 563 3476 (pignere
575 3399 687 3473 calum)
699 3403 717 3453 ii
729 3401 864 3469 dicuntur,
877 3402 922 3473 qni
935 3398 1087 3452 scribebant
1105 3396 1198 3448 culum
1211 3397 1294 3449 faisse
1307 3399 1383 3468 geni·

333 3494 406 3548 turn,
421 3483 474 3534 sire
486 3493 621 3545 creatum,
636 3494 662 3532 et
674 3479 746 3552 apud
755 3481 970 3552 Theophrastum
983 3493 1009 3531 et
1020 3477 1141 3529 Plautum
1153 3474 1223 3545 cipit
1233 3475 1279 3531 ra'r
1291 3475 1381 3538 armos,

334 3563 518 3632 arbescapere‚
532 3559 571 3612 illi
581 3561 626 3633 qui
639 3561 744 3613 urbium
757 3559 853 3618 «inrisas
866 3562 1022 3622 narraban13
1036 3561 1073 3609 ita
1084 3555 1127 3609 hic
1136 3557 1241 3627 fervere
1254 3554 1307 3620 illjs
1317 3555 1383 3608 dici-

332 3655 375 3692 tur
386 3637 441 3693 olla
454 3639 579 3706 Procnes,
592 3654 637 3692 aut
653 3639 784 3712 Thyestae,
798 3642 844 3711 qui
858 3639 1000 3712 trapoedias
1009 3651 1175 3707 componunt
1188 3634 1229 3686 vel
1239 3633 1274 3686 de
1285 3633 1382 3698 Tereo,

334 3723 379 3796 qui
394 3719 477 3772 lilium
490 3722 547 3793 ltyn
560 3721 610 3773 sibi
626 3725 778 3794 appositum
791 3720 944 3793 imprudens
957 3719 1025 3785 edit,
1037 3716 1077 3768 sel
1092 3716 1125 3766 de
1139 3715 1220 3766 Atreo
1231 3716 1278 3785 qni
1293 3713 1383 3766 simili-

333 3800 383 3852 bus
396 3800 480 3874 epulis
494 3801 626 3874 Thyesten
641 3804 749 3853 fratrem
762 3803 843 3873 parit.
853 3800 1002 3853 Notissima
1012 3810 1074 3850 sunt
1085 3795 1182 3848 l'abulae
1195 3793 1269 3866 apud
1281 3807 1382 3846 veteres

333 3883 472 3954 utriusque
485 3881 580 3952 lingum
599 3895 700 3953 poetas.
716 3882 849 3954 'l'hyesten
862 3883 965 3952 scripsit
981 3879 1080 3931 Seneca
1098 3875 1244 3947 Tragicos,
1264 3887 1291 3926 et
1309 3873 1381 3925 llero

336 3964 468 4034 cantaris,
483 3975 549 4015 teste
563 3961 671 4035 quidem
684 3961 803 4014 Juvenal.
818 3961 890 4027 Vlll,
907 3975 972 4030 ²²7²

535 4085 644 4144 blajorum
654 4083 738 4142 effigies
747 4085 841 4127 habeant
851 4083 943 4140 insignia
953 4081 1023 4125 vocis:

534 4155 663 4211 antepedes
675 4153 757 4197 Domltt
767 4151 859 4210 longum
870 4161 893 4195 tu
903 4165 960 4208 pone
972 4151 1070 4206 Thyesta
