2970 4936
350 453 410 518 162
518 445 672 511 VARIAE
695 440 965 509 LECTIONES
990 445 1051 508 ΕΤ
1076 446 1211 511 NOTAE

344 601 405 639 com
419 577 600 650 indignatione
615 587 641 626 et
654 575 773 625 irrisione
787 571 1025 643 pronuntiandum.
1039 575 1111 644 Virg.
1126 574 1220 627 AEneid
1241 576 1305 642 Vll,
1319 576 1385 642 4253
1477 557 1479 586 ι

345 660 464 720 duvenal.
480 660 532 712 Sat.
547 659 588 725 X,
603 657 663 709 310.

377 775 444 826 Nor.
465 787 507 822 ao.
519 762 699 820 Dinomaches
709 781 758 832 ego
772 763 829 813 snm
841 759 919 838 suffla
927 781 936 821 ,-
951 779 1008 813 sum
1020 760 1158 814 candidus.
1171 764 1243 817 Esto.
1256 791 1292 804 -
1303 763 1388 817 verb,
1477 729 1479 788 l

343 866 405 907 sunt
411 849 517 921 juvenis
526 857 632 897 externa
642 841 714 892 bona
724 857 771 891 sun
778 840 977 908 jactitentis.-
986 837 1163 892 Dinomaches
1171 859 1219 912 ‘9⁰
1227 859 1285 893 mm
1290 864 1300 903 ‚-
1309 859 1390 911 με,
1443 887 1447 897 ’
1477 833 1479 910 j

343 929 521 991 constructio,
537 940 589 996 qua
601 919 759 973 subauditur
766 915 852 990 filius·
868 919 981 970 Matrem
993 919 1063 970 assim
1075 917 1170 972 babuit
1183 919 1334 972 Alcibiades
1346 923 1390 974 Di-
1478 981 1479 984 Ἴ

343 1008 502 1073 namnclren,
516 1022 572 1076 quse
584 1001 687 1072 generis
699 1000 749 1050 fuit
760 997 980 1050 Alcmoeouidum.
997 997 1123 1051 blaternas
1135 1014 1224 1051 autem
1235 1002 1328 1071 potius
1341 1019 1391 1053 sns-
1478 1057 1480 1068 A

342 1093 418 1145 minit
433 1087 541 1157 originis
556 1081 676 1143 Persius,
691 1095 771 1150 quarn
788 1089 918 1148 paterne,
933 1095 987 1128 non
1002 1090 1031 1127 ut
1049 1076 1213 1129 Alcibiadem
1229 1080 1319 1150 ipsum
1335 1093 1391 1130 tan·

342 1186 401 1246 gat,
414 1170 459 1241 qni
472 1179 574 1238 patrem
586 1177 693 1231 quoque
705 1156 800 1208 habuit
815 1155 916 1227 optimo
929 1155 989 1207 loco
1003 1168 1106 1221 natum,
1124 1176 1177 1228 quo
1188 1176 1273 1228 genus
1284 1158 1391 1210 duceret
1479 1177 1480 1184 ¹

343 1250 378 1303 ab
392 1250 488 1317 Ajnc03
507 1237 639 1294 Plutarch.
652 1238 679 1288 in
696 1232 842 1287 Alcibiade.
861 1235 980 1303 Respicit
993 1252 1055 1286 vero
1070 1233 1104 1286 ad
1119 1239 1271 1300 Neronem,
1287 1238 1333 1307 qu,
1347 1256 1392 1308 pe,
1478 1243 1480 1250 Α

342 1344 453 1384 matrem
459 1323 632 1395 Agrippinam
639 1317 806 1370 inCaesarsim
816 1313 925 1366 domurn
934 1331 965 1365 ac
974 1313 1152 1368 hereditatem
1160 1315 1278 1369 adscitus
1286 1331 1391 1387 est,ps-
1478 1375 1480 1380 ,

342 1425 383 1464 tre
394 1421 473 1460 natus
484 1402 601 1456 Domitio
615 1394 775 1450 AEnobarho.
788 1423 824 1436 -
838 1393 924 1469 Suffla
932 1414 941 1453 ,-
954 1391 997 1444 dic
1010 1395 1131 1464 superbia
1145 1397 1342 1458 intumescens;
1357 1397 1392 1448 sic

341 1493 369 1542 in
381 1489 462 1542 satira
473 1485 572 1554 prima,
584 1497 623 1530 ss,
638 1493 685 1546 27:
701 1473 874 1546 :pulmonem
888 1491 1005 1543 rumpere
1018 1474 1108 1525 uentis.
1119 1497 1129 1520 ι
1142 1476 1246 1526 Graece:
1260 1471 1392 1540 s’ssrssopi-

340 1590 402 1622 ross.
413 1595 448 1608 -
457 1565 520 1615 Sum
531 1555 656 1612 candidus
663 1576 672 1616 ‚·
683 1565 738 1606 erat
748 1551 898 1604 Alcibiades
911 1553 1046 1621 prestanti
1058 1552 1145 1603 forma
1157 1555 1294 1624 corporis,
1311 1566 1353 1619 et,
1364 1566 1392 1604 ut

342 1651 379 1700 ait
390 1645 527 1724 §cratem
541 1631 662 1690 aduneris
672 1651 699 1684 ns
711 1629 751 1682 ssi
759 1625 886 1696 ulyssem
898 1629 988 1696 Plato,
1000 1633 1027 1681 in
1040 1630 1192 1694 Alcibiade;
1207 1635 1359 1702 mansitque
1371 1633 1393 1683 ei
1479 1669 1480 1672 ,

342 1747 391 1781 sua
406 1716 577 1797 pulchritudo
592 1733 640 1786 per
656 1731 761 1764 omnem
778 1722 897 1771 aetatem3
915 1707 1086 1776 Plutarchus,
1105 1713 1157 1763 vn.
1173 1709 1277 1772 Alcib.;
1296 1710 1392 1763 Plinius

322 1809 405 1876 .‘Maj.
420 1805 485 1856 Hist.
499 1800 523 1850 N
555 1795 697 1858 ,XXXlV,
711 1791 743 1852 6;
758 1807 845 1860 neque
859 1789 918 1842 lans
934 1792 1044 1840 omnino
1059 1791 1160 1842 Neroni
1173 1789 1259 1842 aliena
1276 1803 1333 1856 cst,
1347 1791 1392 1862 qui
1480 1821 1481 1856 ,

341 1887 425 1938 fuisse
434 1879 517 1932 dicitu
573 1870 723 1944 epalclrro,
736 1881 761 1919 ct
771 1869 840 1918 circa
851 1868 974 1938 corporis
985 1867 1085 1918 cultum
1098 1866 1257 1937 diligentior.
1269 1897 1305 1908 -
1317 1869 1393 1929 Em,-
1480 1859 1481 1924 l

340 1965 360 2014 i.
370 1981 394 2013 e.
407 1961 468 2012 licet
478 1953 558 2028 plane
568 1964 594 2004 et
604 1949 708 2022 generis
719 1945 858 1998 nobilitate
870 1957 898 1998 et
910 1944 994 1996 lorma
1006 1946 1128 2015 corporis
1140 1955 1264 2015 praestes,
1276 1943 1355 1998 lluxls
1364 1959 1393 1996 sc
1480 1931 1481 1986 ζ

343 2037 483 2114 fragilibus
496 2035 585 2086 bonis.

339 2207 341 2212 ’
375 2201 436 2246 Van.
454 2213 491 2244 as.
503 2195 565 2240 Dum
574 2207 602 2237 ne
610 2190 707 2236 numu
716 2188 789 2250 sapiat
795 2195 917 2248 pannucea
926 2185 1017 2230 Boues's.
1026 2209 1058 2220 -·
1066 2185 1120 2231 Edit
1128 2187 1177 2232 MS.
1188 2183 1249 2247 8273
1261 2200 1268 2232 ε
1279 2187 1343 2233 Dsnn
1352 2201 1393 2234 nos
1479 2217 1481 2248 ,

344 2273 452 2318 nunus.
462 2303 467 2313 .
477 2301 483 2312 .
493 2285 501 2322 ς
513 2263 615 2312 sedura
624 2258 753 2306 admodum
764 2271 818 2302 cans
829 2256 979 2315 subjunctivo
988 2257 1089 2300 recurrit
1099 2271 1152 2301 mn.
1165 2255 1209 2302 Alii
1219 2257 1293 2303 edunt
1304 2273 1394 2321 ponsa·
1480 2261 1481 2272 ¹

342 2347 379 2391 cia
387 2354 457 2404 atque
466 2341 534 2386 etism
542 2336 665 2399 pannutia,
676 2345 728 2395 qua
737 2330 833 2392 quidem
842 2330 909 2389 aequb
919 2327 1028 2374 dicuntur
1037 2342 1062 2372 ac
1072 2342 1200 2389 pannucea.

379 2444 447 2494 Nor.
468 2455 510 2491 as.
524 2435 595 2486 Dum
608 2452 640 2485 ne
651 2429 761 2483 deterius
776 2427 860 2498 sapiat
872 2442 1010 2498 pannucea
1022 2421 1121 2478 Baucis.
1134 2451 1171 2466 ·-
1183 2426 1300 2479 Sensus:
1317 2424 1395 2478 dum.

346 2520 425 2574 modo
440 2517 545 2569 fatearis
559 2527 585 2565 te
599 2511 682 2564 nihilo
697 2511 781 2579 magis
796 2509 877 2560 animi
890 2507 977 2572 hona,
994 2523 1052 2577 quse
1065 2523 1129 2558 vers
1141 2517 1219 2570 sant,
1234 2503 1395 2576 intelligere,
1481 2501 1482 2560 l

347 2619 426 2673 quarn
439 2598 485 2668 qui
496 2593 537 2648 vel
552 2593 659 2645 minima
671 2591 798 2642 omnium.
809 2618 845 2628 -
856 2589 927 2642 Dum
940 2607 972 2638 ne
979 2608 988 2648 ,-
1001 2585 1117 2638 formula
1129 2599 1168 2638 est
1180 2588 1352 2656 exceptionis.
1361 2615 1397 2627 ·-

347 2680 477 2736 Deterius5
489 2669 601 2726 subaudi
617 2687 648 2721 oc
664 2679 701 2719 tu.
714 2696 748 2706 -
760 2667 905 2718 Pannuceo
921 2667 1031 2725 Boucis5
1048 2681 1147 2722 nomeu
1162 2676 1202 2715 est
1218 2663 1310 2716 Baucis
1327 2661 1397 2736 apud

339 2741 537 2808 ballimachum
555 2748 675 2817 aliosque
690 2761 789 2814 grecos
807 2756 901 2813 pactas
916 2742 1008 2794 vetulas
1028 2742 1216 2813 pauperculae,
1234 2741 1306 2793 unde
1326 2761 1398 2794 sum-

346 2844 456 2904 pserunt
465 2828 560 2880 Latini.
571 2823 649 2878 Osid.
661 2823 770 2874 Metam.
778 2821 845 2872 Vlll.
858 2819 921 2887 Hic,
931 2837 981 2892 pro
989 2821 1078 2873 vetula
1089 2821 1206 2891 qualibet
1219 2837 1274 2874 anu
1284 2820 1397 2875 alitrice.

378 2981 440 3026 Vsa.
452 2994 489 3025 aa.
499 2973 635 3036 Quumlsene
641 2971 748 3017 ducante
755 2971 879 3015 cantaverit
884 2973 956 3015 ocima
963 2983 1046 3015 vernn.
1054 2995 1085 3005 -
1092 2969 1185 3016 liabent
1192 2973 1400 3020 animaretustissi.

349 3066 391 3096 mc
399 3047 514 3112 plcraeqne
522 3037 769 3098 editiones,ltslianae,
777 3040 860 3095 credo,
870 3040 1317 3102 pronuntiationismagisobservantes‚
1329 3055 1399 3108 qoam
1480 3035 1482 3060 ³

348 3123 444 3170 Lstiaae.
454 3119 545 3166 Dicitur
554 3115 617 3161 enim
626 3113 652 3158 in
661 3109 758 3157 ltaliauo
768 3125 858 3157 musmo.
870 3111 947 3156 latini
956 3127 1012 3157 sero
1022 3109 1100 3157 dicere
1108 3111 1244 3159 debuerunt
1252 3116 1353 3160 ommam
1361 3113 1400 3162 sel

350 3206 464 3252 mnium,
479 3201 575 3248 sgrseco
584 3180 668 3243 ἄκυμον
678 3179 716 3226 sel
724 3177 824 3240 ἄκυμον.
839 3182 935 3242 Legitur
949 3197 1044 3244 quoque
1059 3182 1176 3228 interdum
1189 3187 1279 3230 acinam
1285 3203 1295 3239 ‚·
1307 3185 1384 3231 Varro
1391 3220 1399 3242 ‚

349 3263 377 3308 lt.
387 3263 415 3308 lt.
424 3259 465 3306 lih.
474 3260 499 3314 l,
509 3271 561 3316 cap.
571 3254 610 3302 31.
619 3277 652 3289 -
662 3253 690 3300 ln
701 3250 747 3298 huc
756 3249 848 3298 edendo
858 3265 927 3300 versu
941 3255 1092 3299 consentiunt
1103 3253 1178 3299 MMS.
1189 3253 1265 3301 Codd.
1278 3269 1362 3301 omnes
1372 3269 1399 3300 sc

348 3330 507 3379 vetustissime
520 3325 665 3376 editionum
680 3337 728 3384 quo
737 3323 814 3368 minsa
823 3321 853 3370 de
867 3322 1005 3383 recipiendo
1013 3322 1122 3379 dubites,
1141 3327 1234 3372 tametsi
1248 3325 1345 3388 quidam
1358 3325 1401 3388 eji-

351 3399 459 3448 clendnm
469 3404 591 3450 censeant,
604 3403 630 3440 ut
640 3393 787 3448 abortivum,
798 3405 838 3440 sut
846 3404 935 3440 temere
944 3392 1071 3458 adjectam.

386 3499 452 3550 Nun.
473 3511 515 3548 aa.
533 3495 618 3564 Quum
631 3491 693 3543 bene
704 3490 828 3544 discincto
838 3493 983 3544 cantaverit
992 3492 1076 3544 heimo
1090 3511 1182 3546 vemoe.
1197 3524 1235 3534 —
1253 3491 1401 3568 incoeptam

351 3575 464 3629 absolvit
474 3572 648 3647 periphrasim
665 3589 680 3622 a
694 3589 831 3642 pannucea
842 3569 935 3624 Baucis
946 3572 1133 3642 incipientem,
1149 3593 1206 3650 quas
1217 3593 1300 3626 onum
1313 3574 1402 3627 alitri-

351 3675 408 3709 cem
420 3655 550 3728 designat.
565 3653 678 3705 Sensus:
695 3649 758 3702 dum
768 3651 898 3702 cantanda
907 3654 1009 3722 jactitat
1019 3664 1046 3704 ct
1054 3651 1172 3705 venditat
1180 3653 1314 3714 herbaset
1327 3655 1403 3707 olera

351 3735 491 3788 advocans
506 3745 643 3804 protervus
658 3739 831 3782 transcuntes.
852 3731 919 3782 Nam
937 3743 1042 3783 cantore
1059 3732 1160 3798 ocimo,
1178 3733 1242 3804 quid
1255 3733 1329 3785 alind
1343 3752 1402 3786 esse

350 3825 453 3886 potest,
464 3829 542 3883 quum
551 3809 684 3862 venditare
693 3809 826 3880 legamina
834 3808 979 3876 atherbas,
990 3827 1048 3880 quae
1059 3812 1105 3882 qui
1115 3813 1308 3866 circumferunt
1319 3823 1402 3864 cantu

350 3893 500 3966 aliquanao
508 3892 630 3960 jactitare
639 3888 743 3940 solent?
755 3889 876 3940 Ocisnusn
886 3892 955 3940 enim
965 3907 1049 3961 genas
1058 3903 1097 3942 est
1104 3891 1246 3960 leguminis
1254 3905 1301 3945 sut
1310 3891 1402 3944 herbe

349 3991 434 4044 grece
448 3971 562 4037 dictum,
576 3983 606 4022 nt
617 3969 725 4036 volunt,
742 3971 878 4036 hornan,
896 3969 990 4039 gallice
1004 3969 1099 4024 basille.
1118 3971 1272 4024 Secundum
1286 3971 1401 4026 Plinium

350 4055 414 4124 Μή.
426 4054 495 4106 uin.
509 4053 570 4104 Nat.
582 4048 630 4102 lib.
641 4051 717 4117 xlx,
735 4063 797 4103 sect.
814 4050 862 4117 36,
875 4063 901 4101 et
912 4051 978 4117 XX,
991 4063 1055 4104 sect.
1068 4052 1117 4118 48,
1128 4052 1279 4106 ‘vocabatur
1290 4070 1402 4127 quoque

352 4134 464 4186 missum
476 4130 595 4206 quodam
607 4131 712 4200 farrago
724 4141 769 4182 aut
778 4132 910 4184 sanarum
923 4129 1062 4182 herbarum
1075 4135 1200 4200 mistura,
1217 4151 1270 4206 qus
1280 4148 1401 4188 ventrem
