3038 4932
366 525 430 591 268
537 522 691 587 VARIAE
714 519 981 588 LECTIONES
1004 522 1066 586 ΕΤ
1090 520 1227 587 NOTAE

362 653 389 703 in
403 661 516 720 utroque
527 648 636 712 hesua,
651 648 677 698 in
692 643 820 717 agitandis
829 647 955 718 juvenum
969 644 1052 713 ludis,
1067 647 1093 698 in
1107 645 1266 700 celebranda
1276 647 1395 718 sapientia

361 749 460 784 senum.
475 729 539 796 Quo
549 730 661 780 varietas
673 728 779 798 propria
793 739 833 779 est
845 725 995 799 lyricffum.
1005 729 1123 799 Torquet
1136 747 1164 781 se
1174 731 1272 800 Koenig
1287 728 1396 781 adhunc

362 811 465 877 locum,
479 810 524 882 qui
538 805 618 879 paulo
633 808 783 859 curiosioris
793 819 831 858 est
841 804 990 876 latinitatis,
1000 825 1091 860 sensus
1103 827 1166 861 vero
1178 810 1344 880 apertissimi.

397 934 463 984 Nor.
481 931 498 984 6
510 944 536 983 et
548 947 573 1000 7.
589 927 663 980 Miln'
674 947 743 981 nunc
756 929 835 1002 Liqus
850 947 895 982 orn
907 929 1022 1000 [stepen
1036 929 1201 1004 hibernatque
1212 951 1300 982 meacm
1311 951 1395 996 mare,

361 1033 412 1087 quo
426 1013 494 1066 latus
512 1012 600 1087 inqens
612 1011 683 1062 Dant
698 1008 807 1083 scopuli.
817 1009 944 1072 -Miln'f
957 1009 1123 1066 referendum
1135 1011 1172 1083 'ad
1186 1024 1210 1064 te
1224 1026 1250 1064 et
1264 1012 1312 1065 tibi
1325 1015 1396 1083 primi

361 1112 392 1145 uc
405 1091 512 1145 secundi
521 1109 610 1142 versus
620 1111 626 1140 ι
638 1091 756 1141 Amicum
769 1089 802 1140 de
814 1088 945 1157 seducet,
961 1090 1182 1163 quemadmodum
1191 1091 1224 1142 de
1234 1091 1281 1144 illo
1291 1095 1395 1162 rogarit.

360 1172 544 1246 —Liyusom
555 1188 602 1241 pro
611 1187 658 1220 ora
667 1167 806 1242 bipustico,
817 1181 846 1219 ut
856 1167 937 1240 paulo
948 1173 1198 1244 antejuvenesjocos
1205 1190 1255 1242 pro
1263 1169 1396 1241 juveniles.

360 1250 479 1321 Liquria,
495 1246 572 1299 ltaliae
591 1265 663 1318 para,
682 1246 875 1299 aNarbonensi
892 1247 978 1300 Gallia
989 1237 1031 1300 ad
1046 1247 1185 1302 Tbuscism
1202 1264 1345 1321 protensa,
1361 1267 1397 1300 se·

360 1326 477 1379 eundum
493 1326 570 1378 maris
582 1323 671 1388 littus;
689 1323 770 1376 hodie
783 1344 829 1376 ora
845 1327 1002 1402 Genuensis3
1020 1347 1035 1380 a
1049 1329 1142 1380 Genua
1155 1329 1273 1380 civitate.
1293 1326 1396 1378 Addunt

323 1429 326 1445 υ
359 1421 458 1460 veteres
477 1404 569 1477 glossa
591 1403 664 1456 «huc
684 1406 821 1457 secessisse
839 1406 971 1471 Persium,
989 1421 1099 1479 propter
1120 1407 1237 1477 Fulviam
1256 1408 1396 1460 Sisenniam

359 1498 468 1538 matrem
478 1504 566 1550 suam,
582 1502 639 1556 quc
650 1496 712 1554 post
723 1497 835 1536 mortem
849 1485 943 1556 prioris
957 1487 1019 1558 riri,
1034 1485 1071 1538 ibi
1082 1499 1167 1558 nupta
1181 1500 1237 1538 erat
1247 1487 1340 1558 Liguri
1348 1488 1397 1538 cui·
1504 1487 1505 1514 l

359 1565 431 1634 dam,
443 1578 488 1617 aut
500 1565 623 1617 Lunensi.
634 1557 811 1638 u-‘-1rlttepet,¹
820 1562 874 1615 Cic.
885 1565 923 1615 De
933 1577 1019 1617 natur.
1031 1567 1109 1618 Deor.
1119 1567 1156 1628 ΙΙ,
1171 1563 1220 1620 26:
1235 1588 1246 1612 ι
1259 1569 1340 1618 maria
1351 1567 1397 1636 agi·

358 1659 413 1697 tata
423 1645 506 1697 ventis
518 1645 554 1694 ita
564 1651 709 1712 tepescunt,
724 1654 754 1692 ut
767 1641 877 1714 intelligi
890 1641 967 1694 facile
976 1645 1081 1714 possint
1091 1645 1118 1694 iu
1132 1637 1212 1696 lautis
1221 1642 1273 1696 illis
1287 1644 1397 1698 humon'·
1504 1657 1505 1666 ¹

358 1721 408 1776 bus
432 1721 563 1776 inclusum
584 1739 642 1773 esse
662 1717 779 1771 calorem
799 1740 805 1770 ε
827 1738 877 1773 nec
898 1722 969 1772 enim
990 1719 1034 1775 ille
1053 1736 1175 1774 externus
1194 1737 1221 1775 et
1243 1723 1398 1776 adventitius
1504 1729 1505 1732 ’

304 1846 306 1850 .
357 1803 495 1856 habendus
512 1815 551 1854 est
567 1813 652 1874 tepor,
666 1798 712 1852 sed
724 1819 755 1852 cx
763 1801 861 1853 intimis
878 1803 956 1854 maris
969 1802 1090 1873 partibus
1100 1806 1243 1875 agitatione
1257 1801 1397 1870 excitatus,

358 1884 431 1957 quod
445 1885 541 1936 nostris
554 1901 660 1956 quoque
673 1881 829 1954 corporibus
843 1884 987 1953 contingit,
996 1903 1077 1956 quum
1088 1897 1248 1958 metuatque
1259 1889 1397 1956 agitatione

358 1965 552 2018 recalescunt.»
570 1965 658 2015 Potest
671 1975 698 2014 et
709 1963 827 2034 intepere
837 1981 868 2014 ea
885 1981 944 2028 ora,
960 1965 1021 2033 quia
1035 1963 1148 2016 reductis
1161 1966 1291 2016 montium
1306 1979 1333 2016 et
1344 1985 1397 2021 sco-

359 2041 484 2113 pulorum
494 2041 677 2094 cacuminibus
689 2058 704 2091 a
715 2042 800 2092 ventis
811 2053 837 2092 ct
850 2041 947 2111 frigore
962 2040 1308 2096 defenderun—-Hiberuot
1320 2064 1397 2105 mam

357 2123 416 2172 Vet.
430 2119 518 2174 schol.
538 2121 654 2187 asevis,
665 2122 774 2191 navigiis
786 2134 871 2176 coust.
888 2121 961 2172 Sicut
979 2141 1058 2174 naves
1076 2121 1211 2175 hibernare
1222 2123 1353 2190 dicimus,
1366 2128 1396 2177 sic
1505 2165 1506 2186 2

358 2215 384 2254 ct
398 2220 483 2268 mars,
497 2221 578 2273 quum
597 2221 652 2256 nou
665 2203 833 2272 navigatura
854 2202 946 2254 Horat.
958 2202 1011 2255 Sat.
1022 2204 1059 2270 ΙΙ,
1072 2219 1101 2269 n,
1116 2219 1145 2272 ¹7
1159 2222 1166 2260 τ,

586 2316 708 2360 Defendens
719 2315 788 2373 pisces
798 2316 880 2360 hiemat
891 2331 958 2384 mare.

357 2418 462 2472 Sallust.
479 2443 491 2467 ι
503 2421 585 2493 Aquis
599 2418 799 2472 hiemantibus.-
816 2417 908 2470 Senec.
919 2419 1002 2489 Epist.
1011 2420 1109 2472 CXIV:
1123 2442 1134 2466 ιι
1146 2420 1255 2472 Hiemat
1263 2440 1337 2474 mare
1347 2445 1358 2469 ι
1367 2450 1397 2460 -

356 2502 529 2564 Meum5uon
543 2500 627 2553 solum
640 2497 713 2571 quod
725 2501 782 2570 ejus
794 2517 864 2551 nuuc
879 2517 950 2552 oram
966 2499 1078 2566 accolit,
1095 2499 1141 2552 sed
1155 2503 1233 2553 etiam
1248 2505 1311 2574 quia
1325 2519 1396 2555 natus

318 2628 323 2640 ,
356 2579 513 2645 volaterris,
527 2579 626 2651 oppido
638 2580 764 2630 lletruriae
768 2618 778 2644 ,
789 2593 899 2649 propter
906 2577 957 2630 hoc
966 2580 1150 2649 mare-Qua
1161 2578 1228 2632 latus
1239 2581 1330 2653 ingens
1339 2582 1398 2634 dunt

356 2659 458 2732 scopuli
463 2681 473 2721 ‚-
487 2657 611 2710 describit
623 2659 703 2709 Lunae
717 2658 938 2728 promontorium.
952 2658 1030 2710 Coos.
1043 2657 1105 2710 huic
1119 2657 1291 2730 descriptioni
1305 2659 1396 2712 similes

356 2738 432 2791 locos
441 2739 531 2809 virgil.
544 2737 646 2790 AEneid.
656 2739 677 2804 Ι,
689 2737 737 2793 163
750 2755 824 2810 sqq.;
837 2737 873 2789 ld.
883 2736 948 2790 ibid.
961 2739 1010 2806 ΙΙΙ,
1026 2739 1091 2801 533;
1105 2737 1192 2792 Valer.
1202 2738 1291 2792 Flacc.
1303 2743 1324 2807 Ι,
1334 2739 1396 2809 619;

357 2818 448 2871 Claud.
461 2821 558 2885 XLIX,
570 2819 619 2882 36;
631 2816 715 2870 Strab.
728 2817 760 2867 V.

391 2944 459 2996 Nor.
474 2941 498 2994 8.
511 2944 546 3014 Et
555 2939 639 2995 multa
653 2938 725 2994 littus
737 2960 762 2994 se
775 2939 845 2994 valle
859 2941 1139 3015 receptat-Videtur
1154 2941 1251 2996 vellem
1269 2943 1397 3017 appellare

357 3035 522 3076 curvaturam
537 3021 621 3076 lunmi
635 3020 745 3088 littoris,
764 3021 836 3092 quod
853 3024 936 3075 maria
949 3036 1077 3096 penetrat.
1097 3025 1188 3076 Sinum
1203 3026 1272 3076 enirn
1289 3024 1327 3077 ibi
1338 3027 1397 3078 fecit

357 3117 453 3155 natura
464 3105 661 3168 suavissimum,
675 3115 702 3154 et
711 3101 839 3154 deflexum
851 3103 924 3156 littus
936 3105 962 3155 iu
973 3105 1085 3156 formam
1094 3102 1165 3155 lunoe
1173 3117 1315 3168 cursatur3
1330 3103 1396 3156 uude

359 3201 456 3234 nomen
466 3185 522 3254 ejus
531 3195 632 3253 portus.
645 3181 707 3238 vid.
721 3182 806 3243 Strsb.
817 3183 870 3236 loc.
881 3185 924 3235 cit.

388 3305 449 3351 Vna.
458 3319 481 3365 9.
495 3301 570 3350 mnu
577 3311 669 3367 portum
681 3311 716 3348 est
723 3317 797 3365 operoe
811 3317 953 3366 coquosrare,
967 3304 1033 3348 dues.
1042 3329 1071 3372 -7
1081 3305 1117 3348 Sic
1128 3302 1207 3359 lerum
1217 3303 1293 3351 MMS.
1304 3305 1395 3364 Codices

356 3373 475 3430 nonnulli;
490 3376 522 3420 sic
535 3387 673 3436 receperunt
686 3375 842 3430 britannicus,
858 3375 1021 3431 Cauchorum,
1034 3377 1147 3431 Prataeus,
1159 3377 1256 3436 konig,
1271 3375 1394 3422 laudatissi-

356 3444 435 3506 mique
451 3443 574 3490 editorum.
592 3443 725 3488 —Ferunt
743 3442 781 3488 alii
799 3443 872 3491 MMS.
891 3444 988 3491 Codices
1006 3455 1029 3492 et
1044 3445 1194 3492 vetustissima
1215 3459 1243 3489 ex
1259 3444 1395 3490 editionibus

358 3513 450 3562 Gallicis
460 3530 466 3560 s
1171 3507 1173 3514 ⁴

500 3598 570 3641 Lunai
581 3607 672 3656 portum
685 3597 730 3658 (est
739 3595 822 3657 operas)
834 3599 968 3656 cognoscite,
979 3597 1041 3643 circa.

358 3714 427 3762 quem
439 3699 463 3745 iu
471 3700 567 3746 modurn
577 3700 671 3748 edidere
681 3703 772 3749 Passow
783 3714 807 3748 et
817 3700 954 3756 Aelaintre,
969 3700 1086 3748 editorum
1097 3700 1223 3746 novissimi.
1236 3699 1310 3746 Nimis
1323 3701 1395 3762 requi·

357 3771 399 3815 sita
409 3781 432 3816 et
441 3787 524 3842 parum
534 3773 654 3818 commoda
664 3772 754 3820 videtur
764 3789 790 3818 ea
802 3774 959 3826 constructi03
972 3769 1135 3844 simpliciorem
1144 3768 1243 3831 pratuli.

392 3893 459 3944 Nor.
474 3909 501 3962 9.
516 3891 604 3943 Lnna'i
612 3905 718 3965 portum
730 3905 767 3947 est
776 3911 859 3967 operte
871 3911 1033 3967 copnosoere,
1046 3893 1248 3945 ciues-Vsum
1267 3903 1307 3942 est
1322 3891 1394 3941 Ennii

358 3987 459 4036 versus,
475 3972 519 4042 qui
527 3971 625 4022 Nostro
634 3971 702 4023 redit
711 3975 738 4024 in
751 3974 1030 4042 memoriam,etcujus
1041 3973 1196 4023 auctoritate
1205 3970 1256 4021 loci
1268 3988 1395 4020 commen·

357 4049 403 4101 dat
413 4053 605 4117 minuitatem,
620 4051 665 4104 ubi
676 4051 756 4123 degit.
765 4084 799 4092 -
810 4055 894 4106 Lunai
902 4073 950 4125 pro
963 4053 1056 4119 Mne,
1071 4066 1101 4104 ut
1114 4051 1186 4122 apud
1194 4043 1293 4103 veteres
1306 4063 1394 4121 poetas

359 4131 496 4202 ipsumque
511 4134 629 4203 inprimis
647 4134 760 4186 Ennium
773 4132 902 4188 solemne:
919 4135 1028 4186 recurrit
1043 4148 1069 4186 et
1080 4153 1112 4184 ea
1125 4133 1209 4184 forma
1219 4129 1292 4202 apud
1303 4131 1394 4181 Lucre-

359 4211 438 4278 tium,
450 4212 520 4283 apud
529 4215 666 4287 Virgilium
676 4215 804 4288 aliosque.
816 4217 901 4284 hena,
913 4216 974 4268 urbs
984 4217 1034 4268 fuit
1043 4217 1168 4268 lletruriac
1178 4214 1358 4283 antiquissimi
1368 4211 1392 4260 iu
