3006 4934
391 519 439 582 IN
464 519 675 584 sertitem
697 519 902 586 pulutat
1127 526 1178 594 53·

120 649 197 712 gaius
207 661 234 692 ae
243 645 273 691 de
284 641 437 708 praecedenti,
449 654 521 704 qoam
531 641 570 689 dit
580 655 691 690 censam
698 653 773 691 totam
783 659 832 691 esse
841 646 944 692 muris
952 661 1023 709 quem
1032 653 1106 714 eupit
1117 655 1171 700 Per-

120 721 181 772 sius,
200 714 239 761 eiii
250 713 296 760 boc
309 713 407 760 verbnm
418 716 451 759 sic
465 713 570 759 tribuant
579 714 665 760 Persio.
677 715 763 760 Nauna
778 713 835 762 attat
846 719 961 764 metentis
975 719 1029 766 satis
1043 721 1169 782 probaton

120 801 194 850 qnam
207 784 239 831 ob
254 797 347 832 eam
362 783 422 830 inira
436 783 536 830 docebo.
551 785 666 830 Ceterum
679 782 737 830 nittt
749 786 779 832 ad
792 785 838 834 boc
852 787 911 834 ineis
924 799 958 835 est
968 790 994 834 in
1008 791 1171 854 mannmnptir

121 857 196 902 Cndd.
206 881 238 892 ·-·
247 855 399 902 &sanbonus
412 869 437 899 se
449 854 568 900 invenisse
582 853 638 900 dicit
651 867 732 900 conua
742 854 812 902 iidem
822 869 928 906 veterum
938 860 1139 920 membranarum,
1156 881 1171 910 a

120 930 214 976 Poens'no
221 945 267 992 pro
276 928 404 990 Apenrsino.
416 927 462 972 Ubi
472 927 603 982 invenerit,
613 943 689 990 quave
700 928 789 975 ratione
797 930 979 994 interpretetur,
989 932 1048 979 nihii
1056 947 1145 982 monet.

155 1035 222 1086 Nor.
241 1031 284 1103 95
293 1033 337 1086 Sic
344 1041 440 1086 essum
448 1031 1034 1104 ionpoatbdutimusdpennino.—0bsenra
1041 1040 1171 1108 lectione,

119 1131 212 1168 musas
225 1128 266 1167 est
278 1115 423 1167 obscurus:
441 1116 541 1166 «liano
553 1113 937 1190 versum,oit1ioenip,piane
949 1137 1005 1171 non
1016 1122 1143 1192 intelligo.
1156 1141 1169 1170 s

116 1197 295 1250 -Metsunn
304 1195 360 1249 baec
368 1195 459 1248 omnia
468 1194 547 1248 verba
557 1213 575 1248 a
583 1195 782 1268 berecynthiae,
794 1215 878 1269 usque
888 1199 922 1250 ad
929 1201 1082 1272 Apennino,
1091 1205 1171 1258 nnius

117 1277 251 1343 macteris,
265 1278 344 1328 unios
356 1276 457 1329 tenoris
474 1289 532 1326 esse
548 1273 703 1340 arbitrator,
718 1287 745 1326 et
761 1278 788 1327 iu
805 1274 878 1330 hunc
893 1278 1000 1332 modurn
1014 1277 1169 1352 distinguit:

63 1380 64 1388 ι
116 1352 637 1428 Bmeyntbisndttin,etquicmruisum
647 1353 1169 1430 dirimeiatNemuDeipisinesiecostom

118 1435 199 1509 ionpo
209 1435 374 1488 subduximus
383 1432 534 1506 Apennino.
549 1434 600 1504 egi
612 1447 691 1504 putat
704 1433 738 1486 de
752 1435 847 1488 itinera
862 1436 1008 1502 maritimo,
1023 1439 1096 1510 qnod
1110 1459 1172 1492 eon-

118 1518 233 1569 ieeerint
245 1516 352 1589 widem
364 1514 515 1569 sacerdotes
527 1533 560 1568 er
571 1513 664 1568 ordine
675 1515 799 1588 Cybeles,
812 1529 859 1569 aut
869 1517 953 1582 Gaiii3
967 1533 1046 1592 atque
1057 1519 1111 1573 hoe
1123 1524 1172 1574 iter

120 1601 272 1669 comparari
280 1615 340 1650 cum
347 1599 448 1664 itinere,
458 1596 529 1669 qnod
537 1595 612 1648 Attin
621 1598 731 1670 eiusque
736 1594 852 1670 Delphin
860 1601 961 1652 emensi
967 1601 1084 1654 inerunt.
1094 1605 1171 1654 Hune

119 1678 157 1730 ait
171 1694 230 1730 esse
240 1695 361 1730 sensnm:
376 1693 448 1728 mare
460 1676 599 1741 sentirent,
614 1686 645 1727 nt
655 1676 732 1729 Attin
744 1687 872 1748 petronus
885 1689 980 1746 noster,
994 1690 1024 1732 ut
1038 1681 1171 1752 Deipbin,

117 1775 198 1830 quem
206 1757 275 1810 idern
285 1755 331 1810 iiis
339 1755 415 1810 Attin
427 1757 553 1810 Sabazius
561 1755 795 1828 nenerprodustitr
804 1769 883 1830 etque
895 1759 932 1810 ite
944 1757 1024 1832 ionpo
1035 1761 1173 1833 Apennini

117 1837 192 1890 dorso
205 1845 301 1890 costam
315 1835 450 1909 (partem)
463 1833 613 1906 eripuimus.
627 1838 715 1905 Quam
730 1835 901 1890 eruditissimi
914 1837 1029 1892 bominis
1043 1840 1173 1912 interpre-

117 1919 246 1970 tationem
259 1917 356 1992 Koenip
372 1935 428 1968 non
444 1915 562 1983 admisit,
580 1918 627 1988 qui
640 1915 745 1980 retalit3
759 1930 799 1984 et,
816 1929 845 1968 ut
858 1919 964 1988 opinor,
973 1920 1041 1988 jure.
1054 1919 1171 1987 -Qoid

117 2000 235 2050 sentiam
244 1998 278 2050 ds
289 1997 403 2068 hujusce
410 2015 503 2050 versus
514 1998 580 2049 vitio
591 1996 708 2068 Scaliger
719 2010 745 2050 et
757 1997 941 2064 Casaubonas,
950 2001 1005 2070 jam
1020 2016 1102 2072 sopra
1113 2017 1171 2051 me·
1203 2059 1206 2064 ¹

117 2080 218 2130 morari
225 2099 233 2142 ;
242 2075 276 2128 de
284 2077 348 2129 vitio
359 2075 469 2148 quidem
477 2075 599 2128 dixeram
610 2076 726 2149 aliquid,
735 2075 769 2130 de
778 2095 858 2130 nasu
866 2096 970 2149 parum.
978 2081 1172 2150 -Opinantnr

116 2157 242 2209 nonnulii
253 2159 373 2210 Persium
384 2155 425 2208 his
438 2154 557 2209 versibus
570 2157 618 2228 93,
631 2158 680 2226 94,
692 2155 742 2226 95,
754 2157 796 2210 rel
804 2161 894 2230 potins
906 2173 1030 2210 versuum
1038 2159 1172 2230 fragmen·

116 2238 165 2302 tis,
177 2237 298 2309 exempla
311 2239 408 2290 afferre
415 2236 529 2290 voluisse
536 2237 717 2290 eiomuiarum
724 2238 859 2306 moiiium,
870 2256 936 2310 quas
943 2237 1077 2291 damnarit
1084 2240 1171 2307 Quin-

116 2317 240 2385 tiliantn,
249 2321 301 2382 tx,
312 2318 341 2384 4:
355 2340 367 2364 ι
376 2319 423 2370 Eat
432 2321 460 2369 in
470 2337 502 2370 oo
512 2337 621 2390 quoqne
630 2317 766 2385 nonnihil,
777 2319 904 2391 quoditie
915 2320 958 2386 (in
969 2320 1090 2392 exemplo
1101 2319 1172 2392 qnod

119 2395 225 2464 retulit)
235 2397 342 2467 singuiis
351 2396 438 2448 verbis
448 2395 506 2446 hini
517 2396 600 2467 pedes
610 2399 790 2461 continentur,
803 2397 876 2468 qnod
884 2400 911 2448 in
921 2399 1082 2451 carminibus
1092 2401 1171 2450 etiarn

120 2473 249 2544 permolle
263 2495 269 2524 ι
285 2493 336 2526 nen
348 2475 436 2526 solnm
447 2472 494 2524 nbi
507 2474 593 2542 quinte
605 2473 711 2544 syiiabn
723 2487 876 2538 neetnnttrr,
889 2489 920 2527 ot
930 2476 957 2526 in
967 2475 1022 2541 hie,
1030 2478 1171 2548 fortissime
1237 2511 1240 2519 .

122 2553 336 2624 Tyndaridarum
344 2575 353 2613 ,·
369 2551 508 2604 sedetiam
522 2551 569 2601 ubi
586 2565 736 2622 quaternae,
751 2571 833 2622 quum
846 2571 938 2604 versus
954 2554 1069 2606 cluditur
1083 2557 1172 2626 Apert-

118 2634 199 2700 nino,
209 2646 236 2685 et
244 2632 435 2698 Annomentis,
445 2644 471 2682 et
482 2633 587 2684 Oriona.
597 2654 608 2678 ι
619 2631 653 2682 Et
661 2629 768 2700 quidem
776 2632 874 2682 Anton
886 2631 978 2684 Luiius
987 2636 1173 2704 grammaticus

116 2713 176 2781 LV,
187 2733 211 2766 c.
222 2730 262 2777 rr,
271 2713 327 2765 haec
335 2713 455 2783 scripsit:
469 2736 481 2759 ι
489 2713 601 2779 Quoties
610 2730 642 2763 ea
653 2710 740 2784 inagis
748 2709 877 2764 inbreves
883 2711 1019 2765 decumbit
1026 2713 1174 2786 rhythmus,

115 2792 204 2846 meilis
215 2794 336 2866 seqnitur
345 2793 519 2863 compositio,
528 2803 571 2842 ott
583 2791 635 2860 Qui
641 2790 779 2842 cornicum
786 2791 1015 2846 dirimebetNeree
1023 2793 1149 2864 Delphin.
1159 2819 1169 2843 ι

116 2875 204 2942 Quem
215 2873 461 2945 interpretationem
474 2871 523 2920 etsi
532 2869 649 2921 Menan·
658 2870 877 2940 interpretatione
884 2872 970 2924 minos
981 2873 1137 2944 exquisitam
1146 2886 1171 2924 et

115 2953 198 3024 magis
208 2965 328 3026 apertam
335 2951 443 3024 judico,
453 2949 537 3000 nolim
547 2960 635 3000 tamen
645 2947 793 3001 admittere.
802 2951 896 3020 Neque
906 2952 976 3002 enim
986 2969 1096 3024 possum
1106 2951 1170 3004 mihi

114 3037 143 3088 ia
154 3035 271 3088 animum
284 3031 424 3099 inducere,
438 3044 542 3086 tentum
552 3031 641 3082 Persio
654 3028 766 3082 movisse
779 3029 968 3102 indignationis
977 3034 1083 3101 vitium,
1096 3033 1167 3106 quod

116 3117 144 3167 in
154 3118 212 3188 ipso
222 3115 348 3182 Horatio,
361 3131 441 3186 quem
451 3109 519 3172 adeo
529 3109 634 3178 dilexit,
646 3111 731 3182 majus
743 3123 876 3178 recurrat,
889 3131 967 3184 quarn
979 3115 1006 3166 in
1017 3134 1049 3167 eo
1060 3129 1168 3168 auctore

118 3200 165 3268 qui
177 3217 249 3250 nunc
264 3195 432 3249 describitur.

152 3277 191 3328 Ex
202 3279 232 3329 iis
244 3279 321 3329 variis
333 3275 493 3329 lectionibus
506 3285 532 3326 et
544 3273 720 3345 conjecturis,
733 3271 830 3345 quibus
841 3270 914 3326 hune
926 3271 1016 3326 iocum
1027 3293 1083 3346 pre
1095 3289 1169 3328 cute·

118 3355 153 3408 ris
164 3350 206 3406 rel
218 3367 384 3426 corruptum,
393 3352 436 3406 vel
448 3353 593 3406 obscurum
604 3365 631 3404 et
642 3351 848 3405 inextricabilem
856 3355 993 3406 restituere
1002 3365 1027 3405 et
1035 3351 1168 3406 iilustrare

116 3435 207 3488 eonati
220 3447 280 3486 sunt
290 3433 522 3506 interpretes,hoc
530 3451 613 3485 unum
622 3446 740 3500 constat,
750 3432 793 3484 iric
803 3431 901 3486 relatos
914 3433 994 3486 inisse
1006 3433 1095 3486 Persio
1106 3433 1168 3486 maii

115 3513 255 3588 cujusdam
265 3527 365 3588 poetae,
375 3517 488 3567 Neronis
498 3513 626 3578 fortasse,
635 3529 728 3565 versus
740 3525 785 3564 aut
797 3529 921 3565 versuum
934 3515 1096 3586 fragmenta,
1112 3531 1168 3585 qum

115 3593 292 3650 derideantur.
307 3595 340 3648 At
349 3613 413 3648 vero
424 3597 451 3648 in
461 3597 493 3648 iis
502 3591 621 3647 versurus
631 3592 727 3662 verba,
742 3613 799 3666 qum
812 3597 864 3646 sint
876 3593 933 3664 ejus
945 3595 1074 3661 auctoris,
1088 3593 1121 3646 ab
1137 3597 1168 3645 iis

114 3697 173 3750 quae
182 3680 233 3730 sint
241 3681 326 3750 ipsius
333 3679 414 3731 Persii
421 3672 647 3744 discernere,haee
656 3687 696 3727 est
702 3676 760 3748 ipsa
770 3675 824 3726 ioci
831 3671 986 3744 difficultas,
998 3695 1077 3750 quarn
1087 3693 1166 3728 uerno

21 3777 25 3794 ·
114 3759 178 3810 satis
191 3771 282 3828 aperte
295 3757 457 3810 enodaverit.
469 3759 530 3809 Haec
543 3768 583 3808 est
597 3768 700 3823 tamen,
713 3773 793 3826 quam
806 3753 900 3808 toliere
912 3753 1167 3822 necessesitmtati-

114 3837 180 3909 qnid
189 3840 217 3889 in
229 3854 310 3890 sensu
322 3837 389 3890 lucia
402 3839 509 3888 oriatur.
529 3839 558 3888 in
571 3836 623 3889 hoc
636 3855 677 3888 me
690 3834 791 3908 aiiqnid
802 3837 948 3908 proiecisse
958 3835 1033 3888 baud
1045 3833 1168 3922 equidem

113 3915 180 3968 mibi
197 3918 323 3970 conscius
343 3935 417 3978 ιιιιιις
437 3916 578 3969 lectionem
594 3927 682 3967 umen
701 3929 729 3966 et
746 3917 1010 3987 interpretationem,
1030 3931 1088 3986 qun
1103 3909 1168 3963 mibr

115 3998 198 4068 magis
209 3997 328 4070 placeat,
341 3999 469 4062 referam,
480 4015 535 4050 nnn
548 3999 575 4048 in
588 4015 659 4049 rann
671 3995 756 4050 landis
768 4000 1009 4070 comparationem,
1022 3993 1069 4047 sed
1078 3991 1167 4044 studio

114 4077 170 4128 veri
187 4073 300 4129 ridendi.
323 4077 422 4130 Versus
434 4073 483 4147 93,
495 4077 543 4144 94,
557 4075 591 4147 95
608 4095 639 4128 ex
656 4079 900 4149 manuscriptorum
917 4091 1038 4128 meorum
1056 4069 1108 4124 tide
1126 4087 1166 4126 at-

115 4173 170 4229 que
182 4173 213 4208 ez
226 4160 284 4232 ipso
295 4172 389 4211 tenore
402 4161 530 4211 orationis
543 4161 580 4210 sic
593 4157 646 4230 legi
654 4157 746 4211 veiim:

319 4247 423 4292 ciaudere
432 4250 463 4292 sic
473 4261 558 4292 versum
568 4248 643 4294 didicit
652 4249 806 4308 Berecynthia·
814 4248 879 4298 iuis,
