2970 4936
242 669 512 782 VARIAE
552 669 992 786 LECTIONES
1063 678 1066 686 ’

489 917 561 991 ar
587 915 744 994 Noun

365 1127 410 1188 m
432 1129 621 1192 strtnln
642 1129 869 1208 Quanam.

93 1554 130 1606 lits
140 1554 235 1606 Sama
246 1556 291 1607 Ν.
307 1521 344 1608 N
347 1571 397 1608 utto
412 1558 466 1628 agit
483 1557 517 1608 de
535 1556 645 1628 politica
664 1559 718 1608 vita
735 1557 854 1623 Persius,
874 1557 918 1626 qui
937 1554 1017 1626 paulo
1033 1567 1093 1608 ante
1107 1555 1140 1606 de

93 1633 191 1702 privata
204 1647 310 1704 egerat;
321 1652 408 1706 neque
422 1633 501 1688 aliam
515 1637 651 1708 professus
661 1655 693 1688 ac
705 1637 828 1708 superius
839 1633 1004 1702 doctrinam,
1019 1633 1140 1707 disputa-

1 1733 2 1736 *
93 1713 191 1764 tionem
200 1712 273 1766 hane
283 1733 390 1766 omnem
403 1713 514 1766 solemni
526 1713 572 1768 illo
582 1735 631 1768 suo
641 1713 816 1768 fundamento
828 1715 980 1782 constituit,
992 1733 1048 1768 rem
1059 1733 1141 1766 unam

93 1794 570 1866 esseotnniutn,quaprtestetbornini
577 1792 1149 1866 bomo,sapientiant3deienditquemaxime.

1 1918 2 1923 ,
94 1887 148 1922 esse
159 1877 358 1939 necessarium,
370 1877 474 1946 sapiant
489 1889 515 1926 et
529 1875 581 1945 ipsi
594 1876 737 1946 Principes.
750 1873 832 1942 Quod
844 1874 951 1946 quidem
962 1887 1083 1926 nontam
1097 1892 1140 1924 ar-

95 1953 273 2019 gumentando
289 1953 454 2006 confirmavit
464 1967 561 2025 poeta,
574 1973 654 2027 quam
669 1970 715 2006 eos
727 1951 878 2019 irridendo,
890 1954 935 2022 qui
947 1951 982 2004 atl
994 1949 1140 2021 rempubli-

1 2071 2 2098 ἶ
94 2047 148 2081 cam
157 2030 293 2086 imberbes
303 2032 449 2100 accedunt,
459 2047 598 2105 totamque
607 2035 739 2086 civitatem
748 2034 896 2104 suscipiunt
907 2029 1141 2084 administrandam

1 2159 2 2166 ,
95 2110 133 2161 rel
147 2115 189 2164 sui
202 2116 373 2186 impotentes.

1 2257 2 2276 ,
129 2191 178 2244 llic
197 2213 262 2246 vero
282 2198 371 2266 gravis
392 2199 509 2249 exoritur
526 2200 595 2249 inter
612 2208 822 2248 commentantes
839 2195 985 2247 contentio.
1007 2193 1060 2260 Qui
1081 2203 1143 2242 sunt

1 2281 2 2314 t
96 2272 165 2322 enirn
177 2271 216 2326 illi
227 2277 375 2349 principes,
385 2295 453 2348 quos
463 2276 509 2330 hic
521 2277 661 2349 descripsit
671 2277 791 2328 Persius?
805 2277 863 2347 quis
875 2271 982 2326 tandem
996 2286 1036 2325 est
1045 2271 1089 2324 ille
1097 2277 1143 2343 ju-

1 2385 2 2394 r
96 2352 165 2402 venis
176 2353 344 2423 Alcibiades,
357 2360 433 2427 eujus
446 2358 622 2410 temeritatem
633 2375 664 2408 ac
676 2374 763 2407 mores
772 2370 854 2427 poeta
865 2353 915 2406 sub
926 2371 1039 2424 persona
1051 2351 1143 2403 Socra-

1 2429 2 2512 i
98 2430 130 2480 tis
145 2434 237 2486 scrita
249 2438 422 2508 perstringit?
440 2435 492 2488 Alii
505 2436 561 2488 hec
573 2439 602 2488 in
613 2438 767 2488 universum
781 2433 853 2484 dicta
867 2451 925 2484 esse
938 2444 1045 2504 putant,
1057 2449 1144 2501 neque

1 2514 2 2582 i
100 2507 154 2559 lieri
168 2514 285 2580 potuisse
299 2515 482 2581 contendunt,
498 2529 529 2568 ut
545 2516 650 2567 Persius
667 2517 854 2585 imperatorem
873 2529 951 2564 suum
967 2509 1144 2579 eumdemque

1 2599 2 2658 p
99 2586 304 2644 crudelissimum
320 2606 459 2666 tyrannum
472 2593 594 2647 versibus
607 2605 758 2664 appeteret;
776 2588 855 2682 altius
871 2593 1031 2661 spectavisse
1045 2590 1143 2660 gravis-

1 2667 2 2728 f
98 2666 189 2718 simum
202 2666 357 2737 ltominem,
370 2685 395 2724 et
407 2675 541 2744 principes
554 2676 746 2744 cujuscumque
756 2689 816 2736 aevt,
829 2673 1021 2740 cujuscumque
1029 2669 1144 2718 nominis

1 2760 2 2808 ζ
98 2743 193 2812 forent,
207 2750 230 2798 si
240 2749 324 2802 modo
334 2751 451 2823 improbi
461 2753 549 2803 forent
559 2765 584 2804 et
594 2749 789 2822 imprudentes,
800 2750 827 2800 in
837 2769 892 2802 uno
904 2748 1144 2820 representavisse;

1 2823 2 2893 ,
99 2824 209 2878 ticinum
219 2847 279 2884 esse
288 2830 481 2903 philosophice
489 2832 666 2904 disputationi
675 2831 839 2886 Socraticum
849 2829 921 2884 hunc
932 2847 1077 2882 sermonem
1084 2867 1092 2894 ,
1099 2831 1144 2900 qni

1 2905 2 2968 ᾗ
100 2903 175 2956 luerit
188 2926 203 2959 e
216 2908 337 2962 Platonis
354 2911 461 2983 dialogo
475 2914 588 2982 petitus,
603 2913 647 2964 cui
659 2909 812 2964 inscribitur
824 2911 902 2962 Prior
915 2908 1068 2960 Alcibiades.
1084 2911 1144 2960 Hoec

1 3021 2 3053 3
99 2997 156 3035 sunt
170 3006 227 3058 quae
241 2993 360 3044 sentiant
372 2990 498 3044 nonnulli
516 2989 630 3044 editores
646 3005 727 3062 atque
746 2992 824 3042 etiam
838 2989 1027 3052 recentissimi,
1042 3007 1073 3039 ac
1088 3005 1144 3040 sese

1 3133 2 3139 ἵ
99 3070 274 3121 vetustissimo
287 3084 396 3124 tuentur
410 3074 602 3124 commentario
615 3070 742 3137 Cornuti,
757 3072 802 3141 qui
816 3069 917 3120 nullam
932 3069 996 3120 fecit
1011 3085 1098 3138 neque
1112 3065 1145 3120 tle

1 3153 4 3218 }‚
99 3141 214 3214 Nerone,
224 3167 317 3221 neque
324 3149 357 3204 tle
367 3150 421 3203 alio
430 3169 564 3222 quoquam
575 3151 695 3222 principe
706 3153 816 3202 romaric
826 3150 997 3200 mentionem.
1008 3146 1060 3198 Alii
1069 3165 1144 3210 vcro,

1 3231 2 3240 ¹
99 3236 123 3274 et
133 3227 240 3295 quidem
252 3231 356 3302 plures,
373 3231 429 3285 haec
442 3234 470 3284 in
483 3235 665 3284 Romanorum
678 3233 813 3303 principes
827 3230 1010 3301 imprimisque
1023 3230 1051 3279 in
1062 3229 1145 3280 Nero·

101 3319 155 3355 uem
168 3309 268 3380 scripta
281 3310 362 3363 fuisse
376 3311 559 3364 contendunt:
576 3312 650 3381 cujus
664 3312 796 3381 opinionis
810 3321 946 3360 auctorem
957 3305 1145 3360 Gasaubonum

101 3391 311 3459 operaepretium
327 3403 366 3443 est
380 3391 485 3460 audire,
500 3390 541 3445 vel
553 3391 635 3463 paulo
649 3391 734 3443 fusius
749 3409 798 3463 pro
812 3406 859 3441 suo
874 3407 946 3440 more
958 3387 1145 3440 disserentem:

101 3465 226 3523 sllerone
238 3474 374 3544 principe,
391 3483 491 3544 quanta
506 3474 584 3525 fuerit
598 3471 731 3524 bonorum
743 3471 838 3522 civium
854 3468 1016 3539 indignatio,
1031 3481 1145 3539 quantus

98 3562 200 3616 mter,
211 3569 294 3622 quum
302 3551 421 3604 siderent
427 3551 633 3624 perditissimum
640 3553 764 3622 juvenem
773 3550 1013 3621 imperioRomano
1020 3547 1145 3612 illudere,

99 3623 171 3679 nette
183 3631 270 3682 cuivis
279 3633 408 3684 aestituare
417 3645 467 3684 est.
477 3632 571 3704 Neque
581 3629 757 3684 dubitandum
765 3627 892 3700 praeclara
904 3629 1024 3698 ingenia,
1035 3628 1145 3698 quasilla

2 3719 3 3728 ¹
100 3717 253 3780 tempestate
267 3729 322 3762 non
335 3731 423 3783 pauca
438 3712 627 3780 effloruerunt,
640 3729 707 3782 segre
719 3730 747 3762 se
758 3710 936 3776 continuisse,
950 3710 1091 3779 quominus
1105 3711 1146 3760 in·

99 3791 173 3856 genui
185 3788 287 3843 doloris
301 3793 453 3845 testimonia
469 3793 649 3846 monumentis
666 3793 720 3844 suis
734 3791 862 3862 impressa
877 3787 910 3840 ad
923 3801 1044 3858 posteros
1059 3801 1146 3840 traus-

2 3917 3 3920 ,
103 3869 248 3923 mitterent:
267 3876 345 3944 cujus
362 3876 402 3926 rei
418 3872 459 3926 vel
475 3876 553 3926 unius
569 3874 663 3926 Annaei
675 3874 777 3925 Lucani
792 3869 929 3924 Pharsalia
944 3867 1049 3922 abunde
1066 3868 1145 3920 fidem

2 3999 3 4006 χ
103 3943 171 3998 nobis
186 3949 287 4002 fecerit.
301 3953 372 4004 Vixit
389 3953 457 4004 inter
469 3964 578 4004 caeteros
591 3950 729 4006 nobilioris
743 3953 843 4022 ingenii
857 3951 926 4002 viros
939 3965 1029 4000 eorum
1044 3959 1147 4016 tempo·

101 4043 153 4078 rum
160 4041 185 4079 et
192 4043 274 4100 poeta
281 4046 380 4100 noster,
388 4032 502 4085 duorum
510 4051 671 4086 summorum
681 4031 835 4099 hominum,
847 4030 911 4083 Poeti
922 4028 1056 4090 Thrasea,
1068 4038 1092 4076 et
1104 4027 1146 4098 ip·

100 4105 150 4156 sius
163 4105 263 4162 Lucani
279 4112 379 4164 amicus
399 4131 429 4164 ac
445 4111 588 4166 familiaris.
607 4113 656 4164 llic
670 4131 751 4184 quum
766 4110 994 4182 impatientissime
1009 4107 1102 4171 senet,
1117 4119 1146 4156 ut

3 4191 5 4270 ᾗ
100 4199 152 4237 crat
162 4203 258 4242 naturae
270 4193 350 4261 acris,
363 4196 429 4246 etin
441 4213 530 4248 amore
541 4195 640 4248 virtutis
652 4212 682 4246 ac
696 4193 818 4246 vitiorum
833 4191 893 4246 otlio
903 4190 979 4257 juxta
990 4185 1145 4253 vehemens,
