2986 4924
330 425 381 490 IN
406 425 615 492 SATIRAM
639 427 889 510 QUARTAM.
1068 456 1131 522 ¹7¹

79 549 160 604 solvit
173 546 344 604 antecedenti
356 566 436 602 verso
453 548 622 617 inchoatam,
636 547 753 623 dicitque
765 571 772 602 r
787 571 868 624 quere
881 551 1000 612 denudes
1013 555 1074 629 pilis
1090 559 1132 610 in·
1160 525 1167 542 .

78 633 179 706 ymno?
192 649 250 682 rem
261 648 326 682 vero
343 647 392 700 per
405 628 589 700 metaphoram
606 634 732 700 expressit
747 633 810 685 setis
822 631 989 687 inhonestam
1001 651 1028 689 et
1038 640 1132 712 ipsam.

79 741 116 752 --
132 710 280 784 Gusqulior
296 712 405 781 proprie
417 708 629 776 caruncula,rol
638 711 797 772 columella,
810 732 867 785 que
879 716 905 766 in
918 729 1033 769 extremo
1043 719 1133 790 palato

81 793 153 842 iuter
161 789 280 844 tonsillas
290 787 435 860 dependet.
448 789 631 843 Curculionem
644 809 750 862 quoque
762 806 858 844 vocant
868 813 982 854 vermem
995 799 1134 852 frumentis

83 872 234 932 inimicum
250 872 321 938 virg.
336 870 432 937 Georg.
445 869 472 934 l,
489 867 546 922 185.
566 869 694 944 Gurqulio
706 884 802 922 natura
818 890 866 924 sua
876 874 918 926 vel
930 893 987 927 sese
999 878 1135 931 contrahit

83 947 126 1004 rel
140 947 275 1011 extendite
287 947 358 1000 unde
371 961 460 1000 noster
471 966 520 1019 per
533 950 718 1019 metaphoram
729 954 785 1022 ejus
801 954 907 1006 nomine
917 954 1038 1026 designat
1051 977 1134 1010 mem-

7 1071 8 1078 .
84 1028 161 1082 brom
173 1027 260 1082 virile.
276 1057 313 1070 --
327 1029 501 1102 lnquinr'hun
517 1027 671 1082 struendum
689 1049 749 1082 curn
765 1043 855 1084 exstat.
870 1063 905 1074 --
919 1038 1060 1100 Detonsusf
1074 1039 1135 1110 pilis

85 1109 184 1161 mittier
199 1107 334 1162 detractis.
348 1137 385 1150 -
397 1109 506 1176 Baeton
521 1112 653 1177 prominet
668 1108 863 1181 dependetque.
875 1143 912 1154 --
922 1117 1017 1188 Koeniq
1029 1135 1135 1170 ornnem

84 1186 281 1251 herclecum,
300 1187 334 1240 de
351 1206 405 1259 quo
425 1187 599 1242 eruditissime
618 1187 756 1254 disseruit,
776 1192 813 1241 sio
829 1193 984 1246 transtulit:
1009 1198 1069 1247 «Tu
1088 1198 1133 1267 qui

84 1270 179 1320 faeiem
193 1267 256 1340 pilis
270 1266 407 1321 adscititiis
422 1286 515 1333 ornas,
528 1267 575 1319 ubi
591 1283 686 1321 natura
702 1269 772 1340 pilos
785 1271 832 1324 tibi
843 1276 963 1344 negavit,
976 1294 1023 1328 cur
1033 1276 1135 1350 depiles
1147 1299 1148 1302 ¹

85 1366 127 1400 ees
138 1361 247 1420 partes,
259 1365 325 1419 quas
340 1361 435 1401 natura
445 1348 506 1418 pilis
518 1349 623 1399 vestitas
636 1368 694 1402 esse
705 1347 787 1400 voluit
796 1352 827 1401 is

117 1457 187 1508 Nur.
207 1456 254 1528 39.
275 1456 395 1528 Quinque
408 1454 557 1527 palestrites
571 1454 634 1508 lieet
648 1455 702 1522 liceo
714 1456 849 1527 planterio
864 1459 972 1522 uellent.
987 1491 1024 1502 --
1039 1459 1136 1514 Plenus

85 1549 125 1590 est
142 1535 235 1588 ironice
254 1535 330 1588 loom
348 1547 374 1587 et
391 1536 553 1602 festivitatis,
570 1555 625 1608 quo
639 1536 766 1588 describit
784 1536 918 1601 bominem
933 1543 961 1592 in
976 1539 1137 1612 extirpandis

86 1615 135 1668 sibi
145 1615 209 1686 pilis
220 1633 311 1667 serres
323 1614 487 1668 robustiores
500 1617 618 1684 artisque
630 1634 682 1667 sure
697 1618 872 1688 peritissimos
884 1633 1064 1686 exercentem,
1077 1638 1137 1692 per·

86 1696 247 1768 dentemque
261 1708 349 1746 tamen
364 1713 482 1766 operam.
497 1726 534 1736 -
546 1693 717 1757 Pnloestritoe5
731 1696 810 1768 vulgo
828 1701 962 1751 exercitati
976 1703 1003 1751 in
1015 1700 1137 1772 palustre

86 1775 204 1841 autem,
216 1789 265 1828 aut
274 1777 342 1827 servi
352 1777 397 1847 qui
407 1774 512 1827 athletis
522 1777 549 1826 in
558 1775 680 1848 palestre
692 1777 780 1830 oleum
795 1779 974 1834 infundebant
984 1795 1010 1832 et
1022 1799 1138 1852 corpore

87 1855 224 1908 curabant.
241 1857 299 1908 Hoc
312 1853 373 1907 loeo
384 1853 541 1925 dropacistae
554 1855 736 1926 (baumolei)
750 1870 886 1922 tonsores,
901 1878 1042 1932 corporum
1057 1877 1137 1911 eura-

86 1947 163 1988 tnres.
173 1965 210 1976 -
222 1934 360 2005 Quinque,·
373 1933 407 1985 ad
421 1935 569 2003 augendam
586 1937 675 1987 ironico
689 1937 757 1995 rim;
773 1937 874 1990 scilicet
886 1957 953 1992 unus
967 1953 1039 1992 tanto
1051 1937 1138 1991 labori

86 2015 154 2068 loret
165 2017 259 2086 impar.
267 2044 302 2054 -
311 2013 450 2066 Plaetoria
456 2035 465 2074 ,-
476 2015 514 2066 sie
523 2013 591 2087 pilos
603 2030 692 2082 vocat,
701 2015 797 2088 quibus
807 2035 908 2069 arcense
919 2021 1037 2088 corporis
1048 2031 1137 2088 partes

87 2094 195 2146 consitas
208 2107 284 2160 sunt,
298 2105 328 2143 ut
343 2112 406 2163 eger
417 2091 524 2164 plantis.
538 2122 572 2132 -
588 2093 698 2147 Vellent
704 2118 714 2156 ,·
728 2097 865 2166 proprium
876 2094 909 2148 de
922 2096 1083 2170 extirpandis
1093 2115 1138 2150 ra-

86 2171 201 2225 dicibus.
220 2202 258 2212 —
277 2172 441 2224 Continuant
458 2171 514 2224 liae
532 2171 613 2225 verba
631 2176 772 2244 imaginem
787 2193 845 2246 quae
863 2194 912 2246 per
929 2187 1081 2228 runcantem
1096 2178 1138 2227 in-

87 2251 183 2305 choata
198 2265 246 2304 est.

120 2364 191 2415 lior.
210 2361 246 2428 lo
272 2358 416 2434 Elixosque
430 2371 501 2414 nates
519 2358 675 2434 labefactent
684 2361 789 2433 forcipe
805 2361 918 2414 adunco.
931 2392 968 2404 ·-
981 2361 1139 2415 Producitur

90 2454 116 2494 et
128 2440 320 2494 corroboratur
331 2443 427 2507 ironia,
439 2461 491 2513 qua
503 2460 593 2494 servos
603 2455 777 2512 representat
787 2443 857 2498 eires
869 2456 940 2496 notes
949 2443 1064 2494 hominis
1076 2461 1140 2511 ope·

88 2537 187 2574 rantes.
197 2551 232 2560 -
243 2521 385 2594 Elixasque
397 2533 481 2584 nates,·
493 2540 564 2593 aqua
576 2519 671 2572 callida
683 2532 754 2573 nates
766 2521 895 2576 emollitae
908 2538 933 2574 et
944 2523 1019 2594 quasi
1031 2534 1137 2572 coctas:

88 2597 189 2652 elirant
200 2599 311 2653 barbam
328 2601 465 2667 tonsores,
483 2620 561 2673 quom
577 2615 638 2653 sunt
652 2604 744 2654 rasuri.
756 2632 793 2642 —
804 2602 987 2674 labefacere,-
1003 2598 1139 2669 fatigando

90 2695 181 2732 eruam
193 2702 199 2731 r
213 2679 325 2732 ductum
336 2679 370 2731 ab
381 2679 487 2746 arbore,
499 2700 555 2752 quse
565 2680 655 2732 multis
666 2680 762 2733 ictibus
772 2683 873 2733 succisa
883 2679 990 2732 tandem
1000 2680 1032 2732 ad
1044 2693 1139 2731 terram

89 2759 255 2832 propellitur.
270 2759 420 2812 Vehemens
430 2763 576 2832 expressio,
590 2780 699 2833 queque
709 2763 832 2814 convenit
842 2781 902 2813 eum
907 2762 1012 2835 forcipe
1021 2759 1137 2824 adunco,

91 2839 300 2912 qua·toudentes
313 2842 340 2892 in
351 2841 476 2892 miserum
488 2840 610 2912 podicem
624 2855 768 2892 armantur.

121 2947 188 3000 Nor.
199 2946 245 3012 41.
256 2949 318 3000 Non
329 2958 416 3000 tamen
425 2943 601 3018 istofilixullo
609 2945 1002 3007 mnnmescitamtro.—Fr'lix,·
1010 2944 1139 3002 estherbn

91 3027 193 3092 sterilis,
205 3027 316 3078 culture
326 3028 519 3092 inimicissima,
532 3045 588 3098 quse
598 3029 640 3077 vix
652 3027 767 3078 exscindi
779 3041 880 3098 potest;
892 3027 982 3098 Virgil.
994 3028 1091 3096 Georq.
1101 3028 1139 3091 ll,

95 3107 155 3174 ¹⁸95
167 3105 203 3157 id.
214 3103 283 3156 ibid.
297 3123 357 3174 ²97·
367 3104 505 3157 Filixrera
517 3108 671 3156 mansuescit
682 3119 782 3170 aratro,
796 3120 862 3160 teste
874 3106 1036 3171 Columella,
1046 3104 1090 3156 lib.
1102 3108 1140 3171 ll,

91 3202 146 3254 esp.
159 3203 194 3236 a:
213 3207 225 3230 r
238 3185 368 3254 pernicies
380 3181 462 3254 filicis
480 3183 603 3255 frequens
620 3185 757 3253 extirpatio
775 3195 830 3246 est,
850 3203 907 3254 quae
926 3184 965 3235 vel
982 3193 1068 3234 orntro
1084 3182 1139 3233 fieri

92 3276 190 3333 potest3
211 3265 339 3334 quoniam
354 3265 422 3314 intra
437 3262 574 3314 biennium
589 3265 682 3332 sepius
697 3263 829 3314 convulsae
848 3267 1009 3329 moriuntur,
1029 3262 1139 3315 celerius

93 3347 195 3396 etiams
209 3343 263 3396 Sed
275 3342 406 3417 blasilia,
419 3346 435 3395 i.
450 3363 472 3397 e.
484 3344 547 3416 pili,
558 3341 634 3395 nullo
646 3343 799 3396 mansuescit
810 3356 911 3409 aratro,
924 3363 1059 3414 nunquam
1072 3341 1141 3395 radi·

93 3425 154 3475 citus
166 3424 344 3494 extirpantur.
360 3423 457 3476 Sensus
473 3429 511 3476 es't
525 3425 582 3476 sine
593 3422 693 3493 liguram
708 3435 828 3475 naturam
843 3427 947 3476 vincere
961 3443 1015 3476 non
1030 3423 1145 3494 poterisa

124 3531 190 3583 Nur.
210 3529 255 3596 42.
273 3531 415 3598 Caedimm,
430 3532 508 3603 inque
521 3532 601 3582 uicem
615 3531 759 3600 praebemus
772 3549 846 3583 cmm
859 3532 965 3604 sapietis.
978 3561 1015 3571 —
1032 3531 1139 3601 Optime

96 3623 130 3662 est
141 3624 203 3662 nota
217 3611 315 3662 veteris
330 3609 478 3664 scholiasta
494 3633 500 3662 r
523 3610 677 3682 -Alleqoriu
696 3631 711 3663 a
728 3613 883 3682 sagittariis,
900 3614 945 3684 qui
961 3611 1046 3663 aliena
1063 3629 1139 3662 crura

95 3689 184 3760 teqittis
196 3691 313 3756 feriunt,
325 3704 353 3740 et
364 3708 411 3742 sua
425 3689 544 3744 ferienda
557 3690 614 3744 aliis
624 3690 761 3762 prebent,·
776 3705 802 3743 et
814 3691 848 3744 ad
860 3693 1021 3762 superiorem
1034 3708 1139 3744 sensum

96 3771 218 3837 pertinet,
238 3787 293 3839 quo
305 3767 386 3822 dixit:
400 3769 444 3823 sed
458 3770 615 3842 precedenti
630 3781 760 3842 spectatur
775 3773 889 3824 mantica
906 3783 986 3844 terqo.
1000 3772 1040 3822 Ita
1053 3783 1079 3821 et
1090 3788 1139 3822 nos

8 3891 9 3910 ,
96 3846 170 3898 vitam
181 3847 356 3918 objurgamus
369 3848 495 3916 aliorum,
513 3863 539 3901 et
553 3849 597 3902 alii
611 3863 736 3902 nostram.
749 3873 759 3898 ι
780 3849 870 3902 Altera
885 3851 969 3902 forma
989 3862 1028 3901 est
1044 3845 1139 3900 callida

8 3977 10 4010 ;
99 3926 236 3993 orationis,
248 3945 302 3998 qua
314 3927 447 3980 Neronem
460 3930 559 3980 ironice
572 3932 612 3980 sui
625 3929 775 3982 admoneat.
787 3932 878 3982 Horat.
889 3929 972 4002 Epist.
984 3931 1023 3995 ll,
1036 3945 1067 3993 a,
1078 3942 1127 3996 97:

295 4025 411 4075 totunm,
417 4036 439 4070 et
447 4035 468 4070 tu
472 4026 539 4070 tidem
546 4025 614 4083 plagis
621 4026 772 4070 consumimus
779 4027 872 4070 bostem.

130 4112 197 4166 llos.
215 4116 258 4183 43.
274 4117 381 4173 Vivitur
391 4120 439 4173 lroe
448 4131 545 4192 poeto:
558 4121 593 4174 sic
605 4123 729 4174 nouimus.
745 4151 780 4164 -
795 4121 901 4176 Vivitur
915 4119 963 4172 lroe
974 4129 1052 4190 pecto
1059 4140 1069 4179 ‚·
1081 4119 1098 4172 i.
1114 4137 1137 4170 e.
