<?xml version="1.0" encoding="UTF-8"?>
<!DOCTYPE html PUBLIC "-//W3C//DTD XHTML 1.0 Transitional//EN"
    "http://www.w3.org/TR/xhtml1/DTD/xhtml1-transitional.dtd">
<html xmlns="http://www.w3.org/1999/xhtml" xml:lang="en" lang="en">
 <head>
  <title>
</title>
<meta http-equiv="Content-Type" content="text/html;charset=utf-8" />
  <meta name='ocr-system' content='tesseract 3.04.00' />
  <meta name='ocr-capabilities' content='ocr_page ocr_carea ocr_par ocr_line ocrx_word'/>
</head>
<body>
  <div class='ocr_page' id='page_1' title='image "./sexdecimsatir00lemagoog_0621.png"; bbox 0 0 3116 4934; ppageno 0'>
   <div class='ocr_carea' id='block_1_1' title="bbox 547 353 1208 468">
    <p class='ocr_par' dir='ltr' id='par_1_1' title="bbox 547 353 1208 468">
     <span class='ocr_line' id='line_1_1' title="bbox 547 353 1208 468; baseline 0.003 -26"><span class='ocrx_word' id='word_1_1' title='bbox 547 377 825 444; x_wconf 78' lang='lat' dir='ltr'><strong>Juvnnsnrs</strong></span> <span class='ocrx_word' id='word_1_2' title='bbox 1142 353 1208 468; x_wconf 79' lang='lat'><strong>607&#39;</strong></span> 
     </span>
    </p>
   </div>
   <div class='ocr_carea' id='block_1_2' title="bbox 165 498 1214 878">
    <p class='ocr_par' dir='ltr' id='par_1_2' title="bbox 165 498 1214 878">
     <span class='ocr_line' id='line_1_2' title="bbox 165 498 1214 586; baseline 0.001 -23"><span class='ocrx_word' id='word_1_3' title='bbox 165 501 339 564; x_wconf 78' lang='lat' dir='ltr'><strong>charactere</strong></span> <span class='ocrx_word' id='word_1_4' title='bbox 357 498 489 562; x_wconf 76' lang='lat' dir='ltr'><strong>Gothico</strong></span> <span class='ocrx_word' id='word_1_5' title='bbox 509 499 674 583; x_wconf 78' lang='lat' dir='ltr'>diligenter</span> <span class='ocrx_word' id='word_1_6' title='bbox 695 515 725 563; x_wconf 91' lang='lat' dir='ltr'><strong>et</strong></span> <span class='ocrx_word' id='word_1_7' title='bbox 745 514 885 564; x_wconf 87' lang='lat' dir='ltr'><strong>accurate</strong></span> <span class='ocrx_word' id='word_1_8' title='bbox 904 505 1048 586; x_wconf 86' lang='lat' dir='ltr'><strong>scriptus,</strong></span> <span class='ocrx_word' id='word_1_9' title='bbox 1069 515 1115 564; x_wconf 87' lang='lat' dir='ltr'><strong>sat</strong></span> <span class='ocrx_word' id='word_1_10' title='bbox 1134 504 1214 564; x_wconf 87' lang='lat' dir='ltr'><strong>hene</strong></span> 
     </span>
     <span class='ocr_line' id='line_1_3' title="bbox 165 599 1211 676; baseline 0 -14"><span class='ocrx_word' id='word_1_11' title='bbox 165 613 375 676; x_wconf 85' lang='lat' dir='ltr'><strong>conservatus,</strong></span> <span class='ocrx_word' id='word_1_12' title='bbox 388 619 445 660; x_wconf 87' lang='lat' dir='ltr'><strong>nec</strong></span> <span class='ocrx_word' id='word_1_13' title='bbox 459 620 526 661; x_wconf 90' lang='lat' dir='ltr'><strong>non</strong></span> <span class='ocrx_word' id='word_1_14' title='bbox 539 600 729 661; x_wconf 88' lang='lat' dir='ltr'><strong>emendatus.</strong></span> <span class='ocrx_word' id='word_1_15' title='bbox 741 599 873 661; x_wconf 87' lang='lat' dir='ltr'><strong>Exhihet</strong></span> <span class='ocrx_word' id='word_1_16' title='bbox 889 602 1025 663; x_wconf 85' lang='lat' dir='ltr'><strong>Persium</strong></span> <span class='ocrx_word' id='word_1_17' title='bbox 1036 621 1108 663; x_wconf 88' lang='lat' dir='ltr'><strong>cum</strong></span> <span class='ocrx_word' id='word_1_18' title='bbox 1123 621 1211 662; x_wconf 85' lang='lat' dir='ltr'><strong>com·</strong></span> 
     </span>
     <span class='ocr_line' id='line_1_4' title="bbox 165 697 1213 760; baseline 0.003 -3"><span class='ocrx_word' id='word_1_19' title='bbox 165 699 321 759; x_wconf 87' lang='lat' dir='ltr'><strong>mentariis</strong></span> <span class='ocrx_word' id='word_1_20' title='bbox 343 697 483 757; x_wconf 87' lang='lat' dir='ltr'><strong>Cornuto</strong></span> <span class='ocrx_word' id='word_1_21' title='bbox 506 697 658 757; x_wconf 82' lang='lat' dir='ltr'><strong>attributis</strong></span> <span class='ocrx_word' id='word_1_22' title='bbox 681 711 711 758; x_wconf 89' lang='lat' dir='ltr'><strong>et</strong></span> <span class='ocrx_word' id='word_1_23' title='bbox 734 697 918 760; x_wconf 83' lang='lat' dir='ltr'><strong>Juvenalem</strong></span> <span class='ocrx_word' id='word_1_24' title='bbox 935 720 1007 760; x_wconf 89' lang='lat' dir='ltr'><strong>cum</strong></span> <span class='ocrx_word' id='word_1_25' title='bbox 1029 697 1152 760; x_wconf 77' lang='lat' dir='ltr'><strong>scholiis</strong></span> <span class='ocrx_word' id='word_1_26' title='bbox 1171 699 1213 760; x_wconf 86' lang='lat' dir='ltr'><strong>ud</strong></span> 
     </span>
     <span class='ocr_line' id='line_1_5' title="bbox 165 791 722 878; baseline 0 -23"><span class='ocrx_word' id='word_1_27' title='bbox 165 797 335 877; x_wconf 78' lang='lat' dir='ltr'><strong>marginem</strong></span> <span class='ocrx_word' id='word_1_28' title='bbox 352 805 382 854; x_wconf 89' lang='lat' dir='ltr'><strong>et</strong></span> <span class='ocrx_word' id='word_1_29' title='bbox 393 794 474 854; x_wconf 90' lang='lat' dir='ltr'><strong>inter</strong></span> <span class='ocrx_word' id='word_1_30' title='bbox 488 791 585 854; x_wconf 83' lang='lat' dir='ltr'><strong>lineas</strong></span> <span class='ocrx_word' id='word_1_31' title='bbox 595 795 722 878; x_wconf 84' lang='lat' dir='ltr'><strong>scriptis.</strong></span> 
     </span>
    </p>
   </div>
   <div class='ocr_carea' id='block_1_3' title="bbox 246 957 662 1038">
    <p class='ocr_par' dir='ltr' id='par_1_3' title="bbox 246 957 662 1038">
     <span class='ocr_line' id='line_1_6' title="bbox 246 957 662 1038; baseline 0 -16"><span class='ocrx_word' id='word_1_32' title='bbox 246 958 294 1038; x_wconf 73' lang='lat' dir='ltr'><strong>all.</strong></span> <span class='ocrx_word' id='word_1_33' title='bbox 314 958 424 1036; x_wconf 74' lang='lat' dir='ltr'><strong>Codex,</strong></span> <span class='ocrx_word' id='word_1_34' title='bbox 444 963 478 1021; x_wconf 76' lang='lat' dir='ltr'><strong>n·</strong></span> <span class='ocrx_word' id='word_1_35' title='bbox 496 957 662 1036; x_wconf 67' lang='lat' dir='ltr'><strong>rra-453.</strong></span> 
     </span>
    </p>
   </div>
   <div class='ocr_carea' id='block_1_4' title="bbox 165 1076 1235 1750">
    <p class='ocr_par' dir='ltr' id='par_1_4' title="bbox 165 1076 1235 1287">
     <span class='ocr_line' id='line_1_7' title="bbox 165 1076 1235 1190; baseline 0.001 -21"><span class='ocrx_word' id='word_1_36' title='bbox 165 1105 418 1169; x_wconf 86' lang='lat' dir='ltr'><strong>Membranaceus</strong></span> <span class='ocrx_word' id='word_1_37' title='bbox 428 1103 528 1168; x_wconf 73' lang='lat' dir='ltr'><strong>iss-fol.</strong></span> <span class='ocrx_word' id='word_1_38' title='bbox 540 1126 653 1188; x_wconf 86' lang='lat' dir='ltr'><strong>parvo,</strong></span> <span class='ocrx_word' id='word_1_39' title='bbox 667 1103 818 1187; x_wconf 74' lang='lat' dir='ltr'><strong>oblongo,</strong></span> <span class='ocrx_word' id='word_1_40' title='bbox 832 1117 974 1167; x_wconf 76' lang='lat' dir='ltr'><strong>constans</strong></span> <span class='ocrx_word' id='word_1_41' title='bbox 986 1127 1024 1190; x_wconf 79' lang='lat'><strong>7²</strong></span> <span class='ocrx_word' id='word_1_42' title='bbox 1039 1105 1140 1186; x_wconf 81' lang='lat' dir='ltr'><strong>foliis,</strong></span> <span class='ocrx_word' id='word_1_43' title='bbox 1156 1109 1212 1171; x_wconf 86' lang='lat' dir='ltr'><strong>XV</strong></span> <span class='ocrx_word' id='word_1_44' title='bbox 1230 1076 1235 1124; x_wconf 43' lang='grc' dir='ltr'><strong><em>Ι</em></strong></span> 
     </span>
     <span class='ocr_line' id='line_1_8' title="bbox 166 1197 1214 1287; baseline 0 -21"><span class='ocrx_word' id='word_1_45' title='bbox 166 1225 231 1266; x_wconf 86' lang='lat' dir='ltr'><strong>saec.</strong></span> <span class='ocrx_word' id='word_1_46' title='bbox 244 1219 396 1282; x_wconf 86' lang='lat' dir='ltr'><strong>exaratus,</strong></span> <span class='ocrx_word' id='word_1_47' title='bbox 408 1203 506 1265; x_wconf 89' lang='lat' dir='ltr'><strong>nitide</strong></span> <span class='ocrx_word' id='word_1_48' title='bbox 517 1215 547 1264; x_wconf 88' lang='lat' dir='ltr'><strong>et</strong></span> <span class='ocrx_word' id='word_1_49' title='bbox 559 1204 713 1286; x_wconf 79' lang='lat' dir='ltr'><strong>eleganter</strong></span> <span class='ocrx_word' id='word_1_50' title='bbox 728 1197 870 1287; x_wconf 79' lang='lat' dir='ltr'><strong>scriptus,</strong></span> <span class='ocrx_word' id='word_1_51' title='bbox 882 1204 1043 1287; x_wconf 78' lang='lat' dir='ltr'><strong>diligenter</strong></span> <span class='ocrx_word' id='word_1_52' title='bbox 1053 1227 1214 1267; x_wconf 82' lang='lat' dir='ltr'><strong>conserva·</strong></span> 
     </span>
    </p>

    <p class='ocr_par' dir='ltr' id='par_1_5' title="bbox 166 1299 1216 1364">
     <span class='ocr_line' id='line_1_9' title="bbox 166 1299 1216 1364; baseline 0.003 -3"><span class='ocrx_word' id='word_1_53' title='bbox 166 1315 214 1363; x_wconf 88' lang='lat' dir='ltr'><strong>tus</strong></span> <span class='ocrx_word' id='word_1_54' title='bbox 229 1316 259 1362; x_wconf 92' lang='lat' dir='ltr'><strong>et</strong></span> <span class='ocrx_word' id='word_1_55' title='bbox 275 1315 413 1362; x_wconf 88' lang='lat' dir='ltr'><strong>accurate</strong></span> <span class='ocrx_word' id='word_1_56' title='bbox 431 1301 620 1362; x_wconf 85' lang='lat' dir='ltr'><strong>emendatus.</strong></span> <span class='ocrx_word' id='word_1_57' title='bbox 636 1300 818 1362; x_wconf 87' lang='lat' dir='ltr'><strong>Juvenalem</strong></span> <span class='ocrx_word' id='word_1_58' title='bbox 835 1299 931 1362; x_wconf 88' lang='lat' dir='ltr'><strong>hahet</strong></span> <span class='ocrx_word' id='word_1_59' title='bbox 948 1316 978 1362; x_wconf 93' lang='lat' dir='ltr'><strong>et</strong></span> <span class='ocrx_word' id='word_1_60' title='bbox 993 1303 1130 1363; x_wconf 77' lang='lat' dir='ltr'><strong>Persium</strong></span> <span class='ocrx_word' id='word_1_61' title='bbox 1148 1305 1216 1364; x_wconf 85' lang='lat' dir='ltr'><strong>sine</strong></span> 
     </span>
    </p>

    <p class='ocr_par' dir='ltr' id='par_1_6' title="bbox 165 1399 1213 1484">
     <span class='ocr_line' id='line_1_10' title="bbox 165 1399 1213 1484; baseline -0.001 -22"><span class='ocrx_word' id='word_1_62' title='bbox 165 1399 298 1462; x_wconf 77' lang='lat' dir='ltr'><strong>scholiis.</strong></span> <span class='ocrx_word' id='word_1_63' title='bbox 313 1402 499 1482; x_wconf 80' lang='lat' dir='ltr'><strong>scripturam</strong></span> <span class='ocrx_word' id='word_1_64' title='bbox 510 1401 672 1481; x_wconf 88' lang='lat' dir='ltr'><strong>antiquam</strong></span> <span class='ocrx_word' id='word_1_65' title='bbox 686 1401 900 1460; x_wconf 86' lang='lat' dir='ltr'><strong>Romanorum</strong></span> <span class='ocrx_word' id='word_1_66' title='bbox 915 1415 1031 1479; x_wconf 86' lang='lat' dir='ltr'><strong>servat,</strong></span> <span class='ocrx_word' id='word_1_67' title='bbox 1046 1399 1109 1461; x_wconf 86' lang='lat' dir='ltr'><strong>scil.</strong></span> <span class='ocrx_word' id='word_1_68' title='bbox 1124 1422 1213 1484; x_wconf 87' lang='lat' dir='ltr'><strong>quom</strong></span> 
     </span>
    </p>

    <p class='ocr_par' dir='ltr' id='par_1_7' title="bbox 166 1491 1215 1580">
     <span class='ocr_line' id='line_1_11' title="bbox 166 1491 1215 1580; baseline 0.002 -25"><span class='ocrx_word' id='word_1_69' title='bbox 166 1517 222 1579; x_wconf 88' lang='lat' dir='ltr'><strong>pro</strong></span> <span class='ocrx_word' id='word_1_70' title='bbox 237 1518 327 1578; x_wconf 85' lang='lat' dir='ltr'><strong>quum</strong></span> <span class='ocrx_word' id='word_1_71' title='bbox 335 1543 344 1572; x_wconf 94' lang='lat'>‚</span> <span class='ocrx_word' id='word_1_72' title='bbox 356 1499 425 1578; x_wconf 85' lang='lat' dir='ltr'><strong>quoi</strong></span> <span class='ocrx_word' id='word_1_73' title='bbox 436 1515 492 1580; x_wconf 88' lang='lat' dir='ltr'><strong>pro</strong></span> <span class='ocrx_word' id='word_1_74' title='bbox 502 1497 563 1570; x_wconf 82' lang='lat' dir='ltr'><strong>cui,</strong></span> <span class='ocrx_word' id='word_1_75' title='bbox 580 1497 682 1577; x_wconf 81' lang='lat' dir='ltr'><strong>quoius</strong></span> <span class='ocrx_word' id='word_1_76' title='bbox 691 1516 746 1578; x_wconf 90' lang='lat' dir='ltr'><strong>pro</strong></span> <span class='ocrx_word' id='word_1_77' title='bbox 757 1491 840 1577; x_wconf 76' lang='lat' dir='ltr'><strong>cujru</strong></span> <span class='ocrx_word' id='word_1_78' title='bbox 847 1542 856 1571; x_wconf 88' lang='lat'><em>‚</em></span> <span class='ocrx_word' id='word_1_79' title='bbox 869 1507 1003 1578; x_wconf 83' lang='lat' dir='ltr'><strong>optumus</strong></span> <span class='ocrx_word' id='word_1_80' title='bbox 1011 1517 1068 1579; x_wconf 89' lang='lat' dir='ltr'><strong>pro</strong></span> <span class='ocrx_word' id='word_1_81' title='bbox 1078 1501 1215 1579; x_wconf 76' lang='lat' dir='ltr'><strong>optimus,</strong></span> 
     </span>
    </p>

    <p class='ocr_par' dir='ltr' id='par_1_8' title="bbox 167 1589 1216 1676">
     <span class='ocr_line' id='line_1_12' title="bbox 167 1589 1216 1676; baseline 0.001 -22"><span class='ocrx_word' id='word_1_82' title='bbox 167 1604 196 1654; x_wconf 91' lang='lat' dir='ltr'><strong>et</strong></span> <span class='ocrx_word' id='word_1_83' title='bbox 208 1592 267 1652; x_wconf 87' lang='lat' dir='ltr'><strong>alia</strong></span> <span class='ocrx_word' id='word_1_84' title='bbox 283 1592 314 1653; x_wconf 91' lang='lat' dir='ltr'><strong>id</strong></span> <span class='ocrx_word' id='word_1_85' title='bbox 329 1612 434 1674; x_wconf 83' lang='lat' dir='ltr'><strong>genus.</strong></span> <span class='ocrx_word' id='word_1_86' title='bbox 445 1593 481 1651; x_wconf 91' lang='lat' dir='ltr'><strong>ln</strong></span> <span class='ocrx_word' id='word_1_87' title='bbox 492 1592 593 1674; x_wconf 88' lang='lat' dir='ltr'><strong>primo</strong></span> <span class='ocrx_word' id='word_1_88' title='bbox 606 1589 681 1651; x_wconf 86' lang='lat' dir='ltr'><strong>folio</strong></span> <span class='ocrx_word' id='word_1_89' title='bbox 692 1604 789 1652; x_wconf 87' lang='lat' dir='ltr'><strong>exstat</strong></span> <span class='ocrx_word' id='word_1_90' title='bbox 801 1592 862 1650; x_wconf 88' lang='lat' dir='ltr'><strong>vita</strong></span> <span class='ocrx_word' id='word_1_91' title='bbox 879 1592 1051 1669; x_wconf 81' lang='lat' dir='ltr'><strong>luvenalis,</strong></span> <span class='ocrx_word' id='word_1_92' title='bbox 1067 1614 1137 1676; x_wconf 80' lang='lat' dir='ltr'><strong>quoe</strong></span> <span class='ocrx_word' id='word_1_93' title='bbox 1150 1594 1216 1655; x_wconf 84' lang='lat' dir='ltr'><strong>fere</strong></span> 
     </span>
    </p>

    <p class='ocr_par' dir='ltr' id='par_1_9' title="bbox 166 1687 1042 1750">
     <span class='ocr_line' id='line_1_13' title="bbox 166 1687 1042 1750; baseline 0.002 -2"><span class='ocrx_word' id='word_1_94' title='bbox 166 1687 272 1748; x_wconf 90' lang='lat' dir='ltr'><strong>eadem</strong></span> <span class='ocrx_word' id='word_1_95' title='bbox 284 1702 330 1748; x_wconf 88' lang='lat' dir='ltr'><strong>est</strong></span> <span class='ocrx_word' id='word_1_96' title='bbox 341 1709 376 1748; x_wconf 90' lang='lat' dir='ltr'><strong>ac</strong></span> <span class='ocrx_word' id='word_1_97' title='bbox 387 1689 448 1749; x_wconf 82' lang='lat' dir='ltr'><strong>vita</strong></span> <span class='ocrx_word' id='word_1_98' title='bbox 464 1689 498 1747; x_wconf 91' lang='lat' dir='ltr'><strong>in</strong></span> <span class='ocrx_word' id='word_1_99' title='bbox 514 1689 738 1748; x_wconf 90' lang='lat' dir='ltr'><strong>commentario</strong></span> <span class='ocrx_word' id='word_1_100' title='bbox 754 1687 924 1749; x_wconf 87' lang='lat' dir='ltr'><strong>Omniboni</strong></span> <span class='ocrx_word' id='word_1_101' title='bbox 938 1689 1042 1750; x_wconf 87' lang='lat' dir='ltr'><strong>relata.</strong></span> 
     </span>
    </p>
   </div>
   <div class='ocr_carea' id='block_1_5' title="bbox 246 1852 665 1932">
    <p class='ocr_par' dir='ltr' id='par_1_10' title="bbox 246 1852 665 1932">
     <span class='ocr_line' id='line_1_14' title="bbox 246 1852 665 1932; baseline -0.002 -15"><span class='ocrx_word' id='word_1_102' title='bbox 246 1855 295 1917; x_wconf 78' lang='lat'><strong>25.</strong></span> <span class='ocrx_word' id='word_1_103' title='bbox 319 1854 432 1932; x_wconf 78' lang='lat' dir='ltr'><strong>Codex,</strong></span> <span class='ocrx_word' id='word_1_104' title='bbox 452 1859 487 1918; x_wconf 76' lang='grc' dir='ltr'><strong>η’</strong></span> <span class='ocrx_word' id='word_1_105' title='bbox 500 1852 665 1931; x_wconf 70' lang='lat' dir='ltr'><strong>iis-454.</strong></span> 
     </span>
    </p>
   </div>
   <div class='ocr_carea' id='block_1_6' title="bbox 165 1995 1294 2371">
    <p class='ocr_par' dir='ltr' id='par_1_11' title="bbox 165 1995 1294 2371">
     <span class='ocr_line' id='line_1_15' title="bbox 166 1995 1294 2082; baseline 0.001 -24"><span class='ocrx_word' id='word_1_106' title='bbox 166 1998 419 2060; x_wconf 87' lang='lat' dir='ltr'><strong>Membranaceus</strong></span> <span class='ocrx_word' id='word_1_107' title='bbox 432 1996 510 2073; x_wconf 67' lang='lat' dir='ltr'><strong>in·lt⁰</strong></span> <span class='ocrx_word' id='word_1_108' title='bbox 528 2011 674 2059; x_wconf 84' lang='lat' dir='ltr'><strong>constans</strong></span> <span class='ocrx_word' id='word_1_109' title='bbox 684 1997 722 2058; x_wconf 80' lang='lat'><strong>82</strong></span> <span class='ocrx_word' id='word_1_110' title='bbox 734 1995 824 2072; x_wconf 79' lang='lat' dir='ltr'><strong>foliis,</strong></span> <span class='ocrx_word' id='word_1_111' title='bbox 836 1999 893 2058; x_wconf 88' lang='lat' dir='ltr'><strong>XV</strong></span> <span class='ocrx_word' id='word_1_112' title='bbox 903 2019 969 2060; x_wconf 82' lang='lat' dir='ltr'><strong>saec.</strong></span> <span class='ocrx_word' id='word_1_113' title='bbox 981 2009 1129 2076; x_wconf 82' lang='lat' dir='ltr'><strong>exaratus,</strong></span> <span class='ocrx_word' id='word_1_114' title='bbox 1141 1997 1213 2061; x_wconf 86' lang='lat' dir='ltr'><strong>cha·</strong></span> <span class='ocrx_word' id='word_1_115' title='bbox 1287 2057 1294 2082; x_wconf 27' lang='grc' dir='ltr'>ἱ</span> 
     </span>
     <span class='ocr_line' id='line_1_16' title="bbox 166 2095 1213 2178; baseline 0 -20"><span class='ocrx_word' id='word_1_116' title='bbox 166 2110 280 2158; x_wconf 85' lang='lat' dir='ltr'><strong>ractere</strong></span> <span class='ocrx_word' id='word_1_117' title='bbox 306 2095 461 2174; x_wconf 81' lang='lat' dir='ltr'><strong>Gothico,</strong></span> <span class='ocrx_word' id='word_1_118' title='bbox 486 2098 557 2156; x_wconf 86' lang='lat' dir='ltr'><strong>satis</strong></span> <span class='ocrx_word' id='word_1_119' title='bbox 585 2096 682 2157; x_wconf 89' lang='lat' dir='ltr'><strong>nitide</strong></span> <span class='ocrx_word' id='word_1_120' title='bbox 703 2097 851 2178; x_wconf 84' lang='lat' dir='ltr'><strong>scriptus,</strong></span> <span class='ocrx_word' id='word_1_121' title='bbox 874 2097 925 2158; x_wconf 90' lang='lat' dir='ltr'><strong>sed</strong></span> <span class='ocrx_word' id='word_1_122' title='bbox 952 2098 1213 2160; x_wconf 77' lang='lat' dir='ltr'><strong>mendosissimus.</strong></span> 
     </span>
     <span class='ocr_line' id='line_1_17' title="bbox 165 2194 1211 2278; baseline 0.002 -24"><span class='ocrx_word' id='word_1_123' title='bbox 165 2194 296 2256; x_wconf 83' lang='lat' dir='ltr'><strong>Exhibet</strong></span> <span class='ocrx_word' id='word_1_124' title='bbox 308 2195 490 2256; x_wconf 77' lang='lat' dir='ltr'><strong>iuvenalem</strong></span> <span class='ocrx_word' id='word_1_125' title='bbox 503 2196 657 2278; x_wconf 76' lang='lat' dir='ltr'><strong>integrum</strong></span> <span class='ocrx_word' id='word_1_126' title='bbox 672 2208 704 2256; x_wconf 90' lang='lat' dir='ltr'><strong>et</strong></span> <span class='ocrx_word' id='word_1_127' title='bbox 716 2195 839 2256; x_wconf 88' lang='lat' dir='ltr'><strong>Horatii</strong></span> <span class='ocrx_word' id='word_1_128' title='bbox 851 2195 955 2256; x_wconf 74' lang='grc' dir='ltr'>Δηειιι</span> <span class='ocrx_word' id='word_1_129' title='bbox 967 2197 1124 2257; x_wconf 88' lang='lat' dir='ltr'><strong>Poeticam</strong></span> <span class='ocrx_word' id='word_1_130' title='bbox 1139 2217 1211 2256; x_wconf 89' lang='lat' dir='ltr'><strong>cum</strong></span> 
     </span>
     <span class='ocr_line' id='line_1_18' title="bbox 166 2293 551 2371; baseline 0 -15"><span class='ocrx_word' id='word_1_131' title='bbox 166 2293 305 2371; x_wconf 79' lang='lat' dir='ltr'><strong>scholiis,</strong></span> <span class='ocrx_word' id='word_1_132' title='bbox 316 2293 368 2355; x_wconf 79' lang='lat' dir='ltr'><strong>sed</strong></span> <span class='ocrx_word' id='word_1_133' title='bbox 384 2295 551 2356; x_wconf 79' lang='lat' dir='ltr'><strong>rarissimis.</strong></span> 
     </span>
    </p>
   </div>
   <div class='ocr_carea' id='block_1_7' title="bbox 247 2459 577 2541">
    <p class='ocr_par' dir='ltr' id='par_1_12' title="bbox 247 2459 577 2541">
     <span class='ocr_line' id='line_1_19' title="bbox 247 2459 577 2541; baseline 0 -17"><span class='ocrx_word' id='word_1_134' title='bbox 247 2467 296 2525; x_wconf 78' lang='lat'><strong>26.</strong></span> <span class='ocrx_word' id='word_1_135' title='bbox 318 2464 431 2541; x_wconf 82' lang='lat' dir='ltr'><strong>Codex,</strong></span> <span class='ocrx_word' id='word_1_136' title='bbox 448 2468 491 2524; x_wconf 85' lang='lat' dir='ltr'><strong>n⁰.</strong></span> <span class='ocrx_word' id='word_1_137' title='bbox 508 2459 577 2538; x_wconf 70' lang='grc'><strong>455.</strong></span> 
     </span>
    </p>
   </div>
   <div class='ocr_carea' id='block_1_8' title="bbox 166 2601 1215 2963">
    <p class='ocr_par' dir='ltr' id='par_1_13' title="bbox 166 2601 1215 2963">
     <span class='ocr_line' id='line_1_20' title="bbox 166 2601 1212 2689; baseline -0.004 -21"><span class='ocrx_word' id='word_1_138' title='bbox 166 2606 418 2668; x_wconf 88' lang='lat' dir='ltr'><strong>Membranaceus</strong></span> <span class='ocrx_word' id='word_1_139' title='bbox 436 2605 538 2666; x_wconf 69' lang='lat' dir='ltr'><strong>insol.</strong></span> <span class='ocrx_word' id='word_1_140' title='bbox 559 2603 718 2685; x_wconf 74' lang='lat' dir='ltr'><strong>oblongo,</strong></span> <span class='ocrx_word' id='word_1_141' title='bbox 740 2615 882 2665; x_wconf 83' lang='lat' dir='ltr'><strong>constans</strong></span> <span class='ocrx_word' id='word_1_142' title='bbox 902 2623 940 2689; x_wconf 88' lang='lat'><strong>77</strong></span> <span class='ocrx_word' id='word_1_143' title='bbox 959 2601 1059 2680; x_wconf 83' lang='lat' dir='ltr'><strong>foliis,</strong></span> <span class='ocrx_word' id='word_1_144' title='bbox 1076 2603 1131 2662; x_wconf 87' lang='lat' dir='ltr'><strong>XV</strong></span> <span class='ocrx_word' id='word_1_145' title='bbox 1145 2622 1212 2664; x_wconf 79' lang='lat' dir='ltr'><strong>saec.</strong></span> 
     </span>
     <span class='ocr_line' id='line_1_21' title="bbox 168 2693 1215 2787; baseline -0.004 -21"><span class='ocrx_word' id='word_1_146' title='bbox 168 2719 322 2782; x_wconf 83' lang='lat' dir='ltr'><strong>exaratus,</strong></span> <span class='ocrx_word' id='word_1_147' title='bbox 337 2705 435 2768; x_wconf 89' lang='lat' dir='ltr'><strong>nitide</strong></span> <span class='ocrx_word' id='word_1_148' title='bbox 448 2718 479 2766; x_wconf 89' lang='lat' dir='ltr'><strong>et</strong></span> <span class='ocrx_word' id='word_1_149' title='bbox 491 2718 630 2766; x_wconf 82' lang='lat' dir='ltr'><strong>accurate</strong></span> <span class='ocrx_word' id='word_1_150' title='bbox 644 2703 787 2787; x_wconf 86' lang='lat' dir='ltr'><strong>scriptus,</strong></span> <span class='ocrx_word' id='word_1_151' title='bbox 801 2723 859 2764; x_wconf 89' lang='lat' dir='ltr'><strong>nec</strong></span> <span class='ocrx_word' id='word_1_152' title='bbox 877 2723 943 2764; x_wconf 90' lang='lat' dir='ltr'><strong>non</strong></span> <span class='ocrx_word' id='word_1_153' title='bbox 958 2700 1146 2764; x_wconf 84' lang='lat' dir='ltr'><strong>emendatus.</strong></span> <span class='ocrx_word' id='word_1_154' title='bbox 1158 2701 1177 2761; x_wconf 87' lang='lat' dir='ltr'>J</span> <span class='ocrx_word' id='word_1_155' title='bbox 1180 2693 1215 2762; x_wconf 66' lang='lat' dir='ltr'><strong>n-&#39;</strong></span> 
     </span>
     <span class='ocr_line' id='line_1_22' title="bbox 168 2795 1213 2884; baseline -0.008 -19"><span class='ocrx_word' id='word_1_156' title='bbox 168 2803 307 2865; x_wconf 88' lang='lat' dir='ltr'><strong>venalem</strong></span> <span class='ocrx_word' id='word_1_157' title='bbox 324 2795 459 2864; x_wconf 69' lang='lat' dir='ltr'><strong>habetet</strong></span> <span class='ocrx_word' id='word_1_158' title='bbox 479 2802 615 2863; x_wconf 85' lang='lat' dir='ltr'><strong>Persium</strong></span> <span class='ocrx_word' id='word_1_159' title='bbox 633 2801 746 2884; x_wconf 84' lang='lat' dir='ltr'><strong>absque</strong></span> <span class='ocrx_word' id='word_1_160' title='bbox 760 2799 885 2862; x_wconf 77' lang='lat' dir='ltr'><strong>scholiis</strong></span> <span class='ocrx_word' id='word_1_161' title='bbox 903 2814 933 2861; x_wconf 89' lang='lat' dir='ltr'><strong>et</strong></span> <span class='ocrx_word' id='word_1_162' title='bbox 949 2799 1015 2860; x_wconf 92' lang='lat' dir='ltr'><strong>ulla</strong></span> <span class='ocrx_word' id='word_1_163' title='bbox 1033 2799 1213 2882; x_wconf 83' lang='lat' dir='ltr'><strong>possessoris</strong></span> 
     </span>
     <span class='ocr_line' id='line_1_23' title="bbox 168 2895 1088 2963; baseline -0.011 -1"><span class='ocrx_word' id='word_1_164' title='bbox 168 2915 241 2962; x_wconf 84' lang='lat' dir='ltr'><strong>nota</strong></span> <span class='ocrx_word' id='word_1_165' title='bbox 253 2916 283 2963; x_wconf 92' lang='lat' dir='ltr'><strong>et</strong></span> <span class='ocrx_word' id='word_1_166' title='bbox 293 2899 478 2962; x_wconf 85' lang='lat' dir='ltr'><strong>indicatione</strong></span> <span class='ocrx_word' id='word_1_167' title='bbox 491 2899 578 2959; x_wconf 84' lang='lat' dir='ltr'><strong>anni.</strong></span> <span class='ocrx_word' id='word_1_168' title='bbox 1085 2895 1088 2902; x_wconf 79' lang='grc'><em>“</em></span> 
     </span>
    </p>
   </div>
   <div class='ocr_carea' id='block_1_9' title="bbox 169 3031 1215 3234">
    <p class='ocr_par' dir='ltr' id='par_1_14' title="bbox 169 3031 1215 3234">
     <span class='ocr_line' id='line_1_24' title="bbox 169 3031 1215 3142; baseline -0.009 0"><span class='ocrx_word' id='word_1_169' title='bbox 169 3083 222 3142; x_wconf 85' lang='lat' dir='ltr'><strong>rv.</strong></span> <span class='ocrx_word' id='word_1_170' title='bbox 235 3081 267 3138; x_wconf 83' lang='lat' dir='ltr'><strong>a·</strong></span> <span class='ocrx_word' id='word_1_171' title='bbox 278 3031 544 3140; x_wconf 71' lang='lat' dir='ltr'><strong>arenosum</strong></span> <span class='ocrx_word' id='word_1_172' title='bbox 560 3076 804 3140; x_wconf 77' lang='lat' dir='ltr'><strong>Monlsrnnn</strong></span> <span class='ocrx_word' id='word_1_173' title='bbox 822 3075 959 3136; x_wconf 78' lang='lat' dir='ltr'><strong>sinon</strong></span> <span class='ocrx_word' id='word_1_174' title='bbox 975 3071 1215 3135; x_wconf 69' lang='lat' dir='ltr'><strong>snvtrolus</strong></span> 
     </span>
     <span class='ocr_line' id='line_1_25' title="bbox 591 3173 788 3234; baseline 0 0"><span class='ocrx_word' id='word_1_175' title='bbox 591 3173 788 3234; x_wconf 68' lang='lat' dir='ltr'><strong>sononia</strong></span> 
     </span>
    </p>
   </div>
   <div class='ocr_carea' id='block_1_10' title="bbox 250 3347 663 3435">
    <p class='ocr_par' dir='ltr' id='par_1_15' title="bbox 250 3347 663 3435">
     <span class='ocr_line' id='line_1_26' title="bbox 250 3347 663 3435; baseline -0.01 -23"><span class='ocrx_word' id='word_1_176' title='bbox 250 3374 299 3435; x_wconf 82' lang='lat'><strong>27.</strong></span> <span class='ocrx_word' id='word_1_177' title='bbox 321 3351 433 3425; x_wconf 75' lang='lat' dir='ltr'><strong>Codex,</strong></span> <span class='ocrx_word' id='word_1_178' title='bbox 449 3359 486 3412; x_wconf 82' lang='lat' dir='ltr'><strong>n⁰</strong></span> <span class='ocrx_word' id='word_1_179' title='bbox 505 3347 663 3425; x_wconf 59' lang='grc' dir='ltr'>ιιι-402</span> 
     </span>
    </p>
   </div>
   <div class='ocr_carea' id='block_1_11' title="bbox 170 3488 1217 3678">
    <p class='ocr_par' dir='ltr' id='par_1_16' title="bbox 170 3488 1217 3678">
     <span class='ocr_line' id='line_1_27' title="bbox 170 3488 1217 3573; baseline -0.011 -13"><span class='ocrx_word' id='word_1_180' title='bbox 170 3497 422 3560; x_wconf 87' lang='lat' dir='ltr'><strong>Membranaceus</strong></span> <span class='ocrx_word' id='word_1_181' title='bbox 432 3489 522 3568; x_wconf 65' lang='lat' dir='ltr'><strong>in·lt⁰‚</strong></span> <span class='ocrx_word' id='word_1_182' title='bbox 534 3505 678 3553; x_wconf 84' lang='lat' dir='ltr'><strong>constans</strong></span> <span class='ocrx_word' id='word_1_183' title='bbox 687 3491 725 3552; x_wconf 88' lang='grc'><strong>88</strong></span> <span class='ocrx_word' id='word_1_184' title='bbox 736 3488 826 3568; x_wconf 85' lang='lat' dir='ltr'><strong>foliis,</strong></span> <span class='ocrx_word' id='word_1_185' title='bbox 843 3511 917 3552; x_wconf 84' lang='lat' dir='ltr'><strong>ann.</strong></span> <span class='ocrx_word' id='word_1_186' title='bbox 934 3489 1021 3573; x_wconf 73' lang='lat'><strong>1477,</strong></span> <span class='ocrx_word' id='word_1_187' title='bbox 1033 3489 1217 3552; x_wconf 87' lang='lat' dir='ltr'><strong>nitidissime</strong></span> 
     </span>
     <span class='ocr_line' id='line_1_28' title="bbox 170 3587 969 3678; baseline -0.01 -22"><span class='ocrx_word' id='word_1_188' title='bbox 170 3595 296 3678; x_wconf 83' lang='lat' dir='ltr'><strong>scriptus</strong></span> <span class='ocrx_word' id='word_1_189' title='bbox 308 3605 338 3653; x_wconf 90' lang='lat' dir='ltr'><strong>et</strong></span> <span class='ocrx_word' id='word_1_190' title='bbox 348 3604 485 3652; x_wconf 87' lang='lat' dir='ltr'><strong>accurate</strong></span> <span class='ocrx_word' id='word_1_191' title='bbox 498 3590 636 3666; x_wconf 86' lang='lat' dir='ltr'><strong>habitus,</strong></span> <span class='ocrx_word' id='word_1_192' title='bbox 648 3587 700 3650; x_wconf 79' lang='lat' dir='ltr'><strong>sed</strong></span> <span class='ocrx_word' id='word_1_193' title='bbox 714 3588 969 3650; x_wconf 83' lang='lat' dir='ltr'><strong>mendosissimus.</strong></span> 
     </span>
    </p>
   </div>
   <div class='ocr_carea' id='block_1_12' title="bbox 251 3758 651 3838">
    <p class='ocr_par' dir='ltr' id='par_1_17' title="bbox 251 3758 651 3838">
     <span class='ocr_line' id='line_1_29' title="bbox 251 3758 651 3838; baseline -0.015 -13"><span class='ocrx_word' id='word_1_194' title='bbox 251 3767 298 3827; x_wconf 74' lang='lat'><strong>28.</strong></span> <span class='ocrx_word' id='word_1_195' title='bbox 320 3761 431 3838; x_wconf 78' lang='lat' dir='ltr'><strong>Codex,</strong></span> <span class='ocrx_word' id='word_1_196' title='bbox 446 3765 479 3822; x_wconf 86' lang='lat' dir='ltr'><strong>n&#39;</strong></span> <span class='ocrx_word' id='word_1_197' title='bbox 495 3758 651 3837; x_wconf 69' lang='lat' dir='ltr'><strong>rra-40⁸.</strong></span> 
     </span>
    </p>
   </div>
   <div class='ocr_carea' id='block_1_13' title="bbox 171 3906 1215 4092">
    <p class='ocr_par' dir='ltr' id='par_1_18' title="bbox 171 3906 1215 4092">
     <span class='ocr_line' id='line_1_30' title="bbox 171 3906 1214 3992; baseline -0.011 -17"><span class='ocrx_word' id='word_1_198' title='bbox 171 3913 420 3975; x_wconf 74' lang='lat' dir='ltr'><strong>rtemhmusseus</strong></span> <span class='ocrx_word' id='word_1_199' title='bbox 433 3908 520 3987; x_wconf 68' lang='lat' dir='ltr'><strong>inlt‘,</strong></span> <span class='ocrx_word' id='word_1_200' title='bbox 529 3921 672 3971; x_wconf 84' lang='lat' dir='ltr'><strong>constans</strong></span> <span class='ocrx_word' id='word_1_201' title='bbox 682 3909 723 3992; x_wconf 84' lang='lat'><strong>69</strong></span> <span class='ocrx_word' id='word_1_202' title='bbox 732 3907 832 3985; x_wconf 81' lang='lat' dir='ltr'><strong>loliis,</strong></span> <span class='ocrx_word' id='word_1_203' title='bbox 847 3910 904 3970; x_wconf 82' lang='lat' dir='ltr'><strong>XV</strong></span> <span class='ocrx_word' id='word_1_204' title='bbox 919 3927 986 3972; x_wconf 76' lang='lat' dir='ltr'><strong>soec.</strong></span> <span class='ocrx_word' id='word_1_205' title='bbox 999 3916 1149 3980; x_wconf 82' lang='lat' dir='ltr'><strong>exaratus,</strong></span> <span class='ocrx_word' id='word_1_206' title='bbox 1165 3906 1214 3965; x_wconf 90' lang='lat' dir='ltr'><strong>ni·</strong></span> 
     </span>
     <span class='ocr_line' id='line_1_31' title="bbox 171 4005 1215 4092; baseline -0.006 -22"><span class='ocrx_word' id='word_1_207' title='bbox 171 4012 236 4074; x_wconf 86' lang='lat' dir='ltr'><strong>tide</strong></span> <span class='ocrx_word' id='word_1_208' title='bbox 247 4025 278 4074; x_wconf 89' lang='lat' dir='ltr'><strong>et</strong></span> <span class='ocrx_word' id='word_1_209' title='bbox 288 4022 427 4076; x_wconf 78' lang='lat' dir='ltr'><strong>accurate</strong></span> <span class='ocrx_word' id='word_1_210' title='bbox 436 4009 579 4092; x_wconf 81' lang='lat' dir='ltr'><strong>scriptus,</strong></span> <span class='ocrx_word' id='word_1_211' title='bbox 593 4006 644 4072; x_wconf 83' lang='lat' dir='ltr'><strong>sed</strong></span> <span class='ocrx_word' id='word_1_212' title='bbox 659 4009 730 4070; x_wconf 86' lang='lat' dir='ltr'><strong>satis</strong></span> <span class='ocrx_word' id='word_1_213' title='bbox 740 4009 831 4072; x_wconf 79' lang='lat' dir='ltr'><strong>bonas</strong></span> <span class='ocrx_word' id='word_1_214' title='bbox 843 4020 935 4071; x_wconf 80' lang='lat' dir='ltr'><strong>notre.</strong></span> <span class='ocrx_word' id='word_1_215' title='bbox 955 4007 1067 4068; x_wconf 79' lang='lat' dir='ltr'><strong>Praeter</strong></span> <span class='ocrx_word' id='word_1_216' title='bbox 1081 4005 1100 4065; x_wconf 91' lang='lat' dir='ltr'>J</span> <span class='ocrx_word' id='word_1_217' title='bbox 1102 4023 1215 4065; x_wconf 81' lang='lat' dir='ltr'><strong>uveoa·</strong></span> 
     </span>
    </p>
   </div>
   <div class='ocr_carea' id='block_1_14' title="bbox 0 0 1571 4934">
    <p class='ocr_par' dir='ltr' id='par_1_19' title="bbox 0 0 1571 4934">
     <span class='ocr_line' id='line_1_32' title="bbox 0 0 1571 4934; baseline 0 0"><span class='ocrx_word' id='word_1_218' title='bbox 0 0 1571 4934; x_wconf 95' lang='lat' dir='ltr'><strong> </strong></span> 
     </span>
    </p>
   </div>
  </div>
 </body>
</html>
