2970 4936
346 585 1308 616 wvwwwmwumuwmwomwwwwomwowmmmwwu
1312 595 1394 616 ννιυι

551 771 1188 917 striatarum.

817 1100 921 1114 *—

350 1322 482 1422 Neues
494 1351 567 1420 haec
578 1349 812 1443 assidue?jam
824 1348 953 1418 clarum
965 1375 1064 1418 mane
1077 1351 1240 1419 fenestras

350 1472 475 1558 latrat,
488 1481 522 1532 et
533 1479 693 1555 angustas
705 1463 856 1530 extendit
865 1461 993 1530 lumine
1005 1466 1126 1532 rimas:

349 1578 543 1657 stertimus,
556 1573 760 1641 indomitum
772 1572 866 1668 quod
876 1573 1078 1666 despumare
1089 1571 1269 1641 Falernum

349 1685 514 1754 Sufficiat!
529 1685 652 1770 Quinta
664 1683 747 1750 dum
759 1683 848 1751 linea
859 1687 1009 1775 tangitur
1022 1681 1160 1764 umbra,

349 1801 400 1862 En
413 1775 494 1890 quid
507 1796 712 1886 agislsiccas
725 1795 843 1860 insana
854 1792 1007 1860 canicula
1019 1817 1146 1860 messes
1381 1805 1396 1856 5

349 1911 367 1972 J
370 1931 424 1972 am
436 1903 567 1971 dudum
579 1908 711 1998 coquit,
725 1920 758 1970 et
770 1903 885 1996 patula
895 1927 1000 1996 pecus
1012 1928 1112 1972 omne
1125 1903 1188 1971 sub
1201 1904 1294 1971 ulmo
1306 1920 1359 1972 est
1373 1931 1379 1970 :

352 2022 448 2084 Unus
461 2018 507 2082 ait
519 2018 693 2082 comitum.
706 2053 753 2064 —-
769 2045 781 2074 a
794 2017 986 2082 Verumue?
997 2017 1108 2082 itane?
1120 2018 1214 2082 ocius
1227 2015 1313 2083 adsit

352 2132 426 2193 Huc
437 2125 575 2219 aliquis!
590 2121 772 2192 nemon’?n
789 2163 835 2173 -
846 2127 1024 2214 Turgescit
1035 2127 1139 2192 vitrea
1151 2122 1244 2208 bilis;

352 2236 521 2303 Finditur.
533 2289 539 2302 .
552 2289 558 2301 .
572 2289 578 2302 .
594 2234 742 2302 Arcadiae
755 2236 911 2326 pecuaria
922 2235 1044 2310 rudere
1055 2234 1160 2303 dicas.

398 2349 472 2412 Jam
485 2343 584 2427 liber,
597 2361 631 2413 et
642 2341 770 2414 bicolor
782 2347 900 2437 positis
911 2343 1110 2412 membrana
1122 2344 1269 2437 capillis,
1369 2377 1399 2409 ιο

353 2462 460 2554 lnque
472 2465 593 2526 manus
605 2453 744 2541 chartae,
759 2453 953 2552 nodosaque
965 2445 1057 2521 veuit
1068 2454 1208 2521 arundo.

620 2665 734 2705 SATIRAE
744 2663 863 2703 TER‘HAE
875 2660 1127 2702 turununmrto.

397 2806 410 2834 ιι
421 2782 558 2840 Sorsrcer
573 2777 654 2837 idem
669 2779 733 2858 agis
748 2775 976 2836 indesinenter?
988 2777 1054 2858 jam
1068 2777 1236 2838 clarissima
1249 2776 1302 2836 lux
1316 2775 1399 2838 fene·

354 2892 429 2936 stras
447 2875 495 2936 vel
513 2875 630 2960 clausas
649 2878 761 2952 intrat,
779 2874 1013 2955 clauseruntque
1031 2876 1136 2938 breves
1156 2879 1249 2938 rimas
1266 2875 1400 2959 trajectis

356 2973 448 3032 radiis
460 2975 493 3032 in
505 2972 636 3054 longum
645 2971 767 3032 videtur
778 2972 936 3032 extendere
948 2995 955 3030 ι
968 2973 1083 3034 interea
1095 2995 1149 3034 nos
1159 2974 1275 3035 desides
1286 2995 1399 3034 somno

355 3069 568 3151 indulgemus,
586 3087 739 3150 quantum
757 3068 890 3130 sufficiat
907 3071 999 3130 etiam
1019 3071 1058 3131 ad
1077 3071 1274 3152 coquendum
1287 3074 1401 3134 vinum

356 3168 585 3249 gravissimum!
598 3167 681 3226 Dum
694 3169 727 3228 in
737 3167 851 3227 solario
863 3169 971 3248 quinta
981 3167 1047 3248 jam
1058 3168 1140 3228 liuea
1152 3171 1320 3250 gnomonis
1332 3191 1402 3229 um-

355 3264 411 3324 bra
421 3264 573 3344 tangitur,
585 3284 625 3324 en
636 3263 725 3324 labor
737 3267 791 3326 iste
802 3269 888 3326 tuus!
903 3268 973 3328 Jam
986 3265 1105 3326 dudum
1117 3267 1163 3328 sol
1175 3267 1316 3327 canicula
1325 3289 1403 3349 prae·

355 3359 488 3420 fervidus
500 3375 597 3422 torret
607 3363 706 3424 aridas
718 3359 841 3445 segetes,
852 3378 882 3424 et
892 3365 1022 3446 pecudes
1032 3365 1069 3426 de
1082 3386 1168 3426 more
1179 3367 1332 3448 compulit
1343 3367 1400 3426 sub

357 3477 467 3537 opacas
480 3457 617 3533 arbores,
634 3472 667 3518 nt
681 3473 803 3540 captent
816 3460 968 3542 frigora.»
984 3461 1032 3521 Sic
1044 3462 1181 3542 increpat
1193 3461 1402 3524 adolescentu-

355 3551 422 3612 lum
441 3573 522 3612 unus
540 3575 557 3613 e
575 3556 756 3631 comitibus,
776 3558 830 3636 qui
846 3570 956 3617 curant
969 3556 1203 3616 instituendum.
1219 3555 1274 3617 Ille
1288 3557 1401 3632 refert,

359 3674 372 3702 ιι
385 3649 540 3709 Verumne
558 3651 643 3732 quod
662 3652 729 3712 ais?
751 3654 832 3713 itane
851 3653 913 3714 esti
935 3652 1013 3713 adsit
1031 3675 1125 3735 quam
1147 3656 1300 3736 primum,
1323 3653 1401 3714 adsit

356 3743 543 3806 famulorum
558 3737 684 3828 aliquis!
696 3794 703 3809 .
715 3792 743 3808 ..
760 3748 912 3809 nullus-ne
924 3749 1055 3810 aderiti.
1068 3795 1095 3811 ..
1113 3777 1127 3808 a
1144 3752 1275 3832 Jamque
1284 3749 1402 3810 furenti

355 3843 515 3925 splendida
528 3845 600 3905 bilis
613 3847 804 3921 intumescit3
819 3849 854 3906 in
870 3869 958 3909 voces
974 3851 1130 3931 rumpitur
1146 3850 1337 3912 inconditas.
1349 3895 1357 3909 .
1369 3894 1396 3910 ..

356 3943 398 4001 ita
413 3955 447 4002 ut
459 3963 551 4002 omne
565 3965 656 4025 pecus
670 3943 806 4004 Arcadiae
818 3943 947 4025 (asinos)
961 3945 1069 4007 rudere
1084 3947 1255 4008 credideris.

399 4063 443 4102 ro.
456 4041 583 4102 Tandem
592 4042 751 4124 aliquando
750 4039 1044 4124 juoeuisadstudium
1051 4048 1226 4128 accingitur,
1231 4044 1360 4127 jamque
1368 4045 1400 4103 in

357 4158 465 4198 rnauus
484 4161 592 4199 venere
610 4139 700 4214 libri,
719 4154 748 4199 et
767 4162 960 4222 pergamenae
979 4141 1132 4220 colorem,
1151 4143 1221 4224 pilis
1241 4141 1398 4214 detractis,

355 4235 512 4314 geminum
529 4236 707 4312 referentes,
723 4251 752 4295 et
765 4260 915 4320 papyrus,
930 4253 959 4298 et
973 4239 1134 4300 distinctus
1149 4240 1240 4300 nodis
1254 4239 1397 4300 calamus.
