3148 4950
545 587 600 681 D.
629 581 806 688 JUNII
825 575 1199 688 JUVENALIS

781 815 967 926 vrrs
1135 772 1138 776 ’

375 1067 451 1134 PER
467 1064 595 1128 ANNUS
615 1060 893 1126 monterianus
911 1059 1179 1122 CONJEOE'URIS
1194 1059 1381 1121 mansu.

779 1275 961 1314 «σο-ν·-

498 1435 566 1486 Ann.
578 1431 644 1485 Urb.
659 1429 743 1482 Goud.
758 1427 884 1500 (secund.
897 1429 989 1500 Varr.)
1002 1427 1070 1499 795,
1082 1428 1179 1484 Clu-isti
1188 1429 1241 1496 42,

778 1517 910 1572 luvenalis
925 1535 947 1572 1.

349 1668 539 1772 prensatur.
555 1721 614 1784 est,
635 1705 814 1771 iuvenalem
836 1725 899 1764 non
917 1717 1004 1780 ante,
1021 1703 1072 1764 sed
1094 1705 1197 1786 potius
1220 1703 1402 1787 posthunc

346 1829 465 1870 annum
479 1807 534 1887 (U.
550 1807 583 1866 C.
596 1805 671 1892 795)
686 1806 720 1864 in
730 1803 831 1864 lucem
842 1801 959 1862 editum
973 1821 1043 1862 esse.
1059 1802 1192 1874 Satiram
1208 1805 1295 1864 enim
1312 1803 1403 1865 deci·

346 1926 432 1966 mam
443 1905 564 1966 tertiam
576 1903 665 1962 annis
675 1902 742 1963 LXI
755 1913 825 1984 post
838 1898 1031 1960 consulatum
1043 1902 1174 1976 Fonteii,
1189 1899 1347 1980 adeoque,
1360 1902 1405 1981 (si

344 1999 396 2062 ille
411 2001 445 2059 C.
457 2001 603 2060 Fonteius
613 1995 852 2078 Capitoest,qui
862 2015 935 2057 aun.
950 1996 988 2054 U.
1001 1997 1034 2056 G.
1046 1995 1121 2071 812,
1133 1994 1323 2074 consulitur,
1331 2017 1404 2058 nou

345 2099 380 2158 L.
393 2097 537 2156 Fonteius
553 2097 665 2176 Capito
682 2114 743 2155 cos.
761 2113 834 2154 ann.
849 2093 887 2152 U.
901 2091 936 2150 C.
953 2093 1044 2171 820),
1058 2113 1134 2152 aun.
1150 2095 1187 2152 U.
1200 2094 1234 2152 C.
1252 2094 1330 2175 873,
1347 2115 1405 2154 eo-

344 2194 477 2276 demque
490 2212 575 2253 auno
587 2192 635 2252 vel
648 2195 753 2277 potius
764 2201 921 2272 sequente,
931 2189 1056 2250 satiram
1066 2189 1123 2251 XV
1136 2191 1270 2273 scripsit,
1282 2205 1337 2252 aut
1350 2215 1405 2253 re-

345 2293 465 2368 citavit3
478 2291 512 2350 in
523 2292 687 2374 AEgyptunr
701 2303 821 2364 autem,
834 2307 932 2370 quum
947 2289 1167 2370 octogenarius
1179 2283 1269 2366 esset,
1284 2292 1403 2356 missus

346 2403 407 2464 est,
421 2388 526 2469 ibique
543 2389 624 2448 iutra
638 2385 853 2447 brevissimum
866 2395 986 2464 tempus
997 2403 1113 2464 angore
1126 2399 1155 2445 et
1173 2385 1267 2446 tudio
1284 2388 1403 2468 periit,

346 2489 373 2548 si
391 2485 466 2547 fides
482 2483 627 2544 habenda
641 2483 811 2557 Suetonio,
826 2499 902 2539 nant
920 2483 977 2556 ita,
995 2482 1153 2542 brevitatis
1166 2501 1276 2558 causa,
1293 2486 1403 2549 ineer-

345 2597 414 2644 tum
427 2584 505 2644 visu
518 2603 610 2663 supra
624 2580 782 2661 adscriptae
798 2588 953 2637 auctorem
965 2576 1120 2659 appellare
1135 2577 1232 2638 liceat
1249 2580 1343 2640 Conf.
1356 2581 1403 2642 ad

343 2699 421 2740 ann.
433 2681 470 2739 U.
487 2681 520 2739 C.
536 2679 611 2757 833,
625 2691 655 2737 et
666 2674 741 2758 8743
754 2673 793 2733 ad
804 2675 864 2733 Sat.
878 2673 966 2750 xlll,
985 2675 1036 2749 16,
1052 2695 1104 2758 17,
1119 2687 1149 2736 et
1163 2675 1234 2752 XV,
1252 2695 1301 2757 ²7·

386 2774 502 2834 Eodem
520 2793 604 2834 anno
623 2769 854 2853 Quintilianum,
876 2769 1079 2833 clarissimum
1096 2768 1268 2844 rhetorem,
1285 2775 1335 2850 (v.
1356 2773 1401 2836 ad

346 2871 406 2930 Sat.
419 2871 478 2944 Vl,
494 2871 532 2950 75
543 2881 574 2929 et
585 2867 671 2946 Ιᾳιὸο.)
684 2867 865 2926 Juvenalem
875 2886 947 2926 vero
961 2887 1035 2926 ann.
1044 2868 1082 2926 U.
1093 2869 1128 2928 G.
1141 2887 1195 2948 79¹
1207 2913 1216 2945 ,
1228 2865 1347 2930 Christi
1357 2870 1401 2931 38

347 2977 457 3024 natum
466 2985 544 3040 esse,
555 2961 766 3044 suspicabatur
776 2963 949 3024 Dodwellus
960 2964 994 3022 in
1006 2964 1119 3026 Annal.
1128 2963 1260 3040 Quintil.
1272 2969 1403 3048 Regna·

346 3062 481 3121 battunc
490 3057 635 3140 temporis
644 3059 694 3137 (ab
705 3079 778 3118 ann.
786 3060 824 3119 U.
835 3060 869 3118 C.
880 3057 1401 3142 794-807,Christi41-54.)'1ib.

347 3155 484 3218 Cluudiru
490 3158 606 3217 Drusus
615 3178 623 3230 3
633 3167 704 3215 ante
715 3176 807 3236 quem
818 3157 867 3236 (ab
879 3176 951 3216 ann.
961 3157 997 3217 U.
1007 3158 1042 3218 C.
1053 3155 1121 3237 794,
1127 3156 1242 3218 Christi
1252 3159 1370 3238 37-41
1378 3165 1401 3238 .)

346 3252 511 3334 imperium
529 3265 668 3314 tenuerat
688 3252 721 3310 C.
742 3252 841 3314 Caesar
854 3251 1002 3334 Caliqula,
1023 3254 1079 3334 qui
1100 3274 1175 3313 ann.
1196 3256 1235 3314 U.
1255 3255 1289 3314 C.
1311 3277 1399 3336 791,

346 3349 462 3411 Christi
473 3352 529 3426 38,
543 3363 667 3433 accepto
680 3373 698 3411 a
711 3351 850 3411 Caesonia
863 3370 958 3411 uxore
975 3349 1092 3432 philtro
1111 3353 1146 3412 iu
1164 3351 1302 3413 furorem
1317 3373 1400 3415 con-

344 3446 440 3528 jectus
453 3461 517 3507 erat
531 3445 588 3522 (ef.
602 3449 661 3508 Sat.
675 3447 733 3519 Vl,
752 3447 809 3506 615
823 3447 903 3528 sq.);
917 3458 946 3506 et
959 3467 1036 3507 ann.
1049 3449 1087 3508 U.
1106 3450 1140 3508 C.
1160 3449 1229 3530 793.
1244 3449 1400 3530 Lugduni

345 3542 518 3603 instituerat
527 3555 682 3603 certamen
692 3544 804 3602 Graecae
814 3542 990 3622 Latinaeque
1001 3540 1174 3619 facundior,
1184 3546 1224 3623 (v.
1238 3544 1278 3605 ad
1289 3547 1352 3605 Sat.
1363 3547 1398 3624 l,

345 3635 402 3712 lii,
416 3650 446 3697 et
458 3639 529 3712 Vll,
548 3637 602 3720 ¹47
614 3639 677 3720 sq.)
694 3658 756 3718 quo
772 3639 865 3697 etiam
880 3651 1017 3717 ternpore
1036 3638 1075 3697 ab
1088 3659 1124 3698 eo
1141 3639 1247 3700 forsan
1266 3643 1300 3700 iu
1316 3645 1398 3702 exsi-

345 3731 424 3792 lium
439 3734 545 3793 missus
562 3733 710 3795 Secundus
727 3733 865 3791 Currlnru
883 3731 998 3809 rhetor,
1011 3733 1049 3793 de
1064 3755 1128 3816 quo
1142 3757 1171 3795 v.
1185 3737 1224 3796 ad
1239 3739 1301 3798 Sat.
1315 3739 1396 3816 vll,

345 3829 412 3905 204.
434 3831 492 3890 Hic
510 3851 580 3890 vero
599 3829 739 3910 Caligula
757 3843 938 3889 successerat
959 3829 1086 3906 Tiberio,
1106 3833 1146 3892 de
1165 3833 1255 3912 cujus
1272 3853 1398 3899 secessu

345 3927 505 4008 Capreensi
513 3930 596 4004 (ann.
605 3929 642 3987 U.
653 3929 687 3985 C.
701 3927 1073 4008 780—790.),tyrannide,
1081 3941 1111 3989 et
1123 3932 1296 3992 amiconun
1306 3934 1398 4014 prin·

342 4024 409 4104 cipe
426 4021 532 4102 Sejano
548 4022 698 4103 hujusque
712 4035 857 4102 potestate
877 4045 911 4082 ae
930 4039 1041 4099 morte,
1055 4046 1083 4085 v.
1100 4025 1160 4086 Sat.
1174 4028 1216 4102 X,
1237 4030 1394 4091 56-113.
