3026 4944
344 490 385 554 28
518 487 674 552 VARlAE
698 487 973 552 LEGTIONES
996 489 1058 553 ΕΤ
1082 491 1217 556 NOTAE

339 595 433 648 melius
442 598 568 667 speravit,
578 594 619 647 vel
628 595 730 667 potins,
739 594 851 646 lectores
859 613 893 645 en
903 597 936 646 sit
946 593 1100 662 habiturus,
1111 616 1204 669 perum
1212 611 1301 665 curet,
1310 601 1393 672 subji-

340 677 375 726 cit
383 675 498 748 quodum
507 676 566 728 ficte
574 690 599 728 et
607 674 736 727 derisoria
743 673 928 746 desperatione
938 699 944 726 :
956 695 1032 728 nemo
1038 698 1048 738 ,-
1055 676 1105 728 sub
1115 699 1121 727 :
1133 695 1192 730 mee
1202 680 1300 750 scripto
1308 677 1390 750 leget!

372 783 439 832 Nor.
451 782 475 834 3.
487 779 538 832 Vel
546 780 613 846 duo,
624 779 665 830 vel
675 798 750 832 nemo
758 802 767 841 ,·
778 790 853 852 turpe
861 792 886 831 et
895 780 1047 832 miserabile.
1057 812 1093 820 -
1103 781 1205 851 Quare?
1213 785 1310 834 Totum
1319 781 1391 836 hune

338 877 459 925 versum,
472 871 582 931 excepto
595 877 687 932 quare,
699 859 823 909 monitori
835 857 988 922 tribuimus;
1001 862 1078 911 aliter
1086 879 1148 911 vero
1158 879 1173 911 e
1184 861 1318 914 nonnullis
1329 861 1393 932 legi·

339 954 391 991 tur.
405 941 510 992 Initium
522 958 613 992 versus
627 959 687 991 cum
699 939 750 989 fine
765 937 936 1010 praecedentis
949 939 1082 992 coherere
1093 940 1203 1006 volunt,
1217 940 1392 1014 tribuuntque

339 1022 427 1072 Persio
439 1019 495 1072 haec
508 1019 606 1072 verba:
622 1019 736 1088 velden,
752 1018 838 1086 vel...‚
853 1021 927 1092 quasi
941 1019 987 1071 ille
1000 1040 1054 1088 non
1072 1020 1231 1074 concederet
1242 1020 1392 1074 edversario

339 1103 432 1154 satiras
443 1119 504 1154 sues
513 1119 621 1172 prorsus
633 1119 648 1152 n
660 1102 767 1150 nemine
775 1097 900 1169 legendas
908 1119 979 1163 esse;
993 1100 1086 1152 saltem
1095 1103 1163 1153 enim
1174 1101 1284 1154 nelduos
1292 1102 1393 1156 veltres

338 1193 473 1250 repertum
488 1179 534 1246 iri,
547 1179 592 1250 qui
609 1177 706 1249 legent.
723 1176 775 1231 Sed
793 1179 925 1243 monitor,
940 1197 994 1230 non
1010 1193 1164 1252 exspectans
1179 1179 1266 1233 donec
1282 1178 1394 1234 inchoe-

339 1273 393 1311 tam
410 1261 565 1312 sententiam
582 1260 684 1311 Persius
696 1256 834 1324 absolvat,
845 1258 996 1331 interpellat
1010 1274 1036 1313 et
1048 1261 1169 1332 subjicit:
1182 1281 1266 1314 nemo.
1281 1264 1342 1314 Non
1355 1277 1393 1314 est

339 1341 430 1410 inepte
446 1338 550 1410 quidem
568 1337 623 1390 haec
640 1337 728 1390 lectio.
744 1332 868 1390 Nostram
885 1358 948 1390 vero
968 1353 1077 1392 tuentur
1095 1353 1122 1392 et
1140 1359 1233 1394 sensus
1253 1335 1350 1392 clarior
1366 1355 1394 1393 et

339 1435 423 1488 grece
437 1417 565 1488 analogia.
579 1419 661 1470 Graeci
673 1435 784 1488 nempe,
798 1420 904 1488 quoties
920 1438 1049 1471 summum
1059 1422 1192 1472 raritatem
1201 1421 1296 1473 volunt
1308 1424 1394 1493 expri-

339 1517 424 1564 mere,
435 1500 473 1550 sic
485 1500 585 1551 fuciunt
599 1521 605 1550 :
624 1495 638 1548 l
654 1496 742 1564 ὀλίγοι,
755 1495 769 1548 l
780 1497 869 1559 eilde,
882 1499 923 1550 vel
935 1496 951 1549 υ·
964 1521 1013 1566 τις,
1030 1499 1136 1556 laidus.
1155 1501 1345 1572 Hippocrates,
1359 1500 1394 1554 de

339 1576 436 1630 Morbo
453 1596 543 1644 sucro,
560 1577 602 1628 ὁυιι
620 1575 653 1628 ier
672 1575 686 1627 ii
705 1577 780 1631 seiros
797 1576 857 1629 aire
874 1575 1040 1643 mutabilius,
1056 1577 1108 1629 ἀλλ’
1125 1579 1138 1629 i
1156 1577 1247 1644 ὀλίγους
1265 1579 1278 1630 i
1294 1577 1393 1642 ridire;

338 1657 466 1722 AElinnns,
474 1655 507 1709 de
516 1661 602 1709 Anim.
612 1657 628 1707 Ι.
637 1657 698 1722 Vll,
709 1657 755 1709 cb
765 1677 772 1719 ;
783 1654 904 1724 θυυμείζυ
913 1679 948 1712 mr
958 1658 972 1709 tl
980 1655 1150 1720 aidssefflion.
1161 1655 1179 1708 l.
1188 1659 1305 1723 mitt,
1316 1657 1395 1726 ieeurq's'
1493 1645 1495 1648 Ι

338 1735 354 1789 n*
359 1758 394 1794 me
404 1736 418 1789 i
427 1736 497 1792 eilde
508 1734 618 1802 morirer
628 1732 703 1788 idib».
717 1733 798 1807 Igitur
808 1737 850 1788 vel
858 1738 924 1805 dna,
934 1737 976 1789 vel
985 1756 1074 1804 nemo,
1085 1738 1173 1804 idest,
1185 1739 1346 1808 paucissimi.
1356 1768 1394 1779 --

341 1819 428 1890 Turpe
442 1827 468 1868 ct
483 1816 628 1870 miserabile
638 1817 718 1869 verba
733 1830 794 1869 sunt
809 1835 917 1889 quoque
929 1819 1085 1882 monitoris,
1099 1816 1151 1869 boc
1166 1817 1258 1870 labore
1274 1821 1393 1872 Persium

339 1894 441 1946 nullum
464 1897 573 1966 gratiam
594 1909 733 1965 capturum
747 1899 905 1966 reputantis.
925 1899 1024 1948 Verum
1041 1894 1095 1948 boc
1116 1909 1191 1968 torpe
1206 1907 1232 1947 et
1247 1896 1394 1950 miserabile

338 1987 442 2027 tentum
457 1977 488 2026 iis
502 1974 585 2028 rideri
599 1987 704 2046 potest,
725 1977 770 2044 qni
787 1973 965 2028 multitudinis
984 1976 1093 2048 plausus
1113 1989 1237 2048 captant,
1257 1995 1311 2028 non
1329 1979 1392 2028 item

339 2057 437 2108 Persio.
456 2055 548 2128 ltaque
568 2057 689 2120 Persius,
707 2057 782 2127 quasi
801 2059 930 2108 rationem
950 2073 997 2108 cur
1013 2056 1040 2107 id
1060 2069 1133 2128 turpe
1151 2067 1177 2107 et
1193 2054 1340 2110 miserabile
1358 2059 1393 2109 sit

339 2137 481 2207 ignorans,
496 2136 533 2188 sic
546 2137 710 2206 interroget:
726 2136 824 2206 quarn?

371 2293 454 2338 Vsus
463 2306 597 2340 inaniorem.
611 2293 634 2351 d.
645 2297 682 2340 Ne
692 2293 748 2341 milri
752 2293 896 2354 Polydamas.
906 2298 993 2342 -Pro
1002 2310 1030 2342 ne
1039 2293 1124 2357 legitur
1133 2311 1194 2359 sepe
1204 2298 1290 2358 smptus
1296 2297 1320 2340 in
1328 2296 1391 2344 MSS.

340 2379 388 2424 naa,
394 2377 481 2410 nutrire.
487 2366 720 2425 Qunrnmlectionum
728 2367 850 2430 priorcum
860 2383 886 2414 es
892 2382 948 2414 soce
957 2382 1030 2432 naqa,
1036 2383 1088 2430 que
1096 2368 1168 2414 Persii
1176 2367 1282 2431 proiecto
1288 2381 1331 2424 est,
1337 2384 1392 2415 con·

339 2437 419 2482 venire
429 2434 495 2483 nollo
504 2438 575 2484 modo
585 2451 668 2502 potest.
680 2439 798 2485 Posterior
805 2455 861 2485 vero
870 2455 918 2486 non
928 2439 1014 2486 insulse
1024 2451 1067 2486 est.
1079 2439 1148 2485 Dabit
1156 2442 1218 2485 enim
1227 2439 1290 2486 hunc
1298 2455 1392 2486 sensum

340 2521 431 2552 versus:
441 2509 517 2564 noe,id
525 2522 560 2556 est
565 2511 680 2574 profecto,
687 2519 825 2574 anteponent
831 2509 887 2556 milri
892 2511 1024 2557 labeonem.
1031 2513 1119 2575 Naqoe,·
1126 2511 1149 2557 id
1158 2524 1205 2568 est,
1215 2513 1255 2558 sed
1261 2509 1391 2575 bosporum
1497 2529 1500 2535 ·

339 2595 401 2626 caro.
410 2605 441 2618 -
449 2580 595 2642 Polydamas,
606 2581 670 2646 quod
677 2579 765 2629 babent
773 2581 848 2629 Codd.
857 2599 951 2640 omnes,
962 2585 1064 2639 servavi,
1075 2585 1118 2630 eui
1126 2601 1163 2630 me
1171 2600 1220 2631 nou
1227 2585 1286 2644 fugit
1293 2601 1391 2646 grecum

338 2663 419 2695 vocem
426 2663 475 2696 esse
484 2667 489 2696 :
500 2645 668 2711 Πουλυδάμας,
675 2662 746 2712 etque
753 2650 852 2713 primum
860 2651 884 2696 in
894 2666 899 2696 :
908 2649 1059 2711 Polydamas,
1068 2667 1119 2699 esse
1127 2653 1310 2714 corripiendum,
1319 2656 1390 2700 utin:

338 2717 472 2778 Polydorum.
478 2722 543 2782 uegit
549 2719 810 2777 Koen.Pnlidamas‚ulii
817 2736 823 2766 :
829 2719 976 2780 Pollydamas
981 2737 1041 2785 ,oue
1047 2725 1185 2770 auctoritate
1192 2725 1293 2780 inducti,
1302 2725 1390 2771 nescio.

376 2821 442 2871 ism.
449 2822 474 2888 4.
482 2819 522 2871 Ne
529 2821 597 2872 milii
602 2819 761 2891 Polydamas
767 2833 792 2873 et
798 2820 921 2874 Troiades
928 2820 1073 2874 Labeonem
1083 2822 1391 2898 Proetuleriatlnupoe.-

340 2896 512 2968 Polydamas,
522 2902 654 2970 Trojenus
664 2902 702 2951 vir
712 2901 788 2952 fortis
801 2913 828 2952 et
839 2902 960 2972 sepiens,
972 2904 1048 2973 cujus
1058 2905 1158 2956 Hector
1168 2922 1307 2956 censuram
1316 2923 1390 2956 reve-

341 2973 458 3028 rebatur.
470 2977 548 3029 Hom.
561 2977 635 3030 Iliad.
648 2975 694 3030 lib.
705 2979 822 3045 X,vers.
842 2995 891 3032 roo
905 2993 932 3032 et
948 2979 1014 3054 1053

576 3059 736 3126 nsainddpaer
746 3083 788 3128 μοι
797 3065 884 3131 aprinos
894 3063 1015 3132 imperim
1025 3065 1162 3118 iraliest...

577 3129 685 3196 sibene·
696 3134 786 3199 prar,
799 3136 840 3184 eei
850 3131 958 3203 Tparidae
966 3133 1153 3189 iuravimus.

341 3217 470 3270 Videntur
481 3215 510 3268 hi
523 3233 613 3269 versus
625 3217 652 3266 in
665 3217 836 3289 proverbium
851 3220 927 3291 quasi
939 3218 1036 3273 abiisse
1050 3219 1122 3290 apud
1134 3221 1272 3292 antiquos,
1284 3222 1389 3290 quoties

341 3309 399 3348 eret
404 3292 584 3368 designandus
593 3292 702 3366 uliquis,
709 3298 785 3366 cujus
794 3295 836 3348 vel
845 3315 985 3350 censuram
995 3296 1180 3365 timerent,vel
1189 3317 1285 3350 nomen
1295 3297 1391 3351 vellent

340 3381 457 3430 reticere.
473 3377 515 3432 stc
529 3389 671 3448 utrumque
684 3379 790 3432 Homeri
801 3397 908 3430 versum
919 3380 1057 3450 usurparit
1067 3377 1187 3446 Tullius,
1199 3381 1226 3430 in
1238 3379 1356 3451 Epistola
1367 3381 1390 3430 V

342 3459 377 3511 sd
386 3459 517 3524 Atticum,
528 3456 573 3509 lib.
587 3459 624 3520 11;
634 3471 660 3510 et
672 3460 699 3509 in
708 3460 733 3524 l,
744 3457 789 3510 lib.
802 3461 863 3512 Vll:
879 3483 890 3506 ι
902 3459 978 3512 eliter
991 3463 1118 3513 sensero?
1127 3457 1237 3525 ludriam
1250 3481 1304 3512 nou
1314 3465 1391 3513 Potn-

341 3543 432 3610 peium
444 3538 537 3606 modo,
548 3537 596 3591 sed
608 3539 686 3607 Tpeiae
696 3537 735 3590 eei
744 3540 872 3608 Tpeielae.
884 3537 1043 3605 Πυνλυδιῖμις
1050 3559 1091 3605 μοι
1103 3541 1192 3609 espeisse
1202 3539 1319 3605 immisi
1329 3539 1390 3593 ἱνα-

342 3620 412 3671 lieri.
423 3621 504 3688 Quis?
514 3622 610 3692 tuipse
620 3618 743 3674 laudator
753 3636 778 3673 et
790 3625 951 3693 scriptorum
960 3635 985 3672 et
997 3622 1131 3673 factorum
1140 3640 1270 3673 meorum,
1282 3645 1293 3668 υ
1305 3623 1388 3692 Epist.

341 3701 415 3768 xm,
425 3702 442 3754 l.
453 3703 527 3756 Vllls
541 3725 554 3748 s
564 3698 673 3768 sinleipm
683 3701 769 3772 Tpeiee.
781 3727 793 3750 ι
808 3702 850 3754 ste
860 3716 950 3754 noster
959 3701 1024 3753 dixit
1035 3724 1040 3753 :
1054 3701 1214 3774 Polydamas
1225 3711 1251 3753 et
1261 3703 1390 3755 Troiades.

341 3786 390 3836 Per
399 3777 592 3855 Polydamanta
602 3785 719 3856 intellige
729 3797 774 3836 sut
783 3801 909 3854 magnum
920 3801 1012 3854 quern,
1024 3786 1100 3854 eujus
1112 3783 1254 3835 multitudo
1260 3782 1391 3853 judicium

341 3874 440 3914 temere
450 3877 585 3933 sequetur,
595 3875 641 3915 eut
652 3866 739 3934 ipsum
750 3863 907 3934 principem.
921 3861 960 3912 Ac
971 3864 1116 3932 pessimum
1127 3863 1246 3914 omnium
1256 3863 1390 3912 Neronem

341 3939 520 3995 honestissimi
529 3943 578 3996 viri
588 3943 696 3994 nomine
704 3941 851 4012 designari,
859 3958 915 3991 non
925 3953 965 3992 est
974 3941 1138 4004 mirandum,
1151 3960 1234 4014 quum
1246 3952 1347 3992 tantum
1356 3941 1390 3990 sit

342 4025 370 4073 in
382 4026 439 4093 ejus
450 4025 577 4095 principis
589 4023 781 4094 vituperatione
793 4017 957 4093 periculum
969 4020 1038 4074 adde
1048 4020 1122 4093 quod
1135 4020 1193 4074 laus
1201 4019 1246 4072 hic
1255 4022 1390 4090 vitupere-

343 4104 422 4156 tionis
438 4102 527 4155 locum
543 4101 671 4154 obtineat.
688 4105 738 4154 Per
751 4101 872 4154 Troiades
883 4099 999 4172 intellige
1011 4102 1160 4168 Romanos,
1180 4119 1263 4173 quos,
1279 4112 1391 4171 propter

343 4177 494 4247 mollitiem,
503 4197 537 4232 ne
547 4181 664 4232 virorum
672 4177 779 4250 quidem
789 4181 896 4232 nomine
903 4179 999 4250 dignos
1005 4179 1145 4251 judicavit.
1156 4179 1198 4232 Sic
1207 4179 1278 4251 virg.
1289 4175 1388 4231 AEneid.
