3116 4934
384 467 451 538 tot
656 468 662 480 ’
790 471 1027 538 cunstitui

422 615 472 678 7⁰·
490 595 552 656 Nec
565 615 674 678 ponere
690 573 943 678 lucum'Attifices.
963 597 998 656 in
1017 599 1089 657 Arte
1100 619 1107 656 :
1120 597 1198 680 Quia
1215 619 1323 679 ponne
1342 612 1430 660 totum

379 695 503 755 Nesciet.
515 691 573 754 Sed
591 693 693 778 potius
709 691 799 753 illum
813 713 937 754 versum
951 696 1120 777 spectavit,
1134 716 1170 756 ex
1183 695 1257 756 Oda
1271 693 1310 773 8,
1320 696 1370 756 lib.
1384 697 1419 756 Ν

381 791 484 851 Carni.
498 789 604 852 Sollers
617 812 697 852 nunc
710 788 857 850 honsinem
869 813 991 874 ponere,
1006 813 1087 854 nuuc
1102 791 1199 853 deum.
1215 794 1280 853 Nec
1294 792 1421 876 displicet

380 889 465 971 quod
474 887 587 950 eruditi
598 890 726 973 quidam
737 887 917 966 observant,
928 889 1025 950 lucum
1037 913 1144 974 ponere
1160 913 1263 973 quum
1275 892 1351 952 dixit
1360 894 1421 952 Per·

376 987 453 1063 sius,
468 989 631 1070 respexisse
644 988 682 1048 ad
694 987 748 1048 illa
759 991 792 1048 in
802 989 940 1065 Arte,rs.
954 989 1002 1049 16:
1014 991 1112 1072 Quum
1122 987 1204 1052 lunis
1217 1001 1247 1052 et
1260 1011 1315 1051 aru
1327 993 1422 1051 Dieuc

378 1082 554 1146 describitur.
565 1087 681 1146 Locum
694 1085 851 1166 integrum
864 1086 1037 1147 considera.

420 1183 469 1245 85.
487 1188 550 1244 Fur
565 1205 609 1259 es,
622 1187 666 1244 ait
681 1184 781 1245 Pedio.
795 1183 902 1244 Pedius
915 1183 1009 1267 quid?
1023 1219 1063 1230 —
1083 1183 1288 1247 Ostendimus
1306 1185 1423 1245 oratoris

379 1302 446 1343 non
464 1285 508 1345 rei
531 1304 646 1343 nomen
664 1280 716 1345 hic
731 1304 794 1344 esse
810 1286 841 1344 τὸ
855 1283 972 1346 Pedius.
994 1285 1103 1345 Horat.
1126 1287 1160 1344 in
1180 1284 1295 1345 ultima
1313 1284 1366 1345 lib.
1382 1305 1423 1366 pr.

379 1379 467 1440 Satir.
479 1401 570 1462 quum
583 1379 690 1441 Pedius
699 1401 802 1440 causas
813 1380 931 1443 exsudet
943 1379 1105 1463 Poplicola.

419 1479 468 1538 86.
489 1479 598 1540 Doctus
611 1480 737 1560 posuisse
745 1477 872 1561 fiquras.
889 1513 929 1524 -
944 1479 992 1539 lta
1004 1476 1173 1560 legendum
1188 1468 1252 1540 esse
1272 1477 1424 1539 admonui·

381 1594 461 1636 mus.
474 1575 584 1636 Horat.
596 1573 730 1635 ibidem:
743 1577 852 1635 Doctus
864 1587 982 1634 cantare
996 1573 1153 1636 Catullum.

422 1670 472 1732 88.
484 1669 568 1732 Men'
577 1683 690 1732 moueat
699 1672 827 1754 quippe?
839 1706 877 1716 -
887 1672 993 1732 Horat.
1007 1671 1064 1733 lib.
1074 1673 1107 1746 1,
1118 1673 1179 1732 Sat.
1197 1691 1251 1746 ιο,
1265 1691 1309 1732 vs.
1325 1669 1377 1752 78:

615 1821 677 1872 Hen’
685 1834 792 1881 moveat,
803 1827 876 1872 cimex
885 1823 1015 1873 Pantilius?

421 1960 470 2039 89.
492 1961 699 2045 Quumfracta
714 1974 740 2022 te
754 1965 787 2020 in
804 1959 884 2022 trabe
899 1964 1010 2044 pictum
1030 1963 1081 2023 Ex
1091 1959 1211 2024 humeto
1227 1973 1332 2044 portes.
1344 1991 1381 2005 -
1393 1959 1422 2016 in

385 2059 472 2132 Arte,
483 2077 527 2117 vs.
544 2078 598 2118 aot

663 2232 797 2246 ........
807 2199 831 2244 Si
840 2199 917 2245 luctis
926 2209 1005 2246 enatat
1013 2215 1092 2264 nepes

538 2270 653 2327 Navibus,
664 2268 774 2317 resedato
785 2270 828 2334 qui
838 2271 949 2333 pingitur.

422 2425 472 2484 9¹·
484 2402 629 2481 Plombit,
638 2407 689 2488 qui
696 2403 1124 2488 mesoletiucuruassequetrla.
1133 2439 1169 2453 -
1178 2406 1218 2468 ln
1224 2407 1307 2481 Arte,
1314 2425 1354 2464 rs.
1366 2419 1420 2462 toa.

538 2595 543 2605 .
558 2593 581 2604 ..
594 2593 600 2604 .
613 2593 619 2604 .
634 2561 657 2606 Si
666 2559 828 2618 vismeliere,
838 2559 1008 2608 dolendnmeat

537 2629 640 2677 Primum
649 2632 695 2694 ipsi
705 2629 756 2676 tibi.

379 2793 418 2850 tt
431 2812 552 2853 curuare
564 2813 622 2875 pro
640 2793 759 2854 flectere
774 2805 805 2852 et
821 2800 898 2853 κινεῖν
915 2792 986 2854 lissa
1005 2793 1111 2876 posuit
1129 2791 1282 2854 Horatius
1303 2785 1368 2850 Ode
1385 2781 1420 2845 ad

381 2890 500 2972 Lycen,
515 2887 572 2950 lib.
586 2891 631 2951 111
648 2891 842 2952 Garminum.

417 2985 467 3066 93.
479 2985 689 3068 Berecyutltius
696 2988 791 3048 Attin.
801 2989 899 3069 thui
908 2983 1143 3064 ceemleum,etc.
1157 3019 1197 3032 --
1206 2983 1325 3046 Satirici
1333 2989 1420 3063 poeta

378 3081 480 3143 aliena
501 3085 641 3145 carmina
662 3085 793 3167 propriis
813 3084 932 3166 seriptis
951 3085 1110 3164 inserunt,
1134 3083 1253 3167 duplici
1274 3103 1309 3143 ex
1324 3093 1420 3148 causas

378 3181 424 3242 vel
437 3183 524 3262 quasi
535 3181 575 3243 ad
588 3197 735 3250 ornatum
749 3205 803 3264 per
814 3183 946 3265 speciem
957 3183 1100 3266 νοφωὸιας,
1117 3183 1231 3262 dequo
1244 3180 1284 3242 ad
1300 3175 1419 3239 satiram

379 3293 510 3357 sextam,
525 3279 573 3340 'vel
585 3281 756 3353 διδακτικῶςς
772 3280 864 3341 modo
876 3303 947 3342 cum
962 3280 1054 3342 laude
1069 3280 1201 3342 auctoris
1216 3294 1357 3338 versuum
1372 3266 1419 3351 qui

379 3375 557 3438 afferuntur
566 3401 574 3439 s
584 3377 681 3438 modo
692 3378 731 3438 ad
744 3377 994 3460 suggillationem
1004 3377 1100 3452 illius;
1111 3377 1153 3436 sic
1162 3376 1282 3436 Persius
1293 3373 1345 3432 isto
1355 3367 1418 3426 loco

379 3475 511 3536 Neronis
522 3485 675 3559 κακουργίαν
685 3488 731 3546 τῆς
741 3487 866 3559 μουσικῆς
880 3490 910 3536 et
920 3476 1052 3559 ineptias
1064 3496 1099 3535 ac
1111 3473 1273 3534 stultitiam
1287 3465 1418 3532 omnibus

377 3571 542 3632 ridendam
561 3575 706 3656 propinat
726 3573 829 3636 allatis
846 3574 930 3636 illius
944 3573 1098 3649 versibus3
1115 3574 1157 3632 sic
1177 3573 1273 3632 etiam
1286 3563 1417 3630 Horatius

378 3681 412 3730 ut
426 3671 610 3733 Bibaculum
622 3672 723 3733 obiter
734 3672 876 3734 irrideret
892 3691 1014 3732 versum
1026 3669 1089 3752 ejus
1106 3691 1161 3730 suo
1181 3668 1283 3752 Ulyssi
1302 3655 1418 3724 inscruit

377 3769 548 3829 Satirarum
558 3767 675 3830 libroll
689 3791 696 3827 :
712 3769 818 3828 Furius
832 3766 1063 3845 hibernascaua
1083 3769 1148 3825 uiue
1168 3773 1304 3847 conspuet
1320 3753 1415 3836 Alpes,

376 3866 486 3927 eadem
498 3867 624 3929 licentia
638 3889 729 3927 usum
742 3882 899 3928 auctorem
915 3867 1054 3951 primum
1072 3862 1170 3946 hujus
1180 3861 1324 3924 carminis
1340 3852 1416 3918 Luci·

376 3963 455 4024 lium
467 3986 503 4025 ex
517 3964 655 4046 reliquiis
669 3985 830 4047 possumus
845 3963 1005 4046 conjicere.
1019 3965 1115 4044 Atque
1132 3963 1166 4022 in
1181 3961 1242 4021 hoc
1259 3971 1293 4019 ut
1310 3956 1341 4014 in
1356 3947 1414 4010 2th

378 4079 444 4118 non
461 4062 566 4142 paucis
580 4073 713 4122 veterem
727 4060 910 4120 Groeiornm
926 4059 1109 4120 comoediam
1120 4070 1248 4142 sequuta
1261 4067 1305 4115 est
1318 4044 1415 4111 Latina
1512 4107 1513 4138 ,

375 4158 488 4231 satira3
504 4179 597 4238 quam
614 4157 714 4220 multa
726 4159 809 4220 enim
821 4157 996 4241 Euripidis,
1011 4172 1046 4219 nt
1056 4158 1094 4218 de
1103 4157 1313 4224 aliistaceam,
1330 4139 1411 4204 habes
1512 4139 1513 4150 ’
