3026 4944
386 475 431 538 IN
455 473 671 542 SATIRAM
690 477 900 544 PRIMAM.
963 505 967 518 ·
1124 485 1167 551 63

105 601 224 655 nalritur
233 600 269 653 ad
280 602 429 654 Neronem.
444 602 535 654 Manet
543 603 648 656 Persius
659 604 687 655 ie
697 603 884 671 similitudiue3
898 623 952 678 qua
963 609 1044 662 tacite
1055 609 1168 680 indicat,

108 701 167 752 qen
179 700 235 733 non
248 682 338 753 possit
350 695 443 752 aperte
456 682 583 752 profiteri.
598 683 672 734 Loco
685 685 755 734 enim
770 701 861 737 earum
876 705 964 740 rerum
975 707 1040 760 quas
1051 689 1115 743 velit
1126 711 1169 744 re-

109 774 214 833 tegere,
227 762 306 833 ponit
322 778 355 812 ea
370 778 428 832 qua
443 760 521 812 Mida
535 773 627 813 tonsor
640 773 779 814 retexerat.

146 871 214 922 Nor.
237 887 296 936 tat,
308 886 369 922 ιη.
379 869 438 920 Hoe
450 887 496 944 epo
504 883 637 941 opertum,
651 869 699 923 iroc
708 872 790 924 ridere
797 891 899 939 meum,
908 883 961 926 tam
972 875 1025 944 nii,
1035 877 1112 930 nulla
1123 880 1169 934 tibi

109 952 193 1004 mdo
199 950 339 1002 Iliade.-
347 950 471 1020 Operum
477 951 555 1023 ;quia
563 953 589 1002 in
598 950 650 1002 hac
658 953 737 1004 satira
744 965 886 1024 ,tanquam
894 955 921 1006 in
929 955 1033 1023 scrobe,
1041 960 1169 1014 estinios·

107 1051 174 1083 sum.
185 1061 222 1070 —
233 1030 296 1083 Hoc
308 1030 394 1082 ridere
405 1048 508 1090 meum,·
521 1031 646 1083 solemnis
658 1029 732 1103 apud
742 1035 860 1084 Persium
872 1031 972 1086 locutio
983 1057 989 1087 ε
1001 1038 1065 1088 scire
1077 1049 1166 1108 tuum,

106 1122 222 1164 nortnsm
236 1109 340 1174 uiuere,
352 1120 423 1158 etc...
434 1137 468 1146 -
481 1117 535 1159 tam
548 1106 601 1170 ui13
617 1107 657 1160 vel
670 1128 702 1161 ex
714 1112 841 1180 opinione
853 1111 925 1182 vulgi
939 1111 988 1184 (ef.
1001 1133 1025 1165 v.
1040 1115 1069 1187 a)
1082 1117 1123 1168 vel
1135 1136 1167 1168 ex

104 1191 160 1261 ipss
175 1191 300 1240 auctoris
316 1188 451 1258 opinione.
466 1190 524 1240 Vox
539 1200 579 1240 est
592 1189 683 1240 iromae
697 1201 744 1240 eut
757 1189 900 1242 modestia.
915 1219 953 1230 —
963 1191 1048 1246 Nulla
1063 1194 1166 1257 triade·

104 1269 207 1321 scilicet
216 1265 265 1320 illa
276 1279 320 1319 est
328 1266 404 1331 ilias,
414 1285 493 1339 quam
506 1269 629 1339 superius
638 1270 695 1339 jem
707 1269 793 1340 tetigit
803 1269 838 1322 ad
848 1288 951 1322 vmsum
964 1269 1012 1324 50:
1028 1296 1039 1318 a
1049 1274 1110 1326 Non
1122 1275 1166 1328 hic

104 1363 141 1403 ert
158 1349 230 1402 liius
248 1349 339 1400 Atti.»
359 1349 408 1398 iiic
421 1366 485 1399 vere
505 1365 537 1399 eo
555 1347 661 1401 felicior
679 1363 718 1402 est
736 1349 848 1416 allusio,
866 1351 940 1423 quod
952 1355 980 1405 in
997 1355 1166 1424 proverbium

103 1431 200 1483 abiisse
214 1429 345 1482 videatur
356 1427 428 1500 apud
442 1429 568 1499 antiquos
580 1429 752 1482 celeberrima
766 1430 827 1482 iliae
839 1435 961 1501 Homeri,
977 1453 1034 1507 que
1047 1455 1097 1508 pro
1108 1441 1166 1510 ipse

101 1513 274 1586 perfectione
288 1521 499 1580 nuncuparetur.

135 1619 206 1672 Nor.
232 1615 302 1684 1²3,
315 1617 374 1683 ¹²4·
385 1613 489 1666 Audaci
497 1615 655 1688 quicumque
664 1613 756 1693 afflate
765 1617 885 1685 Cratino,
894 1619 998 1671 Iratum
1005 1623 1163 1696 Eupolidem

98 1698 257 1776 praegrandi
268 1716 329 1750 oum
339 1715 399 1749 sene
407 1693 499 1769 palies.
509 1725 546 1735 —
554 1698 614 1748 Jarn
626 1715 698 1748 nunc
711 1715 778 1769 quos
790 1697 890 1749 hebere
903 1699 955 1750 sihi
966 1701 1029 1753 velit
1038 1702 1166 1775 lectores,

102 1783 211 1835 indicat.
225 1781 366 1832 Nimirum
378 1779 471 1830 invitat
482 1775 516 1828 ad
528 1775 611 1829 libelli
627 1777 769 1843 lectionem
781 1797 874 1832 omnes
889 1782 944 1832 veri
957 1797 1090 1852 ementes,
1107 1805 1165 1838 om·

103 1883 148 1916 nes
158 1861 274 1934 optimis
283 1877 432 1930 graecorum
443 1857 568 1928 operibus
579 1872 714 1922 essuet0s3
724 1861 746 1911 si
757 1862 814 1930 quis
822 1879 885 1912 vero
894 1873 948 1928 est,
957 1865 1000 1914 cui
1008 1863 1085 1916 bonae
1095 1880 1165 1920 artes

104 1943 155 1994 sint
166 1939 354 2010 contemptui,
369 1953 469 2008 procax
481 1949 507 1987 et
518 1937 639 2006 ignarus,
654 1935 727 1988 hune
741 1950 844 1990 amovet
857 1955 888 1990 ac
900 1938 1011 2011 repellit.
1025 1945 1165 1996 Poetarum

104 2037 270 2090 gracorum,
285 2034 356 2088 quos
370 2013 559 2086 inexemplum
571 2016 651 2067 affert
663 2018 780 2083 Persius,
794 2019 830 2069 sic
843 2018 968 2073 Horatius
979 2024 1099 2076 meminit
1110 2023 1162 2076 Sat.

106 2100 130 2164 l,
141 2099 173 2166 ir
185 2117 195 2150 ¹
210 2117 289 2170 s*lq*

312 2177 414 2233 Eupolis,
422 2183 487 2232 atque
496 2176 613 2224 Cratinus,
620 2173 823 2234 Aruepumqae
829 2187 910 2233 poeta,

312 2240 893 2298 ltqueaiii‚quornmcmsoediapriararirern1uest,

311 2309 332 2352 Si
340 2309 390 2366 quis
397 2317 444 2352 erat
451 2307 527 2365 dignus
536 2308 640 2360 describi,
648 2309 707 2365 quod
715 2308 844 2362 malus‚aut
852 2308 896 2363 iur,

312 2377 376 2437 Quod
384 2375 848 2435 moechusforet,autsiearius,autalioqui

311 2445 428 2496 Famosus,
436 2445 506 2487 muita
514 2458 563 2486 cum
571 2443 673 2486 libertate
681 2444 794 2487 notabant

103 2521 187 2575 idem
198 2523 226 2572 in
238 2534 302 2587 arte,
315 2520 362 2572 281
377 2533 404 2572 et
415 2538 471 2593 sqq.
482 2539 488 2569 :

312 2606 418 2652 Successit
424 2615 487 2650 uetur
494 2606 527 2650 his
535 2607 640 2650 comedia
647 2636 654 2656 ‚
662 2620 707 2648 non
714 2605 761 2649 sine
769 2603 840 2650 mutu

309 2675 396 2730 hude;
404 2673 470 2717 sedin
478 2673 557 2717 vitium
565 2672 654 2717 libertas
660 2673 741 2716 excidit
748 2681 769 2715 et
776 2671 821 2715 rim
830 2713 833 2718 .

310 2741 518 2799 Dignamlegetegi.

106 2819 270 2873 Eorundem
288 2837 361 2870 nunc
377 2820 510 2884 virorum,
523 2815 696 2888 ejusdemque
708 2815 837 2868 libertatis
850 2817 968 2872 meminit
979 2823 1090 2874 Persius.
1103 2823 1163 2875 An·-

106 2901 260 2971 stepiauem
277 2899 399 2968 designat
414 2895 456 2948 his
470 2897 556 2949 verbis
570 2896 721 2972 praprandi
736 2916 796 2948 eum
811 2915 884 2966 seue,
899 2917 989 2970 neque
1001 2919 1031 2952 ex
1046 2921 1077 2954 eo
1093 2901 1164 2976 quod

106 2977 195 3030 sslead
209 2977 441 3049 provectissimam
456 2978 605 3048 pervenerit
621 2989 736 3044 etatem,
751 2978 798 3048 qui
815 2975 933 3029 Lucieno
948 2981 1017 3031 inter
1030 2980 1163 3052 longaevos

106 3073 199 3131 poetas
214 3077 271 3110 non
286 3069 466 3123 recenseatur,
480 3056 543 3108 dum
562 3057 682 3109 Cratinus
701 3071 879 3120 memoretur;
894 3077 982 3130 neque
999 3081 1030 3113 ex
1046 3081 1078 3114 eo
1096 3077 1163 3115 tem-

105 3161 171 3214 pore
186 3159 242 3212 quo
255 3140 349 3191 vixerit
362 3137 570 3209 Aristophanes,
586 3138 630 3207 qui
642 3137 722 3189 fuerit
735 3137 842 3209 aqualis
857 3139 964 3193 Cratino
978 3154 1004 3193 et
1016 3142 1162 3215 Eupoiidi,·

105 3242 197 3275 serum
212 3241 245 3274 ex
257 3239 290 3273 eo
303 3219 437 3271 comoediae
449 3237 546 3289 genere
559 3236 640 3290 quem
658 3220 778 3289 scripsit,
790 3237 847 3289 que
857 3219 1045 3293 dieiturprisca
1055 3237 1081 3275 et
1091 3235 1163 3279 vetus

105 3301 238 3355 comoedia
252 3300 373 3351 Horatio.
387 3297 592 3370 Distinguuntur
603 3299 672 3348 enim
684 3311 738 3350 tres
751 3298 887 3366 comoedia
900 3298 973 3372 apud
984 3301 1087 3356 Atticos
1098 3317 1162 3357 aeta·

104 3397 158 3450 tes,
172 3395 265 3444 vetus,
281 3379 383 3445 medie,
400 3397 476 3430 nova.
493 3379 560 3429 Hinc
573 3391 679 3450 poetas,
698 3381 744 3449 qui
760 3379 873 3450 priscam
885 3381 1050 3450 scripserunt
1061 3397 1162 3436 comoe-

105 3463 191 3527 diam,
204 3462 310 3514 Persius
323 3471 404 3510 vocat
417 3475 466 3528 per
479 3455 662 3528 metaphoram
680 3475 767 3522 senes,
787 3457 1047 3531 alristophanemque
1065 3459 1162 3513 horum

105 3541 182 3613 longe
197 3539 417 3605 celeberrimum,
429 3537 609 3611 proprendere
621 3556 716 3590 senem.
731 3567 768 3578 -
780 3537 884 3590 Audaci
897 3541 1056 3612 'quicumque
1068 3541 1162 3618 afflare

106 3625 219 3676 Cratino.
232 3621 333 3674 Audax
346 3621 450 3672 Horatii
464 3619 529 3672 loeis
545 3621 602 3689 jain
617 3620 660 3672 cit.
682 3622 746 3672 satis
758 3619 913 3690 explicetur.
931 3621 1063 3688 Cratimu,
1079 3641 1162 3696 aprum

104 3703 221 3756 fabulam
235 3701 363 3755 edidisset
377 3701 518 3772 (Baptas),
530 3701 564 3752 ab
576 3703 608 3754 iis
619 3703 646 3752 in
659 3719 728 3771 quos
740 3703 859 3752 invectus
871 3701 970 3768 fuerat,
984 3717 1091 3775 eaptus,
1103 3706 1162 3758 viu·

105 3796 161 3836 ctus
175 3796 203 3834 et
216 3784 244 3834 in
260 3799 333 3833 mare
347 3782 499 3853 projectus,
511 3779 628 3834 audacie
642 3798 695 3832 sue.
711 3797 803 3851 poenes
816 3777 898 3832 dedit.
916 3781 977 3834 Huc
996 3781 1091 3852 scalig.
1101 3785 1160 3850 vn,

112 3877 133 3911 r.
143 3862 215 3914 Peet.
226 3858 280 3913 Alii
291 3875 347 3912 uon
359 3859 479 3923 Cratino,
489 3857 535 3910 sed
544 3857 836 3930 Eupolidiremdicunt
845 3857 981 3912 eccidisse.
993 3860 1095 3937 Afflate
1106 3863 1162 3933 qui·

108 3957 225 4009 amque,
241 3959 258 3992 o
273 3954 304 3992 tu
317 3940 480 4010 quicumque
496 3939 545 4004 sis,
560 3939 607 4010 qui
622 3938 729 3992 afflatus
744 3955 773 3990 es
787 3957 802 3989 a
819 3939 924 3992 Cratino
929 3961 939 4001 ,·
953 3941 981 3992 iu
997 3959 1076 4010 quem
1087 3941 1162 4009 inge-

108 4020 179 4070 nium
197 4019 298 4072 Cratini
317 4019 394 4091 queai
412 4018 534 4084 transiit,
552 4030 582 4070 ut
600 4036 688 4070 mores
705 4035 800 4089 pravos
814 4016 1007 4090 stultitiamque
1021 4018 1161 4070 hominum

107 4099 229 4171 carpendi
244 4097 336 4152 studio
352 4099 468 4152 ducaris.
480 4127 518 4138 -
528 4100 629 4150 iratum
644 4097 818 4170 Eupolidem
837 4114 915 4153 vocat
933 4100 1059 4152 audacem
1075 4101 1159 4152 Crati-

109 4199 182 4247 aum,
199 4181 352 4253 iratumque
366 4179 520 4252 simpliciter
535 4178 708 4252 Eupolidem,
723 4199 756 4236 eo
773 4181 846 4251 qnod
862 4180 945 4253 paulo
961 4180 1095 4234 remissior
1109 4181 1162 4232 fuit
1203 4195 1213 4204 ·
