3148 4950
375 371 437 436 nn
460 353 628 438 strunt
652 373 978 442 nouanonuu.
1132 382 1196 468 483

154 498 208 584 (in
224 493 321 564 Anal.
334 497 376 562 V.
392 500 428 563 P.
444 511 469 564 t.
490 499 537 580 ll,
551 520 628 590 pag.
643 497 686 588 67
707 501 774 593 sq.)
789 478 934 586 collecti,
954 500 1077 597 quihus
1097 503 1202 597 philo

153 605 252 699 sophi
266 603 512 702 cujuscumque
533 610 664 699 generis
676 606 836 678 'dicaciter
854 609 1046 680 illuduntur
1061 628 1095 680 et
1113 638 1134 681 a
1147 617 1202 681 'Ii-

152 741 254 786 mone
269 740 387 812 graves
403 741 492 810 saepe
505 718 734 810 etmagnificae
746 723 884 788 Homeri
896 720 1099 806 locutiones,
1114 727 1201 794 utin

151 834 289 916 πιφῳὸῖαις
300 829 356 912 fit,
368 830 619 898 transferuntur
631 830 676 899 ad
689 856 743 900 res
758 830 916 902 ludicras.
929 837 1012 920 Quas
1022 835 1201 929 Xenopha-

151 963 212 1006 nes
231 957 395 1034 praeterea
412 946 518 1026 γίγραφι
534 949 560 1004 ἒν
573 943 646 1005 ἔπεσι
661 948 704 1004 καὶ
717 949 826 1026 ε’)ηιίας
844 952 888 1006 καὶ
902 949 1006 1028 ἰᾶμὸους
1021 945 1125 1031 (forle
1145 955 1201 1010 tls-

152 1059 232 1131 γιίαις
245 1067 279 1118 et
292 1053 407 1138 ἰάμὸοις)
421 1055 477 1112 καθ’
487 1037 600 1113 llctc'don
613 1057 658 1112 καὶ
670 1036 789 1138 ὁμήρου,
805 1059 948 1118 laruda-ror
962 1053 1000 1141 (f.
1017 1061 1200 1143 ἐπισκώπτων)

151 1167 234 1222 αὐτῶν
246 1165 281 1223 τὰ
291 1161 349 1246 περὶ
361 1169 429 1224 &teir
443 1167 576 1246 alfarella,
596 1161 624 1226 sl
641 1164 774 1236 Laertio
794 1166 859 1245 lX,
880 1165 931 1246 18,
947 1181 1029 1232 extr.
1043 1163 1127 1233 fides
1142 1165 1199 1232 ha·

150 1269 280 1352 banda,
294 1269 547 1338 interciderunt.

199 1388 227 1449 Δ
241 1385 435 1450 Graecorum
450 1371 654 1450 carminibus
668 1380 841 1450 maledicis
852 1380 923 1476 jam
942 1383 1199 1478 progrediamur

152 1490 193 1560 ad
214 1497 366 1560 Romana
384 1508 417 1560 et
438 1492 573 1561 simula
592 1495 718 1561 Graecae
732 1517 874 1588 poeseos
895 1496 1088 1587 primordiis
1103 1513 1136 1565 et
1148 1499 1199 1565 in·

152 1606 344 1688 crementis,
361 1627 439 1699 quae
457 1606 574 1696 paucis
595 1603 834 1689 delibavimus,
850 1604 894 1672 ad
913 1606 1072 1691 similem,
1087 1631 1199 1703 neque

152 1736 172 1778 a
186 1716 381 1781 Graecorum
396 1716 579 1782 imitatione
593 1718 605 1803 (
613 1739 689 1810 quae
707 1732 789 1782 tunc
807 1715 945 1783 demum
959 1701 1075 1810 ccipit,
1091 1725 1199 1812 qu'um

151 1823 325 1914 ingenium
346 1839 418 1892 arte
435 1823 669 1911 formaretur),
691 1824 752 1892 sed
765 1849 785 1891 a
799 1840 920 1892 natura
935 1827 1121 1918 profectam
1137 1830 1201 1895 ori·

152 1935 265 2026 ginem
278 1931 475 2029 lentumque
484 1956 704 2028 progressum
715 1939 877 2004 Romanae
885 1938 1044 2028 poetices.
1056 1939 1106 2004 Ex
1117 1936 1199 2004 locis

152 2043 299 2112 classicis
315 2049 405 2140 Virg.
419 2048 519 2114 Geor.
539 2050 587 2130 ll,
608 2045 673 2113 385
691 2069 761 2140 seq.
777 2062 812 2114 et
830 2050 946 2113 Horat.
962 2029 1068 2138 Epist.
1090 2052 1140 2130 11,
1166 2053 1199 2131 i,

157 2150 358 2244 r39—167,
378 2154 590 2248 intelligitur,
612 2157 730 2250 priscis
750 2154 959 2250 temporibus
983 2155 1025 2225 ab
1046 2158 1199 2250 agricolis

157 2269 241 2334 Latii
255 2265 421 2336 Liberalia
434 2284 469 2336 et
487 2269 590 2336 festos
603 2266 674 2337 dies
692 2285 770 2361 post
788 2292 933 2337 messem
954 2267 1123 2337 conditam
1145 2294 1200 2339 eo·

151 2376 228 2446 dem
240 2378 312 2447 fere
322 2376 441 2462 modo,
458 2403 527 2473 quo
541 2402 562 2445 a
572 2380 697 2447 Graecis
705 2429 715 2460 ,
728 2377 914 2473 eademque
926 2377 1056 2448 ludicra
1066 2403 1130 2474 per
1142 2403 1201 2473 pa-

151 2512 211 2579 gos
225 2505 299 2558 acta
313 2513 402 2574 essc;
417 2513 475 2558 eos
484 2491 521 2556 in
533 2486 675 2557 deorum
683 2487 848 2556 ruralium
860 2488 1024 2557 honorem
1038 2493 1199 2558 cecinisse

153 2598 299 2691 hymnos
316 2615 351 2667 et
363 2623 433 2666 nou
446 2596 548 2666 modo
563 2596 696 2683 oscilla,
718 2600 787 2666 sive
801 2597 911 2665 larvas
926 2621 945 2665 e
962 2596 1142 2666 corticibus
1153 2598 1199 2666 la-

151 2724 222 2777 ctas
232 2688 410 2778 arboribus
421 2707 639 2802 appendisse,
650 2724 688 2775 ut
697 2707 749 2776 his
756 2707 876 2776 Bacchi
885 2707 1087 2801 imaginibus
1099 2724 1199 2776 vento

153 2842 420 2916 quaquaversus
440 2821 571 2912 agitatis
584 2820 731 2885 maxima
749 2841 908 2910 agrorum
924 2817 1061 2887 ubertas
1078 2816 1200 2886 diffun·

150 2925 298 3015 deretur,
318 2931 379 2999 sed
399 2933 440 2999 iis
458 2953 595 3027 qnoque
616 2953 677 2998 ora
695 2923 880 2998 obduxisse
894 2954 971 3014 sua3
993 2929 1199 3026 eosdemque

148 3042 194 3107 ita
210 3058 409 3146 personatos
424 3057 457 3110 et
471 3044 549 3110 vino
567 3064 684 3134 graves
701 3039 986 3135 praetereuntibus
1002 3041 1134 3136 sibique
1148 3042 1198 3107 in·

150 3151 259 3219 vicem
279 3153 457 3244 ingessisse
476 3149 615 3219 dicteria
639 3167 673 3219 et
692 3151 833 3244 probra,
857 3151 1011 3219 versibus
1034 3166 1073 3219 ut
1095 3149 1200 3244 pluri·
1281 3193 1285 3200 ι

150 3285 247 3328 mum
265 3259 458 3346 inconditis,
476 3261 644 3330 amoebaeis
660 3277 695 3329 ct
713 3259 996 3353 extemporalibns
1010 3261 1199 3348 (αὐτοσχεδίοις

149 3376 247 3456 ᾅσμασι
261 3396 289 3440 s.
304 3381 448 3462 antipam)
468 3391 595 3444 temere
618 3399 658 3443 ac
680 3375 751 3442 sine
771 3389 844 3441 arte
866 3372 1075 3440 adumbrata.
1097 3371 1197 3441 Tales

148 3506 268 3552 versus
289 3504 385 3555 erant
407 3487 570 3570 Saturnii,
594 3484 628 3554 h.
650 3511 679 3554 e.
695 3487 796 3579 prisci
817 3509 857 3553 ac
872 3483 993 3566 rudes,
1018 3500 1051 3552 et
1071 3486 1200 3586 Fescen-

150 3599 239 3678 nini,
261 3623 280 3665 a
301 3603 500 3683 Pescennio,
520 3599 663 3666 Etruriae
683 3595 826 3690 oppido,
847 3598 895 3664 sic
913 3593 1010 3680 dicti,
1032 3595 1198 3663 obscoenis

149 3703 198 3772 illi
211 3707 480 3803 procacihnsqne
490 3705 576 3800 jocis
587 3705 697 3801 pleni,
714 3729 778 3774 nec
792 3704 871 3774 ullis
886 3703 940 3774 vel
952 3704 1085 3774 honesti
1099 3721 1132 3773 et
1144 3703 1200 3772 de-

149 3819 234 3899 cori,
254 3819 309 3887 vel
332 3823 430 3887 metri
448 3819 579 3912 legibus
600 3817 768 3900 adstricti,
797 3819 951 3912 qrrarnvis
967 3815 1119 3911 rhythmi
1131 3838 1201 3884 non

146 3921 249 4019 plane
263 3947 432 4024 expertes,
449 3952 551 4025 quos,
566 3943 605 3995 ut
616 3927 720 3995 verba
732 3930 836 3996 Ennii
847 3951 923 3995 mea
935 3928 1054 3998 faciam
1071 3953 1078 3992 :

351 4100 439 4119 .....
454 4057 530 4117 olim
544 4056 645 4116 Fauni
661 4068 810 4135 vatesque
825 4053 992 4128 canebant,

991 4151 1044 4215 31.
1115 4161 1118 4168 '
