3054 4932
403 387 472 470 aas
852 387 1002 452 moax

401 501 586 597 lmperialis‚
602 511 820 595 nuncxlleg'ia,
839 515 868 574 ei
888 515 1039 596 suggessit
1054 513 1182 598 quidem
1197 515 1307 577 XXXV
1324 518 1416 580 codice

401 633 472 676 mss.
483 625 515 674 et
529 613 563 672 iu
574 609 621 672 his
636 611 869 694 antiquissimos
879 609 1094 694 optimosque,
1111 613 1300 689 Puteinum,
1318 615 1417 676 Alexan

400 713 545 788 driuum,
563 707 779 787 pithoeanum,
795 709 1004 786 Colbertinos,
1019 712 1210 773 Senatorium
1225 724 1256 772 et
1269 712 1418 775 Fuucbetia·

400 833 493 886 num,
508 810 570 871 vid.
590 829 659 893 sup.
679 807 770 871 ludd.
786 807 876 869 codd.
898 809 979 870 MSS.
997 810 1059 890 Sed,
1071 831 1122 871 eos
1136 831 1199 870 uon
1213 809 1279 870 fere
1294 813 1419 872 consuluit

399 913 459 974 nisi
471 913 505 972 in
517 909 591 971 locis
602 907 852 984 obscurioribus,
864 921 895 968 et
906 907 1091 992 plerumque
1104 930 1169 970 non
1178 909 1419 986 indicatacdooet,

398 1030 469 1095 quae
487 1023 517 1069 et
535 1007 656 1090 quales,
674 1006 727 1068 sed
742 1020 818 1090 quot
836 1007 1028 1070 membranae
1042 1005 1124 1069 hanc
1143 999 1266 1068 illamve
1285 1007 1419 1070 lectionem

398 1105 583 1183 exhibeant3
603 1127 699 1188 quam
712 1102 760 1166 ob
776 1125 906 1168 causam
924 1105 1110 1168 brevissimae
1128 1118 1201 1168 suut
1215 1122 1301 1168 notae
1315 1109 1420 1182 critica,

399 1203 624 1266 commentario
638 1200 792 1283 subjectae.

444 1301 529 1362 1816.
543 1301 581 1359 n.
595 1298 1353 1386 renumeraemmemammpaem
1361 1303 1421 1362 aaa

397 1403 430 1464 in
438 1421 522 1462 usum
531 1396 696 1460 scholarum
704 1399 946 1461 academicorum.
956 1401 1080 1484 Hufniae
1089 1399 1345 1483 typisScltubotbe‚
1355 1400 1420 1461 inu.

437 1501 494 1559 Hae
507 1510 580 1558 sunt
594 1495 762 1572 editiones,
777 1517 848 1580 quae
860 1497 985 1578 quidem
998 1497 1076 1559 mihi
1091 1501 1312 1576 innotuerunt,
1324 1519 1420 1560 omnes:

398 1617 474 1658 nam
487 1593 889 1677 etsi'multopluresa'me,
904 1617 998 1679 quam
1013 1597 1052 1656 ab
1075 1597 1254 1672 Henninio,
1274 1597 1421 1670 Maittario,
1469 1629 1470 1638 ÷

398 1695 540 1755 Fabricio
548 1693 689 1773 ipsisque
701 1691 865 1754 Sodalibus
876 1694 1073 1775 bipontinis,
1088 1707 1266 1756 memoratae
1279 1705 1362 1768 suut,
1373 1713 1421 1753 uon
1468 1639 1470 1764 l

396 1791 507 1852 dubito
518 1803 640 1864 tamen,
656 1789 735 1871 quin
747 1787 815 1849 aliae
835 1787 952 1866 adbuc,
974 1788 1051 1848 mibi
1070 1809 1127 1849 nec
1140 1793 1213 1852 vise
1227 1811 1284 1852 nee
1300 1791 1421 1872 cognita,

397 1891 431 1950 in
449 1887 550 1949 lucem
569 1886 744 1969 prodierint
765 1900 795 1946 et
817 1887 929 1969 passim
945 1888 978 1946 in
997 1886 1210 1963 bibliothecis,
1229 1889 1291 1949 sive
1315 1885 1420 1970 publicis
1469 1891 1470 1910 ³

395 1988 459 2049 sive
472 1986 615 2068 privatis,
628 1983 752 2044 lateant.
764 1987 809 2044 Ex
820 2005 928 2045 earum
940 1983 1046 2045 indice
1057 1987 1236 2067 apparebit,
1256 2007 1306 2046 me
1320 1987 1350 2045 in
1364 1985 1421 2046 ani

396 2079 560 2165 quioribus
577 2075 767 2142 recensendis
778 2081 1009 2164 diligentiorem
1022 2083 1132 2156 fuisse,
1148 2105 1245 2167 quam
1258 2086 1292 2144 in
1305 2083 1421 2144 recensio

395 2178 504 2240 ribus:
522 2179 721 2260 nequeenim
734 2200 770 2241 ea
787 2181 987 2262 potissimum
1004 2179 1125 2241 consilii
1146 2181 1206 2241 mci
1228 2181 1308 2241 ratio
1322 2179 1421 2255 fuii‚ui

397 2297 506 2338 omues
520 2297 555 2336 ac
567 2269 722 2358 singulas,-
736 2277 788 2337 sed
801 2289 835 2336 bt
846 2297 896 2340 eas
908 2265 1106 2359 potissimum
1118 2297 1326 2358 percenserem
1337 2275 1420 2335 editio

396 2393 466 2450 nea,
478 2369 620 2455 equibus
631 2372 747 2454 aliquid
761 2373 808 2434 rel
819 2373 860 2434 ad
870 2373 1215 2436 contextum'Juvenalis
1223 2372 1421 2454 historiamque

396 2469 461 2553 ejus
481 2467 722 2544 conficiendam,
744 2468 793 2528 vel
810 2467 851 2528 ad
860 2461 1161 2550 'interpretationem
1180 2483 1278 2550 poetae
1299 2466 1421 2549 adjuran-

395 2569 487 2646 dam,
501 2566 642 2629 utilitatis
655 2561 851 2628 redundaret.
864 2567 969 2627 Restat
981 2588 1079 2644 nunc,
1093 2571 1129 2628 u't'
1140 2565 1331 2628 editionibus
1340 2555 1420 2645 singu-

394 2666 484 2728 latim
501 2667 704 2743 enumeratis,
723 2661 873 2725 universae
892 2655 1037 2746 quaedunl
1049 2678 1118 2724 tum
1128 2663 1168 2725 de
1187 2661 1421 2726 stemmatibuset

394 2763 539 2840 familiis,
556 2776 623 2823 tum
645 2760 683 2822 de
700 2761 803 2822 indole
815 2780 921 2822 earum
935 2761 1133 2844 subjungam.
1149 2763 1228 2839 Quae
1248 2758 1421 2846 qrfidemtda

395 2864 501 2946 paucis
516 2859 633 2942 pertexi
644 2859 759 2942 poterit
774 2860 888 2934 verbis,
903 2860 1053 2944 quoniam
1068 2874 1159 2942 supra
1168 2857 1233 2940 jam
1254 2860 1295 2920 ad
1306 2857 1420 2942 quainvis

395 2959 576 3034 editionem,
592 2979 661 3039 quae
673 2957 714 3017 ad
727 2957 805 3017 illud
816 2957 979 3018 consilium
993 2967 1099 3019 meum
1111 2971 1247 3040 spectat,
1265 2951 1420 3032 monui,·ad

395 3055 481 3140 quod
494 3075 602 3116 earum
616 3073 714 3136 genus
725 3053 807 3115 etad
819 3075 912 3136 quam
924 3053 1050 3115 classem
1061 3075 1095 3116 ea
1108 3057 1146 3115 sit
1155 3055 1325 3116 referenda.
1339 3055 1420 3130 Quum

394 3173 471 3214 vero
490 3150 598 3213 multoe
620 3149 769 3211 editiones
779 3164 810 3212 et
830 3152 910 3212 inter
930 3151 985 3212 bas
1002 3152 1145 3238 quaedam
1163 3151 1420 3219 memorabiliores,

394 3273 425 3312 v.
437 3249 722 3314 csMediolanenses
731 3263 760 3310 et
770 3251 918 3326 sununs,
929 3249 1006 3310 mihi
1018 3249 1161 3312 nondum
1174 3253 1208 3311 in
1217 3247 1420 3334 manibnslue·

394 3351 474 3424 rint,
489 3362 520 3408 et
533 3367 601 3429 quae
616 3369 635 3407 a
647 3369 698 3409 me
712 3349 774 3407 sint
786 3346 925 3424 collatae,
941 3350 1083 3432 quamvis
1097 3350 1207 3431 ingens
1219 3369 1326 3410 earum
1338 3365 1421 3408 nume

394 3465 447 3506 rus
455 3447 510 3521 sit,
521 3462 587 3506 non
598 3444 757 3507 sufficiant
769 3445 808 3506 ad
818 3457 993 3506 accuratam
1007 3453 1104 3508 te'xtus
1116 3449 1133 3507 J
1136 3447 1274 3508 uvenalis
1283 3445 1420 3508 historiam

395 3541 609 3621 condendam,
627 3563 787 3625 quumque
807 3543 867 3602 ista
889 3542 1095 3604 reissliterariae
1115 3543 1268 3605 subtilitas
1289 3564 1342 3604 nec
1357 3541 1420 3609 ouo,

395 3641 570 3705 ueoanimo
586 3642 775 3722 ingenioque
786 3661 854 3701 meo
868 3641 939 3700 satis
951 3639 1136 3722 respondeat
1154 3666 1161 3700 z
1179 3661 1246 3702 non
1261 3646 1390 3702 accurate
1399 3647 1421 3693 et

394 3737 549 3816 absolute,
561 3737 613 3800 sed
627 3759 727 3800 crassa
738 3752 859 3799 tanmm
870 3752 901 3799 et
916 3739 1041 3821 pingui,
1054 3753 1089 3798 ut
1102 3741 1208 3816 aiunt,
1224 3741 1359 3800 Minerva
1369 3752 1421 3794 um·

394 3839 448 3899 nis
462 3835 528 3900 haec
545 3859 638 3920 opera
652 3860 671 3898 a
684 3859 734 3898 me
748 3836 853 3920 perfici
869 3837 1001 3920 poterit;
1016 3859 1111 3919 quam
1127 3837 1230 3919 itaque
1244 3851 1280 3897 ut
1290 3835 1364 3915 acqui
1375 3832 1418 3890 bo·

395 3933 489 4016 nique
509 3933 672 3995 consulant
686 3933 745 3993 viri
762 3931 860 4008 docti,
880 3933 974 3993 etiam
994 3945 1086 4014 atque
1100 3933 1194 3994 etiam
1211 3953 1293 4014 rogo.
1312 3929 1418 4018 Meliora

393 4027 476 4092 fone
493 4043 525 4091 et
541 4028 726 4113 perfectiora
743 4043 866 4112 tempus
879 4030 983 4106 dabit,
1003 4033 1028 4092 si
1043 4029 1195 4092 editiones
1212 4051 1230 4090 a
1247 4049 1296 4090 me
1310 4047 1370 4090 non
1379 4017 1418 4084 'in-
1452 4084 1454 4088 .
