2970 4936
397 487 568 552 SATIRA
592 489 821 558 SECUNDA.
1091 498 1132 585 73

76 614 212 684 idcirco
223 611 383 682 stolidam
395 615 525 708 praebet
534 615 596 685 tibi
608 616 731 688 vellere
741 619 883 690 barbam

78 728 241 819 Jupiter?
250 741 311 792 aut
322 723 485 819 quidnam
497 743 561 808 est,
573 744 690 823 quatu
701 729 857 800 mercede
868 729 1010 800 deorum

1 877 2 888 κ
80 841 214 907 Emeris
226 837 589 932 auriculas?pulmone
602 857 636 910 et
646 840 789 912 lactibus
800 846 933 914 unctis?
1099 856 1135 912 30

130 955 214 1018 Ecce
226 953 317 1033 avia,
330 966 390 1018 aut
401 965 555 1019 metuens
568 952 686 1021 divum
697 969 891 1039 matertera,
902 960 999 1027 cunis

81 1064 215 1130 Exemit
225 1086 388 1154 puerum,
401 1063 616 1158 frontemque
627 1080 730 1161 atque
741 1066 809 1135 uda
819 1066 940 1137 labella

83 1173 204 1241 Infami
217 1173 325 1267 digito
336 1189 371 1241 et
381 1173 576 1244 lustralibus
589 1193 668 1246 ante
680 1177 793 1248 salivis

83 1289 219 1384 Expiet,
232 1303 372 1356 urentes
384 1286 500 1356 oculos
512 1286 664 1358 inhibere
676 1293 799 1383 perita:

83 1402 181 1465 Tunc
192 1397 355 1465 manibus
367 1400 490 1492 quatit,
504 1414 645 1492 etspem
657 1424 807 1469 macram
819 1399 972 1495 supplice
983 1417 1062 1471 voto
1103 1409 1136 1464 35

83 1513 179 1576 Nunc
191 1510 304 1575 Licini
314 1511 351 1575 in
362 1531 516 1602 campos,
528 1531 622 1578 nunc
632 1513 743 1579 Crassi
755 1513 859 1580 mittit
869 1512 906 1578 in
918 1508 1024 1580 aedes!

85 1623 183 1687 Hune
193 1635 317 1712 optent
328 1644 491 1712 generum
502 1643 563 1689 rex
574 1637 608 1690 et
618 1625 750 1714 regina!
765 1621 888 1717 puelle

86 1735 181 1799 Hunc
192 1732 347 1822 rapiant!
362 1729 528 1826 quidquid
540 1731 734 1818 calcaverit,
747 1731 803 1802 hic
814 1757 892 1802 rosa
904 1732 980 1801 fiatl
993 1786 1000 1800 .
1012 1785 1038 1800 ..

89 1847 144 1909 Ast
154 1864 220 1934 ego
232 1843 359 1909 nutrici
370 1831 440 1908 non
452 1840 578 1911 mando
590 1859 685 1912 vota:
699 1859 822 1937 negato

89 1950 380 2047 Jupiterbaecilli,
394 1955 548 2047 quamvis
560 1969 593 2022 te
606 1952 717 2022 albata
727 1957 864 2048 rogarit.
1106 1966 1141 2033 4ο
1207 2007 1217 2020 .

133 2066 246 2132 Poscis
258 2087 363 2157 opem
374 2067 487 2131 nervis
499 2087 692 2160 corpusque
702 2064 802 2134 fidele
814 2080 970 2134 senectae.

92 2177 187 2256 Esto,
200 2197 283 2266 age:
298 2171 358 2242 sed
371 2171 515 2266 grandes
526 2175 651 2267 patinae
662 2191 843 2269 tucetaque
854 2198 968 2244 crassa

91 2378 211 2440 ridetur
222 2379 343 2461 Jupiter
354 2398 385 2438 se
395 2377 453 2438 tibi
464 2377 671 2439 deridendum
685 2401 741 2462 per
754 2379 901 2441 stolidam
914 2379 1142 2462 indulgentiam

1 2499 2 2556 ξ
94 2476 279 2558 praebuisse?
289 2477 364 2552 dut,
376 2475 454 2557 quid
467 2476 594 2538 tandem
603 2489 662 2554 est,
675 2499 739 2558 quo
750 2489 787 2537 tu
797 2479 899 2560 pretio
911 2476 1042 2537 deorum
1054 2496 1142 2538 aures

1 2578 2 2596 ¹
95 2575 135 2634 sis
153 2572 319 2634 mercatus?
336 2572 494 2652 numquid
509 2574 644 2634 victimae
660 2571 812 2656 pulmone
829 2584 861 2632 et
877 2571 1047 2655 pinguibus
1067 2571 1145 2630 inte·

94 2671 199 2732 stinis?

131 2772 179 2831 31.
190 2773 280 2832 Parte
286 2768 439 2846 adestare
446 2772 532 2847 avia,
542 2781 596 2832 aut
605 2772 816 2854 superstitiosa
822 2791 901 2833 anus
908 2766 1144 2852 cognata,tollit

95 2867 242 2928 infantem
254 2889 272 2928 e
283 2868 387 2943 cunis,
404 2881 435 2927 et
450 2869 553 2950 primo
564 2867 702 2929 frontem
715 2867 782 2949 ejus
791 2866 966 2948 labellaque
982 2864 1144 2926 humentia

94 2965 197 3028 lustrat
207 2967 309 3049 digito
321 2966 427 3027 medio
437 2965 541 3026 salivis
552 2966 696 3027 madente
705 2967 917 3050 expiantibus,
934 2965 1024 3028 docta
1035 2963 1145 3048 prohi-

96 3064 162 3125 bere
176 3063 402 3126 fascinantium
416 3065 532 3126 oculos.
552 3064 672 3125 Deinde
690 3064 854 3126 lustratum
869 3085 1003 3147 puerum
1020 3064 1146 3124 motitat

97 3163 250 3240 manibus,
262 3175 294 3225 et
304 3162 420 3224 humili
435 3163 613 3246 precatione
622 3184 708 3246 spem
719 3162 801 3226 banc
815 3165 1014 3248 perexiguam
1023 3162 1145 3224 inducit

98 3262 188 3323 modo
203 3263 364 3324 in·1icinii
376 3283 481 3345 agros,
497 3262 594 3324 modo
604 3265 638 3322 in
648 3262 727 3324 aedes
737 3263 852 3340 Crassi,
869 3266 889 3325 ι’.
904 3285 945 3341 e,
960 3258 1026 3324 citit
1040 3264 1067 3323 ei
1078 3283 1145 3344 opes

99 3361 299 3424 ditissimorum
309 3383 347 3424 ex
355 3365 509 3439 Romanis,
522 3373 726 3446 precaturque
736 3375 772 3424 ut
780 3383 853 3424 eum
862 3362 922 3424 sibi
934 3383 1083 3444 generum
1093 3360 1146 3422 ha-

100 3460 166 3522 bere
178 3462 277 3522 velint
291 3483 378 3543 rages
394 3473 424 3522 et
438 3462 571 3544 reginae,
591 3462 739 3522 maritum
755 3461 866 3543 puellae
877 3483 1001 3538 omnes,
1019 3459 1145 3542 ejusque

102 3559 241 3639 vestigiis,
252 3579 452 3641 quocumque
460 3559 545 3634 ierit,
557 3578 635 3619 rosae
645 3559 903 3619 innascanturb..
915 3559 982 3640 Ego
991 3577 1066 3618 vero
1075 3578 1146 3618 mu·

103 3653 254 3718 liercolam
266 3656 368 3717 nolim
376 3655 410 3716 id
417 3657 475 3716 sibi
483 3655 620 3717 muneris
630 3675 798 3733 assumere,
807 3667 843 3716 ut
849 3667 923 3716 vota
934 3674 1032 3738 puero
1043 3653 1146 3715 faciat.

104 3753 129 3812 Ο
144 3755 275 3838 Jupiter,
294 3754 354 3815 ista
371 3752 417 3814 illi
435 3753 602 3836 denegato,
621 3753 764 3836 quamvis
781 3764 814 3813 te
832 3750 911 3813 albis
929 3753 1084 3834 rogaverit
1102 3751 1147 3810 in-

106 3848 323 3914 duuaestibus.

144 3944 186 4022 4¹·
203 3951 342 4011 Precaris
357 3971 375 4010 a
391 3950 458 4010 Diis
472 3970 641 4010 nervorum
654 3949 720 4010 vim
733 3960 764 4011 et
776 3970 889 4032 corpus
905 3945 992 4029 quod
1010 3947 1044 4005 in
1060 3963 1144 4004 sene·

106 4057 182 4106 etate
191 4069 255 4109 non
272 4047 403 4110 debriat.
415 4049 496 4110 Rene
512 4045 622 4123 babet3
642 4069 714 4131 age,
723 4048 787 4130 fias
802 4050 861 4110 coti
878 4065 1017 4128 compos:
1035 4061 1144 4101 verum

106 4145 165 4206 iste
174 4149 206 4208 in
217 4148 415 4230 amplissimis
426 4147 566 4212 lancibus
578 4169 653 4212 escae
664 4161 694 4212 et
704 4149 835 4233 pinguia
844 4144 1009 4208 sarcimine
1018 4159 1084 4202 non
1093 4161 1145 4222 pa·
