3176 4954
331 388 398 456 386
571 391 606 454 C.
634 389 822 454 LUCILII
849 389 1144 457 FRAGMENTA

282 595 285 605 ¹
329 521 374 583 Ut
383 517 479 607 pueri
491 513 634 580 infantes
647 510 790 580 credunt
802 513 898 604 signa
910 515 1023 580 onmia
1034 513 1143 582 ahena

329 628 464 708 Vivere,
478 639 511 690 et
525 647 599 690 esse
611 621 764 690 homines
776 647 784 687 :
798 639 833 688 et
844 623 892 689 sic
903 624 958 690 isti
969 625 1082 690 omnia
1094 623 1171 692 fieta

328 742 415 804 Vera
427 752 564 829 putant,
576 733 721 802 credunt
733 735 836 825 signis
848 757 907 800 cor
919 736 1028 802 inesse
1040 735 1169 803 ahenis.

328 846 471 939 Pergula
482 848 666 939 pictorum,
680 846 749 912 veri
763 842 863 927 nihil,
878 847 990 912 omnia
1002 843 1090 914 ficta.

829 959 871 1021 II.

327 1073 541 1160 Tempestate
554 1089 629 1148 sua,
642 1081 743 1159 atque
757 1062 876 1131 eodem
887 1088 957 1130 uno
968 1078 1136 1157 ternpore,
1150 1081 1183 1132 et
1196 1063 1289 1132 horae

326 1175 487 1256 Dimidio,
499 1173 596 1242 tribu’
610 1173 770 1240 conlectis
786 1170 948 1242 duntaxat
959 1173 1113 1242 eamdem

328 1291 370 1354 Et
381 1301 547 1380 quartam.
816 1380 873 1442 m

326 1491 552 1584 Pulmentaria
564 1506 602 1555 nt
612 1487 767 1581 intybus‚
780 1505 840 1555 aut
850 1485 963 1583 aliqua
974 1485 1011 1554 id
1020 1513 1126 1580 genus
1139 1488 1254 1556 herba.

324 1605 366 1668 Et
375 1599 432 1694 jus
444 1623 632 1666 maenarum
644 1597 730 1666 bene
745 1597 860 1680 habet,
875 1597 935 1664 sed
947 1599 1096 1681 mietilis,
1111 1595 1238 1666 honest

323 1717 431 1780 Merx.
864 1781 866 1788 ,

819 1806 878 1868 IV.

321 1915 484 2010 Calpurni
496 1937 619 1982 saevam
631 1912 740 2004 Iegem
753 1911 870 1979 Pisoni'
885 1911 1058 2006 reprendi,

322 2028 498 2124 Eduxique
510 2031 658 2095 animam
669 2029 705 2093 iu
716 2025 910 2119 primoribn’
922 2026 1069 2094 naribus.
1162 2043 1165 2052 '

827 2143 868 2205 V.

322 2261 399 2322 lam
410 2253 638 2346 disrumpetur
649 2251 796 2334 medius,
807 2247 877 2343 jani
891 2267 930 2318 nt
940 2252 1065 2319 Marsu‘
1077 2251 1234 2320 colubras

322 2365 509 2456 Disrumpit
520 2379 636 2445 cantu,
647 2385 750 2429 venas
764 2383 869 2455 quum
882 2357 1068 2428 extenderit
1079 2365 1219 2430 omneis.
1302 2449 1305 2456 Ι

353 2582 769 2655 11.Aut.(tdlius‚nb.111,0ap.
783 2585 822 2650 14.
868 2581 977 2655 aliquod
984 2600 1067 2656 penus
1080 2581 1265 2654 halmoque
1277 2601 1373 2637 meno·

322 2667 438 2720 ..tamin
451 2665 576 2731 ΒΗΚ,
590 2664 756 2716 manifestius
769 2663 822 2714 Lu·
867 2681 925 2716 mm
946 2663 1010 2714 lene
1028 2663 1104 2716 talei
1120 2683 1146 2717 te
1170 2665 1304 2735 myctiris,
1325 2666 1373 2718 loc

317 2745 395 2799 eiline
406 2745 543 2798 dimidiam
557 2744 648 2795 loram
664 2741 753 2794 dicere
765 2753 823 2794 etu-
867 2753 903 2796 ost
912 2744 1001 2795 merim
1014 2743 1050 2793 At
1061 2744 1088 2794 in
1097 2742 1189 2816 Intybe
1201 2745 1275 2815 prior
1283 2763 1374 2797 versus

316 2824 391 2876 dioee
406 2825 490 2894 fugit:
506 2820 554 2874 eod
571 2839 621 2892 pro
637 2820 764 2886 dimidia,
780 2819 823 2870 di·
866 2833 971 2874 tantum
989 2821 1086 2892 legitur
1101 2824 1136 2874 ita
1156 2835 1186 2874 ut
1205 2841 1265 2874 eum
1285 2825 1373 2894 expri-

315 2903 427 2955 midlum
445 2903 522 2973 pouit
538 2902 565 2951 in
587 2899 659 2952 hisce
679 2897 819 2951 versibnst
866 2898 992 2951 mendum
1016 2903 1173 2952 curarimus.
1197 2901 1372 2954 Poeteriorem

315 2983 479 3054 Tempestate
496 2999 556 3046 ota,
571 2991 622 3032 etc·
637 2979 722 3044 Nam,
738 2995 820 3050 quum
865 2981 1047 3033 restituitloe.
1061 2978 1185 3052 Scaliger.
1389 2987 1393 2992 '

315 3061 422 3114 obvium
429 3055 818 3132 proximunqneeeeetdicere:
899 3059 1076 3111 1v.1t0nius=
1090 3061 1194 3113 Priores
1203 3072 1230 3111 et
1244 3060 1371 3130 primores

314 3139 352 3190 m
365 3139 429 3191 loro
442 3137 575 3203 Dimidio,
592 3133 667 3190 crioil
678 3133 817 3208 confictis,
862 3137 933 3190 hanc
947 3137 1049 3190 habent
1063 3135 1253 3190 diversitatem.
1269 3138 1373 3191 Priores

314 3215 755 3290 etesigilateattomeqneverbum
763 3235 819 3268 non
865 3215 1372 3297 enImcomparativieuntgraduupri·

311 3296 428 3370 probum
437 3299 555 3350 mutavit.
566 3299 615 3349 Per
623 3293 696 3367 quod
705 3297 819 3368 eatisep·
863 3315 959 3363 moret,
969 3315 1077 3350 sumina
1085 3315 1199 3370 queque
1211 3316 1261 3350 ree.
1269 3327 1304 3336 —
1312 3296 1370 3350 Col-

311 3389 389 3450 paret
404 3395 438 3430 ne
452 3377 543 3430 horam
558 3375 667 3448 quidem
679 3374 817 3428 dimidiam
860 3375 968 3447 pomis.
981 3375 1078 3448 leporii,
1090 3389 1140 3428 etc.
1149 3377 1195 3428 Eat
1206 3374 1262 3428 huo
1275 3373 1329 3440 lex,
1339 3390 1369 3427 nt

311 3469 384 3509 recte
395 3453 466 3522 dici,
478 3455 525 3510 ted
538 3455 579 3508 vel
591 3454 756 3508 dimidiatam
769 3454 816 3506 lio·
860 3470 938 3527 putat
944 3459 1050 3521 Donec,
1059 3455 1206 3528 Calpurnia
1212 3455 1247 3508 de
1254 3455 1369 3522 ambitu,

192 3583 196 3596 ,
311 3535 585 3602 rom,eeldimidiom
598 3529 700 3606 portess
714 3534 812 3587 hom·
860 3554 942 3607 qnam
951 3535 1367 3608 C.CalpnrniuePieoconenltu·

344 3617 387 3668 111
404 3615 531 3668 Noniae:
551 3615 677 3682 Miotilis,
698 3633 815 3686 pauper·
858 3614 1366 3688 Iit:inqna‚proetereliaepoenee‚pecn·

310 3692 372 3748 cula
384 3694 568 3768 pulmentaria,
585 3696 659 3749 Idem
670 3717 676 3745 =
689 3694 812 3764 Intybtm
858 3696 943 3746 niaria
952 3713 1060 3768 quoqne
1070 3707 1126 3747 eret
1135 3693 1303 3766 adjecta-Cui
1312 3693 1365 3766 legi

308 3777 412 3844 generis
421 3773 570 3826 marculini.
587 3771 704 3844 (Gallice
716 3770 744 3823 lo
758 3770 814 3822 clii·
859 3773 1011 3828 obnimiam
1024 3776 1082 3845 ejue
1089 3776 1252 3828 severitatem
1262 3773 1370 3846 aliquid.

309 3853 396 3918 corde,
411 3852 467 3925 pl)
482 3853 544 3904 floec
563 3871 625 3905 vern
640 3853 736 3904 horum
754 3868 813 3902 ver·
858 3853 1014 3925 derogatum
1031 3851 1239 3925 poeteevidetur
1252 3855 1367 3906 innuere

309 3949 387 3985 uuum
418 3932 517 4000 lectio,
547 3935 596 4002 qui
620 3931 811 4001 corruptissimi
856 3934 964 3999 Cicero,
979 3935 1007 3988 in
1021 3935 1150 3986 Oratione
1165 3952 1216 4005 pro
1227 3931 1362 3986 Cornelio.

307 4010 370 4064 editi
384 4027 445 4064 eunt
457 4011 530 4084 apud
543 4012 660 4062 Nonium
674 4012 701 4061 in
715 4009 810 4083 Micty-
891 4017 922 4067 V,
936 4014 1058 4068 Nonius:
1072 4013 1199 4079 colubro,
1209 4015 1315 4085 generis
1324 4013 1363 4065 fe·

307 4088 363 4138 rie:
386 4090 586 4143 «pulmentaria
606 4087 747 4155 utentibus,
764 4103 810 4143 out
855 4095 955 4146 minini.
973 4093 1053 4146 Marsi
1071 4093 1218 4164 plurimum
1233 4093 1360 4148 malelicie
