<?xml version="1.0" encoding="UTF-8"?>
<!DOCTYPE html PUBLIC "-//W3C//DTD XHTML 1.0 Transitional//EN"
    "http://www.w3.org/TR/xhtml1/DTD/xhtml1-transitional.dtd">
<html xmlns="http://www.w3.org/1999/xhtml" xml:lang="en" lang="en">
 <head>
  <title>
</title>
<meta http-equiv="Content-Type" content="text/html;charset=utf-8" />
  <meta name='ocr-system' content='tesseract 3.04.00' />
  <meta name='ocr-capabilities' content='ocr_page ocr_carea ocr_par ocr_line ocrx_word'/>
</head>
<body>
  <div class='ocr_page' id='page_1' title='image "./sexdecimsatir00lemagoog_0119.png"; bbox 0 0 2970 4936; ppageno 0'>
   <div class='ocr_carea' id='block_1_1' title="bbox 278 541 1124 614">
    <p class='ocr_par' dir='ltr' id='par_1_1' title="bbox 278 541 1124 614">
     <span class='ocr_line' id='line_1_1' title="bbox 278 541 1124 614; baseline 0.006 -7"><span class='ocrx_word' id='word_1_1' title='bbox 278 543 459 608; x_wconf 81' lang='lat' dir='ltr'><strong>SATIRAE</strong></span> <span class='ocrx_word' id='word_1_2' title='bbox 482 541 675 606; x_wconf 85' lang='lat' dir='ltr'>TERTIAE</span> <span class='ocrx_word' id='word_1_3' title='bbox 699 543 933 610; x_wconf 80' lang='lat' dir='ltr'>ANALYSIS.</span> <span class='ocrx_word' id='word_1_4' title='bbox 1063 547 1124 614; x_wconf 80' lang='lat'>103</span> 
     </span>
    </p>
   </div>
   <div class='ocr_carea' id='block_1_2' title="bbox 15 663 1139 2230">
    <p class='ocr_par' dir='ltr' id='par_1_2' title="bbox 15 663 1139 2230">
     <span class='ocr_line' id='line_1_2' title="bbox 15 663 1128 751; baseline -0.003 -21"><span class='ocrx_word' id='word_1_5' title='bbox 15 683 16 712; x_wconf 74' lang='lat'>³</span> <span class='ocrx_word' id='word_1_6' title='bbox 100 667 247 751; x_wconf 80' lang='lat' dir='ltr'><strong>exprobrat</strong></span> <span class='ocrx_word' id='word_1_7' title='bbox 264 667 426 746; x_wconf 78' lang='lat' dir='ltr'>magister,</span> <span class='ocrx_word' id='word_1_8' title='bbox 445 676 613 746; x_wconf 88' lang='lat' dir='ltr'>monetque</span> <span class='ocrx_word' id='word_1_9' title='bbox 630 663 753 724; x_wconf 88' lang='lat' dir='ltr'>sibimet</span> <span class='ocrx_word' id='word_1_10' title='bbox 769 686 842 725; x_wconf 89' lang='lat' dir='ltr'>enm</span> <span class='ocrx_word' id='word_1_11' title='bbox 856 666 948 726; x_wconf 88' lang='lat' dir='ltr'>verba</span> <span class='ocrx_word' id='word_1_12' title='bbox 962 665 1052 742; x_wconf 84' lang='lat' dir='ltr'>dare,</span> <span class='ocrx_word' id='word_1_13' title='bbox 1070 669 1128 727; x_wconf 89' lang='lat' dir='ltr'>sibi</span> 
     </span>
     <span class='ocr_line' id='line_1_3' title="bbox 15 757 1128 847; baseline 0.005 -29"><span class='ocrx_word' id='word_1_14' title='bbox 15 757 16 818; x_wconf 66' lang='grc' dir='ltr'>Ξ</span> <span class='ocrx_word' id='word_1_15' title='bbox 102 765 153 847; x_wconf 88' lang='lat' dir='ltr'>ipsi</span> <span class='ocrx_word' id='word_1_16' title='bbox 168 783 271 823; x_wconf 86' lang='lat' dir='ltr'>nocere</span> <span class='ocrx_word' id='word_1_17' title='bbox 289 759 370 820; x_wconf 90' lang='lat' dir='ltr'>nihil</span> <span class='ocrx_word' id='word_1_18' title='bbox 389 759 526 842; x_wconf 75' lang='lat' dir='ltr'>agendo,</span> <span class='ocrx_word' id='word_1_19' title='bbox 548 761 661 820; x_wconf 85' lang='lat' dir='ltr'>instare</span> <span class='ocrx_word' id='word_1_20' title='bbox 681 773 803 842; x_wconf 86' lang='lat' dir='ltr'>tempus</span> <span class='ocrx_word' id='word_1_21' title='bbox 822 762 1026 844; x_wconf 90' lang='lat' dir='ltr'>comparandi</span> <span class='ocrx_word' id='word_1_22' title='bbox 1046 764 1128 824; x_wconf 87' lang='lat' dir='ltr'>bona</span> 
     </span>
     <span class='ocr_line' id='line_1_4' title="bbox 15 853 1131 950; baseline 0.001 -31"><span class='ocrx_word' id='word_1_23' title='bbox 15 933 17 950; x_wconf 26' lang='grc' dir='ltr'>Ἠ</span> <span class='ocrx_word' id='word_1_24' title='bbox 103 873 213 920; x_wconf 81' lang='lat' dir='ltr'>maura</span> <span class='ocrx_word' id='word_1_25' title='bbox 223 859 305 920; x_wconf 80' lang='lat' dir='ltr'>atati</span> <span class='ocrx_word' id='word_1_26' title='bbox 316 853 707 938; x_wconf 78' lang='lat' dir='ltr'>maximeproiumra,15,</span> <span class='ocrx_word' id='word_1_27' title='bbox 720 855 819 931; x_wconf 67' lang='grc'><strong>64.-</strong></span> <span class='ocrx_word' id='word_1_28' title='bbox 833 859 967 919; x_wconf 67' lang='lat' dir='ltr'>atenim</span> <span class='ocrx_word' id='word_1_29' title='bbox 976 859 1052 942; x_wconf 92' lang='lat' dir='ltr'>quid</span> <span class='ocrx_word' id='word_1_30' title='bbox 1063 872 1131 920; x_wconf 89' lang='lat' dir='ltr'>tan-</span> 
     </span>
     <span class='ocr_line' id='line_1_5' title="bbox 15 953 1131 1038; baseline 0.001 -20"><span class='ocrx_word' id='word_1_31' title='bbox 15 959 17 1034; x_wconf 58' lang='lat' dir='ltr'>i</span> <span class='ocrx_word' id='word_1_32' title='bbox 106 971 161 1018; x_wconf 87' lang='lat' dir='ltr'>tum</span> <span class='ocrx_word' id='word_1_33' title='bbox 167 954 300 1038; x_wconf 85' lang='lat' dir='ltr'>proderit</span> <span class='ocrx_word' id='word_1_34' title='bbox 308 955 398 1015; x_wconf 88' lang='lat' dir='ltr'>diviti</span> <span class='ocrx_word' id='word_1_35' title='bbox 408 976 444 1014; x_wconf 89' lang='lat' dir='ltr'>ac</span> <span class='ocrx_word' id='word_1_36' title='bbox 453 953 551 1014; x_wconf 92' lang='lat' dir='ltr'>nobili</span> <span class='ocrx_word' id='word_1_37' title='bbox 560 954 727 1015; x_wconf 83' lang='lat' dir='ltr'>studuisse?</span> <span class='ocrx_word' id='word_1_38' title='bbox 736 957 861 1015; x_wconf 86' lang='lat' dir='ltr'>Miseras</span> <span class='ocrx_word' id='word_1_39' title='bbox 872 955 1057 1038; x_wconf 87' lang='lat' dir='ltr'>objectiones</span> <span class='ocrx_word' id='word_1_40' title='bbox 1067 980 1131 1019; x_wconf 91' lang='lat' dir='ltr'>non</span> 
     </span>
     <span class='ocr_line' id='line_1_6' title="bbox 15 1052 1132 1138; baseline 0.003 -23"><span class='ocrx_word' id='word_1_41' title='bbox 15 1125 16 1138; x_wconf 12' lang='grc' dir='ltr'>χ</span> <span class='ocrx_word' id='word_1_42' title='bbox 104 1071 157 1116; x_wconf 83' lang='lat' dir='ltr'>tam</span> <span class='ocrx_word' id='word_1_43' title='bbox 173 1054 329 1131; x_wconf 82' lang='lat' dir='ltr'>confutat,</span> <span class='ocrx_word' id='word_1_44' title='bbox 348 1075 442 1136; x_wconf 89' lang='lat' dir='ltr'>quam</span> <span class='ocrx_word' id='word_1_45' title='bbox 465 1052 544 1113; x_wconf 89' lang='lat' dir='ltr'>ridet</span> <span class='ocrx_word' id='word_1_46' title='bbox 564 1066 594 1114; x_wconf 90' lang='lat' dir='ltr'>et</span> <span class='ocrx_word' id='word_1_47' title='bbox 614 1053 796 1134; x_wconf 80' lang='lat' dir='ltr'>indignatur</span> <span class='ocrx_word' id='word_1_48' title='bbox 813 1055 946 1131; x_wconf 75' lang='lat' dir='ltr'>Stoicus,</span> <span class='ocrx_word' id='word_1_49' title='bbox 965 1071 1132 1138; x_wconf 88' lang='lat' dir='ltr'>testemque</span> 
     </span>
     <span class='ocr_line' id='line_1_7' title="bbox 15 1148 1133 1233; baseline 0.002 -21"><span class='ocrx_word' id='word_1_50' title='bbox 15 1161 16 1164; x_wconf 75' lang='grc'>’</span> <span class='ocrx_word' id='word_1_51' title='bbox 103 1151 308 1212; x_wconf 85' lang='lat' dir='ltr'>conscientiam</span> <span class='ocrx_word' id='word_1_52' title='bbox 323 1150 499 1233; x_wconf 86' lang='lat' dir='ltr'>appellans,</span> <span class='ocrx_word' id='word_1_53' title='bbox 514 1148 603 1209; x_wconf 89' lang='lat' dir='ltr'>docet</span> <span class='ocrx_word' id='word_1_54' title='bbox 613 1171 722 1210; x_wconf 88' lang='lat' dir='ltr'>eorum</span> <span class='ocrx_word' id='word_1_55' title='bbox 737 1171 799 1211; x_wconf 86' lang='lat' dir='ltr'>esse</span> <span class='ocrx_word' id='word_1_56' title='bbox 810 1153 1013 1212; x_wconf 84' lang='lat' dir='ltr'>miserrimam</span> <span class='ocrx_word' id='word_1_57' title='bbox 1026 1155 1133 1214; x_wconf 89' lang='lat' dir='ltr'>condi·</span> 
     </span>
     <span class='ocr_line' id='line_1_8' title="bbox 102 1249 1134 1334; baseline 0.004 -23"><span class='ocrx_word' id='word_1_58' title='bbox 102 1253 221 1329; x_wconf 88' lang='lat' dir='ltr'>tionem,</span> <span class='ocrx_word' id='word_1_59' title='bbox 232 1253 288 1334; x_wconf 93' lang='lat' dir='ltr'>qui</span> <span class='ocrx_word' id='word_1_60' title='bbox 300 1252 398 1312; x_wconf 89' lang='lat' dir='ltr'>sciant</span> <span class='ocrx_word' id='word_1_61' title='bbox 409 1251 486 1332; x_wconf 92' lang='lat' dir='ltr'>quid</span> <span class='ocrx_word' id='word_1_62' title='bbox 498 1250 646 1333; x_wconf 88' lang='lat' dir='ltr'>perdant,</span> <span class='ocrx_word' id='word_1_63' title='bbox 660 1249 714 1328; x_wconf 71' lang='grc'><strong>64,</strong></span> <span class='ocrx_word' id='word_1_64' title='bbox 727 1249 775 1327; x_wconf 84' lang='grc'>34.</span> <span class='ocrx_word' id='word_1_65' title='bbox 789 1287 826 1296; x_wconf 93' lang='grc'>-</span> <span class='ocrx_word' id='word_1_66' title='bbox 839 1253 899 1312; x_wconf 92' lang='lat' dir='ltr'>Hie</span> <span class='ocrx_word' id='word_1_67' title='bbox 911 1275 965 1334; x_wconf 89' lang='lat' dir='ltr'>per</span> <span class='ocrx_word' id='word_1_68' title='bbox 973 1254 1134 1334; x_wconf 76' lang='lat' dir='ltr'>digressio·</span> 
     </span>
     <span class='ocr_line' id='line_1_9' title="bbox 15 1345 1135 1430; baseline 0.002 -22"><span class='ocrx_word' id='word_1_69' title='bbox 15 1389 16 1394; x_wconf 22' lang='grc' dir='ltr'><strong><em>κ</em></strong></span> <span class='ocrx_word' id='word_1_70' title='bbox 103 1369 165 1408; x_wconf 88' lang='lat' dir='ltr'>nem</span> <span class='ocrx_word' id='word_1_71' title='bbox 181 1346 388 1430; x_wconf 88' lang='lat' dir='ltr'>amplificatur</span> <span class='ocrx_word' id='word_1_72' title='bbox 404 1345 484 1408; x_wconf 91' lang='lat' dir='ltr'>illud</span> <span class='ocrx_word' id='word_1_73' title='bbox 501 1347 694 1408; x_wconf 79' lang='lat' dir='ltr'>conscientias</span> <span class='ocrx_word' id='word_1_74' title='bbox 708 1346 879 1428; x_wconf 85' lang='lat' dir='ltr'>judieium,</span> <span class='ocrx_word' id='word_1_75' title='bbox 899 1370 962 1429; x_wconf 88' lang='lat' dir='ltr'>quo</span> <span class='ocrx_word' id='word_1_76' title='bbox 979 1353 1102 1430; x_wconf 76' lang='lat' dir='ltr'>gravius</span> <span class='ocrx_word' id='word_1_77' title='bbox 1116 1375 1135 1411; x_wconf 86' lang='lat' dir='ltr'>a</span> 
     </span>
     <span class='ocr_line' id='line_1_10' title="bbox 104 1445 1135 1532; baseline 0.006 -28"><span class='ocrx_word' id='word_1_78' title='bbox 104 1447 159 1506; x_wconf 88' lang='lat' dir='ltr'>Deo</span> <span class='ocrx_word' id='word_1_79' title='bbox 168 1466 229 1506; x_wconf 88' lang='lat' dir='ltr'>non</span> <span class='ocrx_word' id='word_1_80' title='bbox 238 1446 338 1529; x_wconf 87' lang='lat' dir='ltr'>possit</span> <span class='ocrx_word' id='word_1_81' title='bbox 346 1445 439 1506; x_wconf 88' lang='lat' dir='ltr'>velin</span> <span class='ocrx_word' id='word_1_82' title='bbox 448 1446 627 1506; x_wconf 71' lang='lat' dir='ltr'>saevissimos</span> <span class='ocrx_word' id='word_1_83' title='bbox 636 1459 786 1528; x_wconf 80' lang='lat' dir='ltr'>tyrannos</span> <span class='ocrx_word' id='word_1_84' title='bbox 795 1447 926 1530; x_wconf 81' lang='lat' dir='ltr'>irrogari</span> <span class='ocrx_word' id='word_1_85' title='bbox 935 1447 1135 1532; x_wconf 86' lang='lat' dir='ltr'>supplicium,</span> 
     </span>
     <span class='ocr_line' id='line_1_11' title="bbox 15 1541 1136 1630; baseline 0.004 -25"><span class='ocrx_word' id='word_1_86' title='bbox 15 1567 16 1624; x_wconf 48' lang='grc' dir='ltr'>ᾖ</span> <span class='ocrx_word' id='word_1_87' title='bbox 104 1546 150 1620; x_wconf 84' lang='grc'>35,</span> <span class='ocrx_word' id='word_1_88' title='bbox 163 1541 210 1619; x_wconf 87' lang='grc'>43.</span> <span class='ocrx_word' id='word_1_89' title='bbox 224 1580 263 1590; x_wconf 97' lang='grc'><strong>-</strong></span> <span class='ocrx_word' id='word_1_90' title='bbox 279 1547 428 1605; x_wconf 84' lang='lat' dir='ltr'>Reversus</span> <span class='ocrx_word' id='word_1_91' title='bbox 445 1543 484 1604; x_wconf 90' lang='lat' dir='ltr'>ad</span> <span class='ocrx_word' id='word_1_92' title='bbox 503 1547 697 1628; x_wconf 86' lang='lat' dir='ltr'>propositam</span> <span class='ocrx_word' id='word_1_93' title='bbox 713 1545 957 1630; x_wconf 86' lang='lat' dir='ltr'>disputationem</span> <span class='ocrx_word' id='word_1_94' title='bbox 976 1547 1136 1627; x_wconf 76' lang='lat' dir='ltr'>magister,</span> 
     </span>
     <span class='ocr_line' id='line_1_12' title="bbox 104 1641 1137 1728; baseline 0.003 -27"><span class='ocrx_word' id='word_1_95' title='bbox 104 1641 228 1703; x_wconf 82' lang='lat' dir='ltr'>concedit</span> <span class='ocrx_word' id='word_1_96' title='bbox 235 1641 408 1703; x_wconf 84' lang='lat' dir='ltr'>excusanda</span> <span class='ocrx_word' id='word_1_97' title='bbox 418 1664 480 1702; x_wconf 90' lang='lat' dir='ltr'>esse</span> <span class='ocrx_word' id='word_1_98' title='bbox 488 1643 521 1702; x_wconf 88' lang='lat' dir='ltr'>in</span> <span class='ocrx_word' id='word_1_99' title='bbox 530 1641 634 1728; x_wconf 91' lang='lat' dir='ltr'>pueris</span> <span class='ocrx_word' id='word_1_100' title='bbox 643 1641 826 1725; x_wconf 86' lang='lat' dir='ltr'>puerilia,ct</span> <span class='ocrx_word' id='word_1_101' title='bbox 835 1657 941 1704; x_wconf 88' lang='lat' dir='ltr'>narrat</span> <span class='ocrx_word' id='word_1_102' title='bbox 951 1644 1064 1726; x_wconf 90' lang='lat' dir='ltr'>quibus</span> <span class='ocrx_word' id='word_1_103' title='bbox 1074 1645 1137 1728; x_wconf 89' lang='lat' dir='ltr'>ipse</span> 
     </span>
     <span class='ocr_line' id='line_1_13' title="bbox 15 1737 1139 1823; baseline 0.004 -25"><span class='ocrx_word' id='word_1_104' title='bbox 15 1793 17 1816; x_wconf 29' lang='grc' dir='ltr'>ς</span> <span class='ocrx_word' id='word_1_105' title='bbox 104 1761 170 1822; x_wconf 89' lang='lat' dir='ltr'>puer</span> <span class='ocrx_word' id='word_1_106' title='bbox 179 1739 257 1799; x_wconf 87' lang='lat' dir='ltr'>ludis</span> <span class='ocrx_word' id='word_1_107' title='bbox 268 1739 456 1816; x_wconf 84' lang='lat' dir='ltr'>inservierit,</span> <span class='ocrx_word' id='word_1_108' title='bbox 469 1737 523 1816; x_wconf 83' lang='grc'>44,</span> <span class='ocrx_word' id='word_1_109' title='bbox 537 1743 584 1802; x_wconf 83' lang='lat'>5¹.</span> <span class='ocrx_word' id='word_1_110' title='bbox 598 1777 638 1787; x_wconf 92' lang='lat'>—</span> <span class='ocrx_word' id='word_1_111' title='bbox 652 1739 709 1802; x_wconf 86' lang='lat' dir='ltr'>Sed</span> <span class='ocrx_word' id='word_1_112' title='bbox 723 1763 777 1802; x_wconf 89' lang='lat' dir='ltr'>sua</span> <span class='ocrx_word' id='word_1_113' title='bbox 792 1756 864 1802; x_wconf 90' lang='lat' dir='ltr'>sunt</span> <span class='ocrx_word' id='word_1_114' title='bbox 874 1743 1044 1823; x_wconf 90' lang='lat' dir='ltr'>unicuique</span> <span class='ocrx_word' id='word_1_115' title='bbox 1056 1745 1139 1802; x_wconf 84' lang='lat' dir='ltr'>aetati</span> 
     </span>
     <span class='ocr_line' id='line_1_14' title="bbox 15 1837 1138 1924; baseline 0.004 -28"><span class='ocrx_word' id='word_1_116' title='bbox 15 1845 16 1912; x_wconf 77' lang='lat' dir='ltr'>j</span> <span class='ocrx_word' id='word_1_117' title='bbox 105 1837 205 1914; x_wconf 86' lang='lat' dir='ltr'>studia,</span> <span class='ocrx_word' id='word_1_118' title='bbox 217 1859 318 1920; x_wconf 87' lang='lat' dir='ltr'>neque</span> <span class='ocrx_word' id='word_1_119' title='bbox 329 1859 381 1899; x_wconf 90' lang='lat' dir='ltr'>eos</span> <span class='ocrx_word' id='word_1_120' title='bbox 391 1838 457 1920; x_wconf 90' lang='lat' dir='ltr'>jam</span> <span class='ocrx_word' id='word_1_121' title='bbox 467 1837 606 1899; x_wconf 90' lang='lat' dir='ltr'>dormire</span> <span class='ocrx_word' id='word_1_122' title='bbox 618 1838 704 1900; x_wconf 91' lang='lat' dir='ltr'>decet</span> <span class='ocrx_word' id='word_1_123' title='bbox 717 1859 751 1899; x_wconf 87' lang='lat' dir='ltr'>ac</span> <span class='ocrx_word' id='word_1_124' title='bbox 763 1841 874 1899; x_wconf 83' lang='lat' dir='ltr'>inertia</span> <span class='ocrx_word' id='word_1_125' title='bbox 885 1855 1071 1924; x_wconf 79' lang='lat' dir='ltr'>torpescere,</span> <span class='ocrx_word' id='word_1_126' title='bbox 1084 1842 1138 1923; x_wconf 90' lang='lat' dir='ltr'>qui</span> 
     </span>
     <span class='ocr_line' id='line_1_15' title="bbox 106 1935 1139 2020; baseline 0.002 -25.838"><span class='ocrx_word' id='word_1_127' title='bbox 106 1935 1139 2020; x_wconf 71' lang='lat' dir='ltr'>nmtesnut,utbonssecernantamalis,etquibusomniaprae-</span> 
     </span>
     <span class='ocr_line' id='line_1_16' title="bbox 15 2023 1139 2116; baseline 0.001 -25"><span class='ocrx_word' id='word_1_128' title='bbox 15 2031 16 2076; x_wconf 49' lang='grc' dir='ltr'><em>ἕ</em></span> <span class='ocrx_word' id='word_1_129' title='bbox 106 2031 572 2116; x_wconf 76' lang='lat' dir='ltr'>stosnntpbiiosophiaeauxilia.</span> <span class='ocrx_word' id='word_1_130' title='bbox 582 2033 854 2093; x_wconf 71' lang='lat' dir='ltr'>lustimendavire</span> <span class='ocrx_word' id='word_1_131' title='bbox 866 2023 945 2095; x_wconf 80' lang='lat' dir='ltr'>ratio</span> <span class='ocrx_word' id='word_1_132' title='bbox 957 2045 1013 2108; x_wconf 84' lang='lat' dir='ltr'>est,</span> <span class='ocrx_word' id='word_1_133' title='bbox 1026 2047 1057 2092; x_wconf 83' lang='lat' dir='ltr'>et</span> <span class='ocrx_word' id='word_1_134' title='bbox 1068 2053 1139 2114; x_wconf 91' lang='lat' dir='ltr'>pro-</span> 
     </span>
     <span class='ocr_line' id='line_1_17' title="bbox 15 2123 1139 2230; baseline 0.002 -40"><span class='ocrx_word' id='word_1_135' title='bbox 15 2123 17 2230; x_wconf 67' lang='lat'>,</span> <span class='ocrx_word' id='word_1_136' title='bbox 106 2131 283 2212; x_wconf 85' lang='lat' dir='ltr'>spicieudurn</span> <span class='ocrx_word' id='word_1_137' title='bbox 302 2131 427 2208; x_wconf 83' lang='lat' dir='ltr'>futuro,</span> <span class='ocrx_word' id='word_1_138' title='bbox 453 2131 507 2207; x_wconf 79' lang='lat'>52,</span> <span class='ocrx_word' id='word_1_139' title='bbox 529 2133 579 2192; x_wconf 79' lang='lat'>62.</span> <span class='ocrx_word' id='word_1_140' title='bbox 603 2165 644 2178; x_wconf 91' lang='lat'>-</span> <span class='ocrx_word' id='word_1_141' title='bbox 666 2132 746 2194; x_wconf 85' lang='lat' dir='ltr'><strong>Sunt</strong></span> <span class='ocrx_word' id='word_1_142' title='bbox 766 2132 866 2196; x_wconf 86' lang='lat' dir='ltr'>animi</span> <span class='ocrx_word' id='word_1_143' title='bbox 889 2133 979 2194; x_wconf 83' lang='lat' dir='ltr'>sicuti</span> <span class='ocrx_word' id='word_1_144' title='bbox 1000 2133 1139 2214; x_wconf 88' lang='lat' dir='ltr'>corporis</span> 
     </span>
    </p>
   </div>
   <div class='ocr_carea' id='block_1_3' title="bbox 15 2227 1138 2312">
    <p class='ocr_par' dir='ltr' id='par_1_3' title="bbox 15 2227 1138 2312">
     <span class='ocr_line' id='line_1_18' title="bbox 15 2227 1138 2312; baseline 0.003 -25"><span class='ocrx_word' id='word_1_145' title='bbox 15 2237 17 2304; x_wconf 65' lang='lat' dir='ltr'>i</span> <span class='ocrx_word' id='word_1_146' title='bbox 106 2227 240 2303; x_wconf 85' lang='lat' dir='ltr'>remedia,</span> <span class='ocrx_word' id='word_1_147' title='bbox 263 2229 433 2311; x_wconf 86' lang='lat' dir='ltr'>inquibus</span> <span class='ocrx_word' id='word_1_148' title='bbox 454 2229 672 2312; x_wconf 78' lang='lat' dir='ltr'>comparandis</span> <span class='ocrx_word' id='word_1_149' title='bbox 694 2245 815 2292; x_wconf 83' lang='lat' dir='ltr'>mature</span> <span class='ocrx_word' id='word_1_150' title='bbox 838 2229 1062 2292; x_wconf 80' lang='lat' dir='ltr'>elaborandum</span> <span class='ocrx_word' id='word_1_151' title='bbox 1086 2243 1138 2290; x_wconf 90' lang='lat' dir='ltr'>est.</span> 
     </span>
    </p>
   </div>
   <div class='ocr_carea' id='block_1_4' title="bbox 106 2325 1141 2604">
    <p class='ocr_par' dir='ltr' id='par_1_4' title="bbox 106 2325 1141 2604">
     <span class='ocr_line' id='line_1_19' title="bbox 106 2325 1139 2408; baseline -0.002 -23"><span class='ocrx_word' id='word_1_152' title='bbox 106 2325 243 2402; x_wconf 79' lang='lat' dir='ltr'>Quaenam</span> <span class='ocrx_word' id='word_1_153' title='bbox 254 2346 328 2386; x_wconf 82' lang='lat' dir='ltr'>vero</span> <span class='ocrx_word' id='word_1_154' title='bbox 342 2326 399 2385; x_wconf 88' lang='lat' dir='ltr'>ista</span> <span class='ocrx_word' id='word_1_155' title='bbox 411 2325 545 2388; x_wconf 86' lang='lat' dir='ltr'>remedia</span> <span class='ocrx_word' id='word_1_156' title='bbox 556 2325 647 2390; x_wconf 79' lang='lat' dir='ltr'>sunt?</span> <span class='ocrx_word' id='word_1_157' title='bbox 659 2328 719 2388; x_wconf 92' lang='lat' dir='ltr'>Hic</span> <span class='ocrx_word' id='word_1_158' title='bbox 731 2340 951 2392; x_wconf 83' lang='lat' dir='ltr'>enumerantur</span> <span class='ocrx_word' id='word_1_159' title='bbox 962 2327 1139 2408; x_wconf 74' lang='lat' dir='ltr'>gravissima</span> 
     </span>
     <span class='ocr_line' id='line_1_20' title="bbox 107 2421 1141 2514; baseline 0.001 -32"><span class='ocrx_word' id='word_1_160' title='bbox 107 2421 295 2506; x_wconf 81' lang='lat' dir='ltr'>pbilosopbiae</span> <span class='ocrx_word' id='word_1_161' title='bbox 309 2423 411 2508; x_wconf 84' lang='lat' dir='ltr'>capita</span> <span class='ocrx_word' id='word_1_162' title='bbox 426 2424 464 2514; x_wconf 89' lang='lat' dir='ltr'>de</span> <span class='ocrx_word' id='word_1_163' title='bbox 478 2425 653 2505; x_wconf 78' lang='lat' dir='ltr'>cognitione</span> <span class='ocrx_word' id='word_1_164' title='bbox 668 2426 731 2500; x_wconf 87' lang='lat' dir='ltr'>sui,</span> <span class='ocrx_word' id='word_1_165' title='bbox 746 2424 784 2485; x_wconf 90' lang='lat' dir='ltr'>de</span> <span class='ocrx_word' id='word_1_166' title='bbox 798 2426 943 2502; x_wconf 90' lang='lat' dir='ltr'>consilio,</span> <span class='ocrx_word' id='word_1_167' title='bbox 958 2425 996 2485; x_wconf 93' lang='lat' dir='ltr'>de</span> <span class='ocrx_word' id='word_1_168' title='bbox 1009 2424 1088 2502; x_wconf 82' lang='lat' dir='ltr'>fato,</span> <span class='ocrx_word' id='word_1_169' title='bbox 1104 2425 1141 2484; x_wconf 91' lang='lat' dir='ltr'>de</span> 
     </span>
     <span class='ocr_line' id='line_1_21' title="bbox 111 2515 1141 2604; baseline 0.002 -24"><span class='ocrx_word' id='word_1_170' title='bbox 111 2537 215 2598; x_wconf 87' lang='lat' dir='ltr'>morte,</span> <span class='ocrx_word' id='word_1_171' title='bbox 232 2535 399 2604; x_wconf 72' lang='lat' dir='ltr'>caeteraque</span> <span class='ocrx_word' id='word_1_172' title='bbox 415 2515 447 2582; x_wconf 89' lang='lat' dir='ltr'>id</span> <span class='ocrx_word' id='word_1_173' title='bbox 461 2543 557 2603; x_wconf 78' lang='lat' dir='ltr'>genus</span> <span class='ocrx_word' id='word_1_174' title='bbox 571 2523 709 2582; x_wconf 83' lang='lat' dir='ltr'>Porticus</span> <span class='ocrx_word' id='word_1_175' title='bbox 722 2536 890 2604; x_wconf 77' lang='lat' dir='ltr'>praecepta,</span> <span class='ocrx_word' id='word_1_176' title='bbox 909 2521 1022 2602; x_wconf 89' lang='lat' dir='ltr'>quibus</span> <span class='ocrx_word' id='word_1_177' title='bbox 1044 2523 1141 2582; x_wconf 89' lang='lat' dir='ltr'>animi</span> 
     </span>
    </p>
   </div>
   <div class='ocr_carea' id='block_1_5' title="bbox 15 2615 1142 2795">
    <p class='ocr_par' dir='ltr' id='par_1_5' title="bbox 15 2615 1142 2795">
     <span class='ocr_line' id='line_1_22' title="bbox 15 2615 1142 2706; baseline 0.004 -32"><span class='ocrx_word' id='word_1_178' title='bbox 15 2635 17 2674; x_wconf 66' lang='lat' dir='ltr'>i</span> <span class='ocrx_word' id='word_1_179' title='bbox 110 2619 315 2700; x_wconf 79' lang='lat' dir='ltr'>cupiditatibus</span> <span class='ocrx_word' id='word_1_180' title='bbox 333 2619 507 2694; x_wconf 86' lang='lat' dir='ltr'>medeatur,</span> <span class='ocrx_word' id='word_1_181' title='bbox 525 2617 581 2693; x_wconf 78' lang='lat'>63,</span> <span class='ocrx_word' id='word_1_182' title='bbox 597 2618 645 2703; x_wconf 77' lang='lat'>76.</span> <span class='ocrx_word' id='word_1_183' title='bbox 666 2650 705 2663; x_wconf 91' lang='lat'>—</span> <span class='ocrx_word' id='word_1_184' title='bbox 723 2618 762 2678; x_wconf 82' lang='lat' dir='ltr'>At</span> <span class='ocrx_word' id='word_1_185' title='bbox 780 2618 863 2706; x_wconf 83' lang='lat' dir='ltr'>enim</span> <span class='ocrx_word' id='word_1_186' title='bbox 883 2615 1009 2698; x_wconf 88' lang='lat' dir='ltr'>objiciat</span> <span class='ocrx_word' id='word_1_187' title='bbox 1025 2619 1142 2699; x_wconf 81' lang='lat' dir='ltr'>pingue</span> 
     </span>
     <span class='ocr_line' id='line_1_23' title="bbox 15 2711 1140 2795; baseline 0 -23"><span class='ocrx_word' id='word_1_188' title='bbox 15 2711 17 2726; x_wconf 80' lang='lat'><em>&#39;</em></span> <span class='ocrx_word' id='word_1_189' title='bbox 108 2713 221 2795; x_wconf 70' lang='lat' dir='ltr'>vulgus,</span> <span class='ocrx_word' id='word_1_190' title='bbox 241 2713 322 2775; x_wconf 90' lang='lat' dir='ltr'>nibil</span> <span class='ocrx_word' id='word_1_191' title='bbox 341 2713 382 2773; x_wconf 88' lang='lat' dir='ltr'>ad</span> <span class='ocrx_word' id='word_1_192' title='bbox 399 2713 494 2774; x_wconf 86' lang='lat' dir='ltr'>vitam</span> <span class='ocrx_word' id='word_1_193' title='bbox 513 2733 710 2773; x_wconf 89' lang='lat' dir='ltr'>communem</span> <span class='ocrx_word' id='word_1_194' title='bbox 728 2713 867 2776; x_wconf 81' lang='lat' dir='ltr'>conferre</span> <span class='ocrx_word' id='word_1_195' title='bbox 883 2711 1140 2795; x_wconf 90' lang='lat' dir='ltr'>philosophorum</span> 
     </span>
    </p>
   </div>
   <div class='ocr_carea' id='block_1_6' title="bbox 15 2811 1166 3969">
    <p class='ocr_par' dir='ltr' id='par_1_6' title="bbox 15 2811 1166 3969">
     <span class='ocr_line' id='line_1_24' title="bbox 109 2811 1143 2894; baseline 0.001 -23"><span class='ocrx_word' id='word_1_196' title='bbox 109 2813 188 2871; x_wconf 84' lang='lat' dir='ltr'>istam</span> <span class='ocrx_word' id='word_1_197' title='bbox 200 2811 417 2894; x_wconf 81' lang='lat' dir='ltr'>prudentiam,</span> <span class='ocrx_word' id='word_1_198' title='bbox 430 2831 501 2893; x_wconf 74' lang='lat' dir='ltr'>quae</span> <span class='ocrx_word' id='word_1_199' title='bbox 511 2811 594 2870; x_wconf 84' lang='lat' dir='ltr'>circa</span> <span class='ocrx_word' id='word_1_200' title='bbox 606 2828 705 2891; x_wconf 77' lang='lat' dir='ltr'>nugas</span> <span class='ocrx_word' id='word_1_201' title='bbox 720 2831 863 2893; x_wconf 87' lang='lat' dir='ltr'>operosas</span> <span class='ocrx_word' id='word_1_202' title='bbox 876 2824 1027 2887; x_wconf 84' lang='lat' dir='ltr'>versetur,</span> <span class='ocrx_word' id='word_1_203' title='bbox 1042 2831 1143 2892; x_wconf 89' lang='lat' dir='ltr'>neque</span> 
     </span>
     <span class='ocr_line' id='line_1_25' title="bbox 110 2907 1141 2992; baseline 0.001 -23"><span class='ocrx_word' id='word_1_204' title='bbox 110 2907 266 2990; x_wconf 80' lang='lat' dir='ltr'>quidquam</span> <span class='ocrx_word' id='word_1_205' title='bbox 284 2907 398 2969; x_wconf 84' lang='lat' dir='ltr'>habeat</span> <span class='ocrx_word' id='word_1_206' title='bbox 416 2919 528 2990; x_wconf 81' lang='lat' dir='ltr'>praeter</span> <span class='ocrx_word' id='word_1_207' title='bbox 546 2909 752 2976; x_wconf 81' lang='lat' dir='ltr'>austeritatem</span> <span class='ocrx_word' id='word_1_208' title='bbox 769 2907 949 2983; x_wconf 83' lang='lat' dir='ltr'>ridendam,</span> <span class='ocrx_word' id='word_1_209' title='bbox 965 2929 1018 2992; x_wconf 89' lang='lat'>77,</span> <span class='ocrx_word' id='word_1_210' title='bbox 1032 2909 1081 2992; x_wconf 87' lang='lat'>87.</span> <span class='ocrx_word' id='word_1_211' title='bbox 1102 2946 1141 2956; x_wconf 92' lang='lat'>—</span> 
     </span>
     <span class='ocr_line' id='line_1_26' title="bbox 109 2999 1166 3089; baseline 0.001 -23"><span class='ocrx_word' id='word_1_212' title='bbox 109 2999 333 3089; x_wconf 74' lang='lat' dir='ltr'>Quidproiiciat</span> <span class='ocrx_word' id='word_1_213' title='bbox 341 3004 795 3089; x_wconf 84' lang='lat' dir='ltr'>philosophia,pbiiosophiam</span> <span class='ocrx_word' id='word_1_214' title='bbox 805 3003 1004 3066; x_wconf 88' lang='lat' dir='ltr'>irridentibus</span> <span class='ocrx_word' id='word_1_215' title='bbox 1013 3021 1143 3067; x_wconf 88' lang='lat' dir='ltr'>conatur</span> <span class='ocrx_word' id='word_1_216' title='bbox 1162 3006 1166 3016; x_wconf 89' lang='lat'>&#39;</span> 
     </span>
     <span class='ocr_line' id='line_1_27' title="bbox 15 3099 1141 3186; baseline 0 -23"><span class='ocrx_word' id='word_1_217' title='bbox 15 3099 17 3120; x_wconf 70' lang='lat'>⁵</span> <span class='ocrx_word' id='word_1_218' title='bbox 111 3104 214 3165; x_wconf 72' lang='lat' dir='ltr'>btotcm</span> <span class='ocrx_word' id='word_1_219' title='bbox 230 3105 444 3167; x_wconf 79' lang='lat' dir='ltr'>demonstrare</span> <span class='ocrx_word' id='word_1_220' title='bbox 463 3123 520 3186; x_wconf 85' lang='lat' dir='ltr'>per</span> <span class='ocrx_word' id='word_1_221' title='bbox 537 3104 711 3186; x_wconf 83' lang='lat' dir='ltr'>exemplum</span> <span class='ocrx_word' id='word_1_222' title='bbox 730 3104 768 3164; x_wconf 94' lang='lat' dir='ltr'>ab</span> <span class='ocrx_word' id='word_1_223' title='bbox 786 3119 901 3185; x_wconf 81' lang='lat' dir='ltr'>aegroto</span> <span class='ocrx_word' id='word_1_224' title='bbox 920 3105 1069 3186; x_wconf 84' lang='lat' dir='ltr'>petitum,</span> <span class='ocrx_word' id='word_1_225' title='bbox 1088 3107 1141 3186; x_wconf 91' lang='lat' dir='ltr'>qui</span> 
     </span>
     <span class='ocr_line' id='line_1_28' title="bbox 112 3201 1142 3286; baseline 0.004 -28"><span class='ocrx_word' id='word_1_226' title='bbox 112 3201 210 3262; x_wconf 86' lang='lat' dir='ltr'>modici</span> <span class='ocrx_word' id='word_1_227' title='bbox 222 3202 354 3264; x_wconf 84' lang='lat' dir='ltr'>consilia</span> <span class='ocrx_word' id='word_1_228' title='bbox 366 3203 445 3262; x_wconf 87' lang='lat' dir='ltr'>ridet</span> <span class='ocrx_word' id='word_1_229' title='bbox 458 3213 488 3262; x_wconf 87' lang='lat' dir='ltr'>et</span> <span class='ocrx_word' id='word_1_230' title='bbox 502 3203 746 3286; x_wconf 76' lang='lat' dir='ltr'>intemperantia</span> <span class='ocrx_word' id='word_1_231' title='bbox 759 3221 867 3282; x_wconf 85' lang='lat' dir='ltr'>poenas</span> <span class='ocrx_word' id='word_1_232' title='bbox 881 3213 980 3260; x_wconf 83' lang='lat' dir='ltr'>morte</span> <span class='ocrx_word' id='word_1_233' title='bbox 993 3201 1067 3277; x_wconf 86' lang='lat' dir='ltr'>luit,</span> <span class='ocrx_word' id='word_1_234' title='bbox 1087 3203 1142 3276; x_wconf 89' lang='lat'>88,</span> 
     </span>
     <span class='ocr_line' id='line_1_29' title="bbox 119 3297 1143 3380; baseline 0 -22"><span class='ocrx_word' id='word_1_235' title='bbox 119 3299 174 3358; x_wconf 75' lang='lat'><strong>106.</strong></span> <span class='ocrx_word' id='word_1_236' title='bbox 188 3333 226 3345; x_wconf 86' lang='lat'><em>-</em></span> <span class='ocrx_word' id='word_1_237' title='bbox 243 3301 324 3380; x_wconf 74' lang='lat' dir='ltr'>Quae</span> <span class='ocrx_word' id='word_1_238' title='bbox 336 3299 461 3376; x_wconf 78' lang='lat' dir='ltr'>fabula,</span> <span class='ocrx_word' id='word_1_239' title='bbox 481 3299 576 3380; x_wconf 86' lang='lat' dir='ltr'>paulo</span> <span class='ocrx_word' id='word_1_240' title='bbox 590 3297 688 3359; x_wconf 84' lang='lat' dir='ltr'>fusius</span> <span class='ocrx_word' id='word_1_241' title='bbox 702 3300 853 3380; x_wconf 84' lang='lat' dir='ltr'>exposita,</span> <span class='ocrx_word' id='word_1_242' title='bbox 867 3297 1075 3358; x_wconf 87' lang='lat' dir='ltr'>adversarium</span> <span class='ocrx_word' id='word_1_243' title='bbox 1090 3297 1143 3358; x_wconf 89' lang='lat' dir='ltr'>ad-</span> 
     </span>
     <span class='ocr_line' id='line_1_30' title="bbox 116 3395 1144 3459; baseline 0.003 -6"><span class='ocrx_word' id='word_1_244' title='bbox 116 3415 227 3458; x_wconf 87' lang='lat' dir='ltr'>monere</span> <span class='ocrx_word' id='word_1_245' title='bbox 236 3398 384 3458; x_wconf 87' lang='lat' dir='ltr'>debuerat</span> <span class='ocrx_word' id='word_1_246' title='bbox 396 3417 581 3459; x_wconf 72' lang='lat' dir='ltr'>samareum</span> <span class='ocrx_word' id='word_1_247' title='bbox 592 3417 660 3458; x_wconf 82' lang='lat' dir='ltr'>ussa</span> <span class='ocrx_word' id='word_1_248' title='bbox 672 3417 765 3458; x_wconf 81' lang='lat' dir='ltr'>arum</span> <span class='ocrx_word' id='word_1_249' title='bbox 779 3415 952 3458; x_wconf 72' lang='lat' dir='ltr'>aeneorum·</span> <span class='ocrx_word' id='word_1_250' title='bbox 964 3395 1048 3456; x_wconf 84' lang='lat' dir='ltr'>Nihil</span> <span class='ocrx_word' id='word_1_251' title='bbox 1059 3395 1144 3458; x_wconf 92' lang='lat' dir='ltr'>aliud</span> 
     </span>
     <span class='ocr_line' id='line_1_31' title="bbox 118 3493 1144 3577; baseline 0.002 -25"><span class='ocrx_word' id='word_1_252' title='bbox 118 3505 206 3554; x_wconf 78' lang='lat' dir='ltr'>autem</span> <span class='ocrx_word' id='word_1_253' title='bbox 216 3497 271 3556; x_wconf 78' lang='lat' dir='ltr'>iste</span> <span class='ocrx_word' id='word_1_254' title='bbox 281 3495 441 3577; x_wconf 79' lang='lat' dir='ltr'>iutelligit,</span> <span class='ocrx_word' id='word_1_255' title='bbox 455 3497 515 3557; x_wconf 90' lang='lat' dir='ltr'>uisi</span> <span class='ocrx_word' id='word_1_256' title='bbox 526 3496 667 3556; x_wconf 79' lang='lat' dir='ltr'>fabulam</span> <span class='ocrx_word' id='word_1_257' title='bbox 676 3493 714 3556; x_wconf 91' lang='lat' dir='ltr'>de</span> <span class='ocrx_word' id='word_1_258' title='bbox 724 3515 754 3555; x_wconf 88' lang='lat' dir='ltr'>se</span> <span class='ocrx_word' id='word_1_259' title='bbox 765 3497 885 3555; x_wconf 86' lang='lat' dir='ltr'>narrari</span> <span class='ocrx_word' id='word_1_260' title='bbox 897 3516 963 3555; x_wconf 89' lang='lat' dir='ltr'>non</span> <span class='ocrx_word' id='word_1_261' title='bbox 976 3515 1077 3577; x_wconf 89' lang='lat' dir='ltr'>posse,</span> <span class='ocrx_word' id='word_1_262' title='bbox 1091 3498 1144 3576; x_wconf 89' lang='lat' dir='ltr'>qui</span> 
     </span>
     <span class='ocr_line' id='line_1_32' title="bbox 120 3593 1146 3675; baseline 0.002 -26"><span class='ocrx_word' id='word_1_263' title='bbox 120 3593 221 3674; x_wconf 80' lang='lat' dir='ltr'>optima</span> <span class='ocrx_word' id='word_1_264' title='bbox 231 3594 406 3656; x_wconf 74' lang='lat' dir='ltr'>valetudine</span> <span class='ocrx_word' id='word_1_265' title='bbox 418 3594 549 3655; x_wconf 84' lang='lat' dir='ltr'>fruatur.</span> <span class='ocrx_word' id='word_1_266' title='bbox 565 3595 602 3654; x_wconf 80' lang='lat' dir='ltr'>At</span> <span class='ocrx_word' id='word_1_267' title='bbox 615 3611 706 3668; x_wconf 81' lang='lat' dir='ltr'>vero,</span> <span class='ocrx_word' id='word_1_268' title='bbox 720 3595 823 3675; x_wconf 86' lang='lat' dir='ltr'>iuquit</span> <span class='ocrx_word' id='word_1_269' title='bbox 838 3593 968 3667; x_wconf 83' lang='lat' dir='ltr'>Stoicus,</span> <span class='ocrx_word' id='word_1_270' title='bbox 984 3593 1146 3652; x_wconf 86' lang='lat' dir='ltr'>animusne</span> 
     </span>
     <span class='ocr_line' id='line_1_33' title="bbox 120 3685 1145 3775; baseline 0.004 -30"><span class='ocrx_word' id='word_1_271' title='bbox 120 3685 166 3747; x_wconf 84' lang='lat' dir='ltr'>tibi</span> <span class='ocrx_word' id='word_1_272' title='bbox 178 3709 259 3773; x_wconf 80' lang='lat' dir='ltr'>teque</span> <span class='ocrx_word' id='word_1_273' title='bbox 271 3712 309 3752; x_wconf 87' lang='lat' dir='ltr'>ac</span> <span class='ocrx_word' id='word_1_274' title='bbox 321 3708 433 3775; x_wconf 81' lang='lat' dir='ltr'>corpus</span> <span class='ocrx_word' id='word_1_275' title='bbox 447 3692 547 3752; x_wconf 77' lang='lat' dir='ltr'>valet?</span> <span class='ocrx_word' id='word_1_276' title='bbox 560 3711 627 3752; x_wconf 87' lang='lat' dir='ltr'>non</span> <span class='ocrx_word' id='word_1_277' title='bbox 640 3689 760 3751; x_wconf 88' lang='lat' dir='ltr'>laborat</span> <span class='ocrx_word' id='word_1_278' title='bbox 774 3691 917 3765; x_wconf 88' lang='lat' dir='ltr'>avaritia,</span> <span class='ocrx_word' id='word_1_279' title='bbox 934 3709 1054 3765; x_wconf 88' lang='lat' dir='ltr'>amore,</span> <span class='ocrx_word' id='word_1_280' title='bbox 1073 3687 1145 3772; x_wconf 77' lang='lat' dir='ltr'>gula</span> 
     </span>
     <span class='ocr_line' id='line_1_34' title="bbox 121 3785 1145 3869; baseline 0.002 -26"><span class='ocrx_word' id='word_1_281' title='bbox 121 3797 145 3843; x_wconf 84' lang='lat' dir='ltr'>et</span> <span class='ocrx_word' id='word_1_282' title='bbox 154 3787 294 3850; x_wconf 82' lang='lat' dir='ltr'>mollitie?</span> <span class='ocrx_word' id='word_1_283' title='bbox 309 3790 455 3865; x_wconf 82' lang='lat' dir='ltr'>Minime,</span> <span class='ocrx_word' id='word_1_284' title='bbox 469 3789 522 3850; x_wconf 84' lang='lat' dir='ltr'>sed</span> <span class='ocrx_word' id='word_1_285' title='bbox 535 3789 651 3851; x_wconf 84' lang='lat' dir='ltr'>insanis</span> <span class='ocrx_word' id='word_1_286' title='bbox 663 3787 807 3850; x_wconf 81' lang='lat' dir='ltr'>turbetur</span> <span class='ocrx_word' id='word_1_287' title='bbox 820 3785 1048 3869; x_wconf 84' lang='lat' dir='ltr'>cupiditatibus.</span> <span class='ocrx_word' id='word_1_288' title='bbox 1063 3789 1145 3866; x_wconf 70' lang='lat' dir='ltr'>Ergo</span> 
     </span>
     <span class='ocr_line' id='line_1_35' title="bbox 124 3881 887 3969; baseline 0.003 -26"><span class='ocrx_word' id='word_1_289' title='bbox 124 3881 168 3942; x_wconf 81' lang='lat' dir='ltr'>tibi</span> <span class='ocrx_word' id='word_1_290' title='bbox 178 3887 360 3948; x_wconf 72' lang='lat' dir='ltr'>medisinam</span> <span class='ocrx_word' id='word_1_291' title='bbox 372 3887 484 3963; x_wconf 76' lang='lat' dir='ltr'>facias3</span> <span class='ocrx_word' id='word_1_292' title='bbox 498 3909 570 3969; x_wconf 75' lang='lat' dir='ltr'>ergo</span> <span class='ocrx_word' id='word_1_293' title='bbox 585 3887 721 3963; x_wconf 86' lang='lat' dir='ltr'>studeas,</span> <span class='ocrx_word' id='word_1_294' title='bbox 738 3907 807 3969; x_wconf 80' lang='lat'>107,</span> <span class='ocrx_word' id='word_1_295' title='bbox 825 3889 887 3946; x_wconf 77' lang='lat'>118.</span> 
     </span>
    </p>
   </div>
   <div class='ocr_carea' id='block_1_7' title="bbox 0 0 1516 4932">
    <p class='ocr_par' dir='ltr' id='par_1_7' title="bbox 0 0 1516 4932">
     <span class='ocr_line' id='line_1_36' title="bbox 0 0 1516 4932; baseline 0 0"><span class='ocrx_word' id='word_1_296' title='bbox 0 0 1516 4932; x_wconf 95' lang='lat' dir='ltr'> </span> 
     </span>
    </p>
   </div>
  </div>
 </body>
</html>
