2970 4936
334 459 377 524 92
416 485 422 494 .
510 383 665 497 VAlllAE
688 431 960 497 LECTIONES
983 433 1045 496 ET
1069 433 1205 498 NOTAE

332 559 424 612 cando.
432 558 535 625 -Bos,
545 569 574 608 ut
582 557 674 608 scribit
682 556 748 608 Plin.
757 559 818 626 maj.
827 595 836 623 ,
845 557 952 608 victima
959 558 1058 628 optima
1067 570 1152 628 etqua
1164 561 1307 612 certissima
1317 560 1386 613 deo-

332 658 392 691 rum
402 637 516 710 placatio
527 637 608 690 lieret.
615 665 652 676 -
659 637 723 688 Item
728 646 824 688 stntere
828 676 838 703 ,
849 637 971 689 usitatior
982 635 1220 701 locutio,aGraeco
1230 636 1385 708 intemperiem.

332 719 549 784 -Mercurinm,
562 716 642 769 deum
653 716 753 768 scilicet
764 715 840 768 lucri.
848 715 908 767 vid.
922 718 1029 767 Homer.
1042 713 1115 768 Iliad.
1129 713 1164 783 ἴ,
1174 716 1225 787 489
1235 737 1294 791 sqq.
1303 719 1385 770 Conf.

333 799 426 849 Horat.
437 797 489 850 Sat.
498 800 535 865 ll,
544 797 570 863 6,
578 798 595 863 4
604 816 661 869 sqq.
670 817 677 859 ς
685 795 761 850 Ovid.
772 797 842 848 Fast.
850 797 883 862 V,
893 793 1251 867 689sqq.-Arcessisfibra,
1262 797 1316 850 hoc
1327 799 1387 850 effi·

334 896 393 930 cere
404 889 480 948 optas
492 876 679 943 sacrificando,
689 889 719 928 ut
728 876 873 929 Mercurius
882 888 908 926 ta
918 893 1033 946 praesens
1044 874 1175 927 exaudiat.
1192 877 1282 945 fibra,
1292 897 1345 929 vox
1357 880 1386 930 in

334 959 414 1010 sacris
435 957 575 1024 solemnis,
595 959 659 1030 quia
669 953 747 1028 fibris
767 954 896 1008 consultis
913 957 1066 1006 vaticinatio
1089 955 1177 1007 fiebat.
1194 957 1289 1009 Scribit
1297 959 1386 1009 Varro

334 1049 478 1089 extremum
493 1037 526 1089 ab
544 1039 659 1108 antiquis
676 1035 776 1087 dictum
792 1035 874 1088 fuisse
878 1032 995 1107 filtrum,
1007 1033 1080 1086 unde
1095 1037 1122 1086 in
1134 1037 1203 1106 ragis
1209 1033 1339 1108 fimbriae,
1355 1039 1386 1089 in

335 1118 400 1168 extis
406 1113 482 1188 fibroe
494 1116 654 1169 dictasunt.

369 1231 436 1283 Nor.
452 1230 495 1298 45.
510 1232 551 1282 Da
556 1232 696 1304 fortunare
705 1235 827 1304 penates!
834 1228 955 1280 -Nulla
965 1229 1119 1301 interposita
1130 1231 1298 1298 transitione,
1311 1232 1385 1301 ipsas

333 1307 449 1362 hominis
456 1329 549 1382 preces
556 1313 659 1363 recitat.
667 1313 758 1364 Graeca
766 1323 805 1362 est
811 1307 919 1360 dicendi
931 1312 998 1361 ratio
1005 1331 1012 1370 ;
1020 1308 1122 1361 Gallim.
1131 1311 1225 1382 Hymn.
1235 1312 1262 1360 iu
1268 1311 1346 1362 Dian.
1355 1310 1384 1361 6.

334 1392 431 1458 -Do,
444 1391 593 1459 concedas,
604 1411 655 1444 vox
668 1394 695 1443 in
710 1389 909 1461 precationibus
926 1389 1059 1442 solemnis.
1068 1389 1265 1457 -Fonunan,
1280 1391 1308 1441 in
1321 1409 1385 1461 pre-

334 1468 408 1520 cibus
420 1472 554 1522 usitatum.
566 1469 621 1522 Cic.
634 1471 716 1540 Epist.
727 1491 732 1520 :
749 1467 829 1519 «Tibi
842 1469 1040 1521 matrimonium
1052 1467 1089 1518 dii
1095 1467 1245 1538 fortunent.
1257 1490 1268 1514 ι
1280 1467 1318 1519 ld.
1332 1487 1386 1539 pro

333 1541 633 1616 Murena-Penates,
650 1549 763 1613 domus,
780 1547 937 1613 facultates,
957 1565 1031 1617 opes.
1049 1546 1126 1600 ovid.
1144 1549 1251 1623 Metam.
1268 1549 1295 1612 1,
1312 1546 1385 1614 486;

334 1632 412 1682 Trist.
426 1633 453 1698 l,
468 1648 492 1698 1,
507 1631 550 1698 34.
958 1643 960 1648 “
998 1659 999 1662 ¹
1138 1632 1144 1641 '

369 1746 437 1796 Nor.
453 1744 497 1812 46.
511 1745 554 1796 Da
562 1763 652 1816 pectis,
663 1756 688 1796 et
695 1743 931 1818 prepibusfoetum!
943 1744 1013 1814 Quo,
1022 1743 1144 1815 pessime,
1152 1743 1388 1816 pactu-Distin-

334 1824 468 1898 guendum
475 1823 516 1877 vel
525 1825 645 1878 hocloco
654 1826 764 1876 forsitan
770 1815 869 1896 panesa
875 1843 962 1899 prope.
970 1825 1087 1876 Alterum
1096 1842 1191 1896 magna
1199 1842 1312 1894 pecora,
1322 1823 1388 1876 alte·

335 1924 392 1956 rum
407 1923 501 1976 parvas
514 1904 632 1978 pecudes
647 1903 778 1975 designat.
788 1905 877 1956 Verba
892 1919 954 1956 suut
968 1904 1082 1956 hominis
1098 1907 1184 1956 omnis
1198 1905 1302 1974 generis
1316 1923 1386 1974 opes

335 1983 385 2035 sibi
397 1987 554 2055 exoptantis.
564 1987 597 2024 -'-
605 1986 704 2037 Foetum
710 2007 720 2046 ,·
733 1986 763 2035 ut
774 1987 922 2036 increscant
932 2003 1028 2058 φαμι.
1037 2014 1073 2024 -
1082 1985 1279 2056 Quo,pessime,
1288 1985 1388 2055 pacto?

333 2063 488 2132 Indignatur
497 2063 633 2116 stultitiam
646 2064 772 2116 bominis.
783 2065 840 2133 Quo
848 2075 941 2136 pacto,·
952 2062 1078 2130 subaudi,
1091 2063 1118 2114 id
1127 2062 1234 2116 dabitur
1246 2083 1262 2116 a
1271 2064 1386 2134 superis,

336 2143 409 2212 quod
423 2157 541 2214 exoptas.

370 2259 437 2309 Nor.
457 2258 500 2329 47.
522 2259 573 2312 Tot
589 2259 634 2312 tibi
652 2278 732 2331 quum
748 2261 776 2310 in
786 2259 908 2336 flammis
916 2260 1041 2332 junicum
1059 2246 1164 2312 omento
1183 2257 1334 2331 liquescant.
1349 2287 1386 2298 —

334 2338 427 2406 Arguit
434 2339 572 2410 pessimum
585 2352 750 2411 precatorem
761 2337 914 2406 dementiae,
925 2341 971 2410 qui
980 2352 1057 2412 putet
1068 2358 1173 2411 gregem
1184 2339 1290 2408 augeri,
1301 2356 1386 2409 quum

335 2418 469 2470 sacrificiis
480 2420 600 2492 quotidie
610 2421 751 2471 minuatur.
762 2419 918 2483 -Juniees,
928 2418 1010 2471 boves
1020 2418 1252 2491 suntjuniores.—
1263 2417 1385 2468 Omenta.

334 2495 400 2548 Plin.
413 2501 481 2553 Hist.
494 2501 557 2553 Nat.
567 2503 606 2568 ll,
619 2501 663 2570 37,
674 2503 710 2552 ait
720 2518 776 2552 esse
786 2498 953 2551 membranas
963 2514 1070 2565 tenues,
1081 2519 1139 2571 quae
1150 2511 1267 2562 ventrem
1276 2499 1387 2550 interio-

335 2595 390 2628 rem
401 2581 530 2653 integunt.
539 2583 614 2633 —In
616 2581 738 2658 flammis
748 2580 898 2652 liquescant.
909 2580 999 2632 Partes
1009 2590 1113 2634 omento
1123 2575 1254 2630 involutas
1262 2577 1388 2630 comburi
1472 2580 1475 2594 ⁹

335 2657 427 2712 solitas
440 2661 520 2712 fuisse
532 2675 625 2713 notum
640 2673 687 2712 est.
703 2662 812 2711 Homer.
827 2659 901 2710 Iliad.
916 2655 946 2719 ai,
959 2657 1025 2724 4605
1041 2654 1076 2721 θ’,
1093 2658 1156 2726 ι4ο;
1170 2656 1264 2710 Catull.
1277 2658 1339 2726 XC,
1352 2657 1385 2709 6:

536 2761 648 2802 Onentum
658 2758 681 2803 in
691 2758 782 2800 flamma
791 2757 871 2814 pingue
882 2756 1029 2814 liquefaciens.

336 2839 377 2890 Sic
395 2837 508 2892 adeum
523 2860 627 2894 ameum
647 2855 759 2894 annotat
774 2841 966 2893 Casaubonus:
985 2843 1062 2895 -utsi
1078 2843 1106 2892 in
1124 2840 1255 2893 honorem
1272 2839 1387 2892 deorum

335 2921 444 2969 mactari
457 2921 569 2971 victimae
586 2919 752 2985 dicebantur,
768 2918 956 2990 utplurimum
971 2933 1062 2974 tamen
1079 2922 1179 2974 minuta
1196 2918 1317 2990 quaedam
1334 2919 1386 2972 diis

337 2993 498 3065 adolebant,
513 3013 606 3052 cetera
618 3001 787 3051 convivantes
802 2998 986 3051 absumebant.

367 3187 428 3233 Van.
445 3186 483 3246 48.
500 3189 532 3233 Et
545 3195 620 3234 tomen
634 3187 669 3233 ln'c
682 3191 739 3234 eatis
752 3198 775 3234 et
787 3190 862 3252 opimo
874 3190 962 3234 vincere
969 3187 1034 3250 ferto
1048 3185 1156 3230 Intendit.
1166 3209 1198 3220 -
1208 3204 1218 3225 ι
1228 3186 1299 3230 Recte
1306 3183 1386 3246 ferto,

337 3256 370 3302 sit
379 3257 542 3312 casaubonus,
555 3258 684 3320 neoforto,
698 3258 762 3320 quod
773 3259 797 3302 in
809 3255 941 3320 depravaris
951 3253 1070 3302 codicibus
1079 3256 1199 3300 inventum
1209 3252 1268 3300 male
1280 3264 1385 3300 tuentur.

337 3326 461 3400 Catonem,
474 3328 503 3373 dc
516 3331 547 3374 lle
561 3330 657 3386 rustica,
670 3345 721 3392 cap.
737 3327 793 3386 ι34,
806 3328 866 3390 lege.
877 3350 887 3370 ι
901 3329 1034 3388 -Legunt
1046 3324 1154 3387 quidam:
1168 3325 1285 3370 Attamen.

372 3436 439 3487 Nor.
460 3435 503 3502 48.
517 3438 554 3488 Et
564 3447 651 3490 tamen
664 3437 707 3490 lic
717 3437 782 3490 extis
792 3449 817 3489 et
828 3439 916 3508 opimo
930 3436 1032 3487 uincere
1038 3433 1110 3505 ferto
1119 3433 1243 3485 tnmtdit.
1252 3432 1332 3483 -Et
1343 3441 1386 3482 ta-

339 3531 397 3564 men
410 3513 468 3576 Ιιίιι,ι
484 3534 577 3568 avarus
591 3517 691 3570 scilicet
705 3530 730 3569 et
744 3515 839 3569 stultus
854 3513 1111 3586 precatam-Extis.
1125 3514 1185 3578 Cor,
1198 3510 1304 3582 pulmo,
1317 3509 1387 3575 lien,

258 3657 261 3662 Ι
335 3593 427 3662 jecur,
447 3608 592 3667 caeteraque
607 3600 708 3650 minuta
725 3596 775 3648 diis
790 3597 925 3668 praecipue
937 3592 1132 3655 reddebantur;
1151 3591 1206 3642 haec
1223 3603 1300 3643 erant
1316 3601 1385 3641 exta.

337 3674 652 3747 Virg.Georg.ll,194:
696 3670 702 3680 ’

538 3779 646 3821 Lancibus
653 3787 675 3821 et
681 3778 758 3835 pandis
764 3775 875 3820 fumantia
884 3773 995 3817 reddimus
1005 3781 1063 3816 estu.

338 3863 468 3930 -Ferto,
482 3867 558 3935 quasi
567 3864 680 3935 feretro,
694 3885 708 3917 a
717 3864 806 3936 ferre3
820 3860 847 3912 id
857 3874 911 3929 est,
924 3859 997 3931 quod
1007 3860 1040 3912 ad
1052 3857 1254 3930 araafeoebatur.
1267 3856 1314 3905 His
1325 3871 1387 3904 ver-

339 3939 379 3994 bis
392 3943 455 3995 extis
468 3954 494 3993 et
501 3943 573 4014 ferto
589 3943 711 4012 intelligit
722 3945 794 3994 varia
805 3960 903 4012 genera
915 3938 1081 3992 oblationum
1091 3976 1102 4014 ,Ι
1114 3935 1260 4006 eademque
1275 3932 1386 4004 amplis—

340 4021 405 4074 sima
415 4024 497 4078 fuisse
509 4023 597 4095 opimo
609 4023 756 4076 confirmat.
765 4049 800 4062 -
810 4022 918 4074 Vincere
923 4044 933 4083 ‚-
945 4021 1018 4073 Deos
1032 4035 1183 4091 expugnare
1195 4013 1358 4068 muneribus.

375 4134 441 4185 Nou.
462 4135 510 4203 49,
525 4134 567 4186 50.
583 4134 644 4184 Jam
661 4136 749 4186 crescit
764 4152 833 4207 aper,
845 4137 904 4205 jam
920 4135 1006 4185 crescit
1022 4130 1104 4192 ovilu3
1122 4129 1184 4181 Jum
1201 4127 1314 4192 dabitur,
1324 4129 1384 4197 jans
