2986 4924
328 449 373 511 1u
400 447 610 512 samniti
632 446 866 528 Qmuran.
1052 451 1151 546 2414

73 565 149 628 ditor.
157 605 195 615 -
204 573 349 626 Confirmat
361 569 480 642 exemplo
495 572 607 622 amantis
619 589 679 622 cam
694 573 778 622 amica
789 569 928 642 litigantis,
940 591 996 626 non
1010 593 1066 628 esse
1079 579 1121 629 eui

71 657 139 726 juris
151 672 184 706 ac
198 672 259 706 vere
271 651 399 716 liberum,
414 652 459 722 qui
470 649 549 702 semi
561 651 684 702 obstiterit
693 649 840 722 cupiditati.
857 653 954 703 «Hunc
965 651 1070 721 locum,
1086 658 1121 708 ait

74 737 155 787 Vetus
171 735 320 804 interpres,
334 731 367 785 de
385 731 524 784 Menandri
539 729 669 784 Eunucho
687 734 778 812 tepuit,
795 733 888 802 inquo
902 733 1005 784 Davum
1018 751 1122 788 servum

74 815 262 868 Chaerestratus
271 812 425 866 adolescens
435 811 592 884 alloquitur,
601 825 728 882 tanquam
740 831 830 864 amore
839 811 970 886 Chrysidis
980 818 1123 869 meretricis

75 893 235 954 derelictus;
254 891 378 964 idemque
392 877 481 944 temeri
498 890 531 942 ah
546 908 577 943 ea
595 904 746 957 revocatus,
761 889 795 943 ad
810 889 881 944 illam
899 891 975 944 redit.
989 915 1000 940 ι
1020 895 1050 944 ln
1071 896 1123 948 Te·

75 976 152 1028 rentii
163 972 311 1040 Eunucho,
329 991 407 1044 quam
422 983 524 1024 constat
538 990 552 1023 e
570 969 717 1022 Menandro
730 969 893 1038 translatam,
910 985 935 1024 et
949 992 1124 1043 personarum

76 1056 184 1107 nomina
197 1067 260 1107 sont
272 1064 373 1105 mutata
388 1064 414 1105 et
425 1051 509 1102 multo
521 1051 595 1103 aliter
606 1050 750 1122 disposita:
766 1050 838 1122 apud
851 1052 1037 1120 Menandrum,
1051 1057 1126 1110 Clue-

77 1143 195 1186 neslrotus
211 1146 237 1185 et
252 1133 356 1194 Duum
374 1130 446 1202 apud
463 1133 629 1196 Terentium,
648 1129 764 1182 Phaedria
782 1144 808 1182 et
825 1133 971 1184 Parmeno:
991 1134 1066 1188 locus
1087 1151 1130 1256 a}

76 1213 163 1264 statim
176 1211 212 1263 ab
231 1211 306 1263 initio
318 1207 462 1262 comoedia.
474 1209 533 1262 vid.
547 1211 652 1262 Terent.
665 1209 734 1263 Edit.
751 1210 826 1261 Nost.
839 1210 891 1262 vol.
904 1211 927 1278 l,
946 1230 1006 1283 pag.
1023 1214 1080 1280 rio.

78 1291 148 1356 dn,
163 1291 215 1343 hoc
225 1289 410 1362 credosjuheo;
424 1288 503 1341 rerba
517 1289 595 1341 fortia
609 1302 635 1342 et
648 1307 790 1361 generosa,
804 1287 851 1341 sed
868 1289 955 1342 verba.
968 1322 1004 1332 -
1019 1294 1128 1350 Dolores

75 1373 232 1441 proereritos,·
250 1389 307 1443 quse
323 1369 585 1441 omniqpertulerat,
601 1368 664 1422 dum
678 1369 792 1440 puellam
809 1374 1128 1428 assentaretur.-hinire

76 1450 205 1511 meditem
222 1449 323 1500 comica
335 1460 374 1500 est
385 1466 435 1499 vox
449 1449 566 1500 meditor.
581 1447 725 1502 Meditatur
737 1467 831 1520 nempe
844 1451 889 1520 qui
903 1451 982 1518 furit,
999 1452 1044 1522 qui
1062 1471 1127 1508 caeco

3 1537 5 1542 ’
78 1529 193 1600 carpitur
204 1527 270 1602 ipati.
282 1526 359 1579 Gonf.
369 1527 461 1579 Horat.
474 1539 523 1579 sat.
536 1526 613 1594 11‚3‚
629 1527 688 1580 263.

110 1673 180 1724 Nor.
199 1672 259 1726 16².
276 1672 387 1726 Gnidum
407 1671 586 1724 Chaerestratus
600 1690 714 1746 capuam
731 1671 860 1725 Arrodens
877 1674 917 1726 ait
936 1673 997 1725 haec.
1010 1703 1045 1713 -
1056 1673 1130 1726 Chre-

79 1764 198 1806 rrsiratus
204 1774 215 1814 ;
225 1770 322 1804 nomen
334 1754 443 1804 amantis
454 1751 525 1823 apud
534 1752 722 1817 Menandrum,
736 1765 765 1804 ut
774 1752 834 1804 dixi.
845 1782 881 1794 -
892 1753 1003 1804 Cnidum
1015 1771 1129 1826 capacem

79 1832 215 1892 arroden53
227 1829 431 1898 stomachantis,
448 1845 474 1884 et
489 1832 664 1902 indignantis,
676 1843 703 1884 et
716 1851 807 1885 secum
823 1833 965 1903 pugnantis
978 1831 1031 1884 hoc
1044 1845 1130 1884 est.-

81 1913 124 1964 Aa
135 1911 206 1976 lroec;
219 1911 333 1966 subaud.
347 1912 380 1966 ad
395 1912 514 1980 Davum,
525 1912 607 1965 fidum
616 1931 712 1984 nempe
723 1913 773 1966 sibi
786 1911 923 1965 famulum.

113 2053 185 2106 Nor.
202 2052 262 2106 163.
274 2053 318 2105 An
328 2054 399 2106 siccis
409 2052 517 2106 dedecus
525 2054 618 2106 obstem
632 2045 769 2126 Coqnctis?
777 2084 812 2094 -
821 2055 900 2106 Siccis
911 2055 1027 2129 coqnotis
1032 2077 1042 2116 ,-
1053 2073 1132 2107 roca-

82 2133 144 2184 bant
157 2134 237 2185 siccos
251 2133 337 2185 Latini
356 2132 475 2199 sobrios,
498 2153 610 2205 quorum
622 2135 703 2186 vitam
723 2148 802 2187 vocat
817 2134 918 2186 Tullius
938 2137 966 2186 in
986 2134 1058 2188 Orat.
1081 2153 1130 2206 pro

84 2209 198 2278 Quinto,
216 2209 375 2263 «horridam
387 2224 466 2283 atque
482 2211 606 2264 aridam»
623 2212 715 2264 Horat.
729 2211 781 2266 Od.
795 2214 821 2278 l,
840 2213 886 2278 18,
898 2212 915 2264 3
929 2231 935 2259 =

309 2342 375 2384 siccis
383 2339 458 2384 omnia
467 2353 519 2384 nam
528 2339 585 2384 dura
595 2341 652 2384 Deus
661 2339 780 2397 proposuit.

87 2451 161 2508 Siccis
174 2461 350 2522 opponuntur
363 2447 477 2515 madidi,
490 2462 515 2501 et
530 2447 607 2500 aridae
619 2451 677 2500 vitae
693 2446 759 2517 ripple
772 2447 830 2510 βίος.
846 2479 881 2488 -
892 2447 1006 2500 Dedecus
1019 2450 1130 2513 chelm,

89 2533 193 2599 fortius,
207 2549 288 2603 quam
299 2529 422 2582 dedecori
434 2531 490 2581 sim.

123 2656 188 2706 Nor.
210 2652 269 2720 164.
288 2653 332 2705 An
351 2671 404 2706 rem
417 2653 547 2724 patriam,
570 2671 671 2705 muron
688 2653 805 2716 sinistro,
826 2653 917 2703 Limen
934 2651 969 2704 cd
989 2651 1133 2706 obscenum

86 2733 319 2808 frangam—An
337 2753 390 2787 rem
412 2733 524 2805 patriam
539 2732 682 2805 sumptam
700 2732 752 2784 hoc
775 2751 829 2786 uno
849 2731 980 2786 vocabulo
1000 2742 1134 2808 expauere

92 2828 168 2866 vocat
175 2811 305 2878 Catullus,
317 2813 407 2885 Epigr.
420 2814 469 2879 30,
480 2815 508 2865 in
520 2813 663 2864 Caesarem:

473 2939 506 2978 An
517 2935 561 2978 hec
570 2934 656 2980 sinistra
664 2933 781 2979 liberalitas

346 3003 425 3046 Parum
435 3005 573 3060 expatravit?

95 3113 393 3178 flmt.sar.1,2,6a:

361 3243 410 3283 Rem
422 3245 494 3298 patris
502 3241 609 3284 oblimare
619 3240 703 3284 malum
712 3249 766 3283 eet...

99 3351 240 3404 -Bumore
251 3353 369 3413 sinisuof
378 3351 472 3404 Horat.
486 3350 545 3402 eod.
558 3350 609 3403 loc.
623 3368 701 3403 versu
712 3347 885 3420 precedenti:

365 3469 727 3528 ...conmanunt-ennam.

17 3565 20 3622 l
103 3588 225 3640 -limen
236 3589 274 3641 sd
282 3588 441 3652 mamam,
456 3588 578 3639 convenit
590 3601 651 3636 com
657 3582 803 3655 fronqam3
817 3577 897 3632 limen
910 3579 980 3632 enim
994 3579 1136 3632 meretricis

105 3670 168 3740 quasi
179 3667 306 3742 scopulos
322 3682 377 3736 est,
394 3667 427 3720 ad
440 3685 519 3738 quem
532 3665 751 3738 patrimoniorum
764 3660 902 3731 naufragia
916 3660 1018 3713 faciunt
1032 3658 1139 3712 adoles·

104 3761 189 3802 mutes.
203 3749 353 3803 Obreoenm
368 3747 402 3800 ab
416 3745 597 3817 indignatione
609 3744 760 3816 profectum
773 3739 964 3808 adolescentis,
973 3740 1007 3792 ad
1021 3739 1136 3811 puellam

106 3825 202 3896 rugan
212 3827 348 3900 pudicitie
359 3827 466 3899 proprie
474 3826 597 3897 pertinet.

137 3967 197 4022 llur.
217 3970 282 4041 165,
294 3970 362 4040 Ι166.
377 3971 448 4023 Dum
462 3969 590 4042 Chrysidis
602 3967 666 4020 udas
679 3967 773 4019 Ebrius
786 3964 927 4037 anteferes
940 3962 1063 4014 exstincta
1079 3975 1138 4008 cum

105 4041 161 4111 face
171 4061 251 4102 canto.
259 4051 393 4104 -Mores
404 4063 552 4102 amatorum
563 4045 636 4120 apud
649 4047 778 4117 antiquos.
791 4045 880 4095 Noctu
889 4040 991 4093 ‘scilicet
1000 4033 1139 4088 veniebant

111 4121 165 4176 ‘idi
177 4125 208 4179 ad
219 4127 367 4200 puellarum
380 4127 454 4200 fores
468 4129 637 4182 comissatum
652 4145 712 4178 cum
724 4123 845 4196 facibus,
865 4119 995 4174 canebant
1013 4112 1140 4186 elegidia,

212 4219 274 4288 ΙΙΙ.
548 4218 551 4228 ’
962 4205 1000 4270 16
