3026 4944
362 417 404 502 rs
534 417 690 484 vantra
713 415 982 484 unctiones
1005 417 1067 483 ur
1091 369 1227 484 none

361 561 439 616 quam
451 541 602 594 Pacuvianus
616 541 655 594 vel
673 543 792 593 Acciana
806 543 943 595 vetustatis
955 554 980 593 et
993 541 1125 595 barbariei
1138 561 1235 615 prasos
1246 543 1401 598 imitatores.

358 623 469 694 Quintil.
478 625 517 684 X,
531 639 539 676 t
551 645 557 686 ;
567 623 658 675 Vellei.
670 625 770 676 Paterc-
780 626 815 690 ll,
825 641 856 693 9,
867 624 896 688 35
907 626 990 677 Cicer.
1004 622 1037 675 ad
1046 625 1160 676 Herenn.
1169 625 1206 691 ll,
1218 624 1264 689 23;
1275 624 1308 677 de
1315 625 1400 678 Finib.

357 701 384 768 l,
396 700 500 764 2;Gell.
511 702 536 766 l,
548 701 589 768 24.
600 699 658 751 Vid.
670 700 774 753 illorum
784 703 903 773 ipsorum
915 715 1054 773 poetarum
1069 703 1224 773 fragments.

393 810 462 862 Nor.
482 827 524 878 79.
543 809 597 862 llos
607 811 694 880 pueris
705 810 818 862 monitus
825 821 911 882 putres
921 809 1058 880 infundere
1068 809 1161 883 lippos.
1174 841 1208 851 -
1220 811 1276 864 Hos
1286 811 1402 864 moninus

357 888 414 941 scil.
427 903 457 940 ut
467 889 625 954 Pacuuium,
636 889 775 942 Acelumue
781 929 791 956 ,
806 904 832 941 et
843 892 1046 942 vetustissimum
1061 890 1185 962 quodque
1197 890 1302 943 dicendi
1314 910 1401 960 genus

356 982 497 1020 sectentur.
508 999 543 1008 —
554 967 644 1022 Patres
655 967 738 1040 lippos
743 991 752 1030 ,-
767 967 898 1041 lippitudo
910 968 1023 1040 vulgaris
1034 970 1084 1020 fuit
1099 968 1208 1020 morbus
1222 969 1310 1020 Rome
1322 969 1401 1022 habi-

356 1051 480 1110 tantium3
496 1047 566 1100 unde
578 1047 715 1100 translatio
729 1047 800 1118 apud
818 1063 941 1099 auctores
959 1051 1080 1100 usitatior
1093 1067 1144 1120 pro
1156 1051 1269 1112 cecitas,
1283 1052 1400 1120 turpitu-

355 1126 404 1192 do,
415 1127 561 1199 stupiditas.
575 1131 664 1180 llorat.
678 1129 788 1200 passim3
799 1130 894 1179 Noster
905 1129 951 1178 inf.
965 1143 1014 1180 sat.
1027 1129 1065 1194 ll,
1077 1147 1100 1180 r.
1116 1145 1157 1197 7²·
1174 1128 1310 1181 :Messala
1323 1129 1399 1202 lippa

353 1225 475 1278 propago
486 1231 508 1257 s.
518 1236 555 1245 -
567 1205 710 1278 infundere
719 1205 910 1276 metaphorice;
918 1225 1058 1279 puemrum
1068 1208 1139 1258 enim
1148 1209 1252 1279 ingenis
1261 1211 1343 1260 instar
1354 1228 1399 1260 ua-

355 1305 444 1338 sorum
457 1301 531 1353 sunt,
545 1298 675 1358 praecepta
687 1287 771 1337 instar
782 1284 900 1357 liquoris.
914 1315 948 1325 —
959 1287 998 1338 De
1007 1288 1058 1338 isto
1069 1289 1204 1340 vetustatis
1216 1307 1304 1341 amore
1316 1303 1399 1362 atque

353 1369 404 1420 ista
413 1367 527 1419 desuette
542 1367 667 1418 orationis
682 1366 828 1417 imitatione
842 1380 989 1438 queruntur
1002 1369 1096 1438 optimi
1109 1367 1265 1440 eloquentie
1278 1371 1398 1440 magistri

353 1448 494 1523 Dionysius
503 1445 717 1498 Halicarnasseus
727 1460 753 1498 et
763 1445 955 1515 Quintilianus,
966 1447 982 1499 8
991 1444 1037 1498 lib.
1050 1449 1186 1518 prooemio.

388 1555 456 1606 Nor.
467 1551 509 1604 80.
524 1549 610 1620 Quum
622 1548 716 1612 uideas,
727 1549 853 1622 quoert'sne
862 1550 931 1602 unde
941 1550 995 1603 ltoec
1004 1561 1105 1624 sartuyo
1116 1551 1238 1624 loquendi
1251 1552 1356 1606 Venerit
1367 1554 1397 1604 its

353 1630 751 1708 linquas.-Sartopo,proprie
761 1628 788 1681 id
796 1632 823 1681 in
834 1650 887 1702 quo
895 1634 964 1684 sarie
976 1630 1151 1702 frigebantur,
1159 1631 1396 1702 grecerdpsttrvel

351 1711 458 1780 riperti.
470 1708 652 1781 Metaphorice
660 1709 767 1760 mistura
776 1708 894 1780 quadam
902 1723 927 1761 et
937 1710 1063 1764 colluvies
1071 1709 1211 1762 verborum
1218 1749 1226 1775 ,
1234 1709 1397 1778 dictionum,

351 1795 554 1865 ligurammque.
564 1817 596 1828 -
605 1789 638 1839 In
649 1786 753 1862 linquas
759 1825 768 1852 ,
777 1791 793 1839 i.
802 1807 825 1840 e.
835 1790 862 1840 in
871 1788 998 1860 loquendi
1006 1807 1105 1842 morem
1112 1790 1396 1863 consuetudinemque.

382 1973 443 2016 Vas.
459 1971 496 2018 81.
511 1967 576 2014 Unde
586 1967 647 2012 r'stud
654 1966 759 2013 dedecus.
768 1992 798 2002 -
808 1968 902 2028 Legitur
912 1969 936 2013 in
946 1967 1099 2031 quorumdam
1106 1967 1248 2015 editionibus
1255 1966 1318 2014 illud.
1330 1969 1396 2014 Con·

350 2043 452 2088 sentiunt
462 2037 611 2098 manuscripti
621 2035 696 2082 Codd.
707 2039 731 2082 in
741 2036 833 2084 edendo
843 2039 911 2084 istud

385 2149 453 2200 Nor.
473 2147 515 2199 Bt.
530 2143 604 2195 Unde
618 2143 685 2195 istud
694 2143 813 2198 dedecus.
823 2175 859 2186 -
868 2145 995 2211 Dedecus,
1005 2144 1091 2212 labes,
1102 2144 1254 2218 corruptela
1265 2145 1394 2200 orationis

350 2242 376 2280 et
388 2226 554 2298 eloquentie.
877 2255 878 2258 =

384 2339 451 2391 Nor.
463 2340 493 2391 81
503 2375 511 2404 ,
524 2336 566 2389 ts.
579 2335 674 2408 inquo
687 2335 820 2390 Trossulus
829 2336 941 2390 exsultat
947 2337 992 2390 tibi
999 2337 1169 2409 persubsellia
1179 2337 1307 2391 levis?—
1318 2339 1393 2392 Tms·

347 2420 430 2480 sulus3
443 2418 507 2470 olim
519 2415 627 2468 honoris
639 2435 736 2470 nornen
750 2418 882 2489 equitibus
894 2418 1005 2470 inditum
1021 2436 1037 2469 a
1054 2417 1171 2471 Trossulo
1183 2419 1328 2470 Tuscorum
1341 2439 1393 2492 op·

347 2499 410 2573 pido
421 2501 477 2552 sine
488 2495 606 2569 pediturn
617 2514 668 2566 ope
679 2511 766 2568 capto.
778 2497 843 2548 l'lin.
856 2499 889 2549 H.
899 2497 933 2548 N.
947 2497 1069 2562 xxxin,
1082 2511 1145 2550 sect.
1156 2515 1181 2566 9.
1192 2498 1316 2567 Sequenti
1326 2511 1392 2551 tem·

347 2599 411 2652 pore
422 2578 543 2631 homines
554 2570 617 2628 belli
632 2590 658 2628 et
673 2576 807 2630 delicatuli
819 2577 984 2630 vocabantur
996 2577 1117 2630 Trossuli.
1129 2577 1219 2629 Senec.
1237 2577 1318 2648 Epist.
1339 2595 1389 2650 79:

349 2660 557 2720 «lienteriam,
570 2655 643 2726 quod
656 2655 757 2709 trossuli
768 2668 793 2708 et
802 2657 947 2724 juvenes?-
960 2655 997 2708 ld.
1010 2658 1090 2728 Epist.
1103 2656 1294 2727 87.-1nquo
1304 2657 1390 2710 exsul·

346 2750 384 2790 tat
391 2777 399 2804 ,
414 2757 494 2811 quum
506 2733 608 2808 pudere
618 2733 737 2786 homines
751 2735 859 2785 deberet
872 2735 1037 2804 nequissime
1047 2736 1186 2799 orationis,
1196 2738 1239 2788 isti
1251 2735 1302 2788 sibi
1312 2737 1390 2808 plau·

344 2819 426 2884 dunt,
441 2829 467 2869 et
483 2834 532 2868 suo
544 2815 607 2865 vitio
624 2813 789 2885 superbiunt.
803 2843 838 2852 -
853 2815 923 2879 Tibi,
935 2812 963 2865 lt.
977 2812 994 2864 l.
1008 2813 1127 2868 abundat
1142 2815 1303 2889 emphatice,
1315 2830 1345 2869 ut
1361 2829 1388 2868 et

345 2897 408 2950 alias
422 2894 497 2949 milti.
510 2895 580 2964 Virg.
592 2895 688 2963 Georg.
704 2892 749 2944 lib.
764 2894 788 2958 l,
802 2891 849 2960 453

545 2985 646 3040 Depresto
654 2981 797 3040 incipiatjsns
807 2991 854 3025 tum
862 2981 915 3024 tttt'ltt'
923 2991 998 3025 taurus
1006 2991 1077 3026 aratro

543 3049 661 3103 lngemere.

343 3127 434 3179 -Per
439 3121 567 3189 subsellia,
574 3119 602 3172 lt.
611 3141 633 3174 e.
642 3125 668 3173 in
674 3121 787 3194 iudiciis.
797 3125 881 3195 Prope
890 3122 1002 3176 tribunal
1010 3125 1128 3195 pretoria
1135 3124 1255 3178 subsellia
1262 3139 1336 3178 erent
1343 3128 1384 3179 rel

344 3203 531 3268 assessoribus,
545 3201 586 3254 rel
598 3201 724 3268 testibus,
736 3203 776 3253 vel
791 3205 924 3274 patronis,
939 3202 979 3254 vel
994 3203 1057 3274 ipsis
1071 3202 1236 3255 auditoribus
1247 3203 1384 3276 disposita.

343 3286 420 3338 Unde
430 3282 548 3336 subsellia
557 3300 607 3353 pro
616 3281 723 3351 judiciis
735 3297 761 3334 et
773 3284 848 3347 foro3
859 3281 930 3335 unde
945 3280 1082 3334 nbabitare
1093 3285 1121 3333 in
1132 3281 1262 3336 subselliis.
1272 3309 1283 3331 ι
1297 3285 1382 3337 Cicer.

342 3365 375 3418 de
391 3365 464 3416 Orat.
479 3364 505 3429 l,
521 3363 565 3414 62.
584 3367 627 3414 «a
640 3361 763 3415 subselliis
775 3364 803 3415 in
821 3365 916 3415 ostium
933 3381 961 3414 se
978 3363 1125 3414 conferre·
1143 3361 1181 3412 ld.
1197 3362 1271 3414 Orat.
1286 3364 1323 3428 ll,
1338 3363 1381 3417 33.

344 3467 356 3490 a
365 3445 489 3496 versatus
498 3445 523 3494 in
531 3442 648 3512 utrisque
655 3439 779 3496 subselliis
787 3460 847 3494 cum
857 3460 958 3494 summa
967 3431 1035 3494 lama
1045 3455 1071 3494 et
1079 3441 1138 3493 fide.
1148 3465 1159 3488 ιι
1172 3441 1252 3493 idad
1262 3442 1379 3495 familiar.

340 3522 415 3588 lllll,
432 3539 467 3576 to.
480 3521 540 3573 vid.
553 3521 661 3574 Sueton.
675 3523 785 3593 August.
802 3523 848 3586 56;
864 3525 962 3575 Neron.
980 3539 1068 3591 17.-
1082 3522 1162 3574 Loevis
1175 3533 1277 3596 spectat
1289 3523 1323 3576 ad
1333 3523 1381 3576 ha·

339 3601 423 3654 bitum
437 3601 557 3668 trossuli,
567 3604 613 3673 qui
624 3621 698 3656 rasus
711 3617 767 3655 erat
780 3617 805 3655 et
817 3603 920 3667 rulsus;
932 3621 1014 3673 grece
1027 3602 1096 3665 trior,
1107 3600 1222 3671 τρόφιμοι.

374 3718 442 3768 llos.
460 3715 503 3769 83.
516 3715 599 3768 Nilne
608 3719 702 3789 ptsdet,
716 3718 796 3790 cupiti
810 3737 862 3770 non
875 3735 947 3788 posse
956 3715 1074 3788 pericula
1086 3734 1149 3768 cono
1164 3714 1272 3768 Pellem.
1282 3747 1319 3756 -
1329 3719 1380 3769 Pa·

338 3808 430 3850 tronus
438 3798 534 3867 tangit,
547 3799 591 3867 qui
603 3815 657 3849 non
669 3797 697 3848 id
708 3797 821 3868 agebant
831 3833 838 3860 ,
848 3812 877 3849 ut
889 3815 963 3849 reum
976 3815 990 3847 a
1003 3797 1118 3849 criminis
1126 3798 1276 3869 suspicione
1284 3795 1380 3849 libera·

337 3892 409 3946 sent,
422 3875 467 3930 sed
482 3890 512 3928 ut
521 3875 641 3948 judicum
657 3889 683 3929 ct
693 3897 813 3942 coronas,
824 3876 858 3929 ad
871 3895 983 3948 quorum
998 3891 1103 3946 gustum
1118 3878 1251 3928 orationes
1262 3896 1322 3928 suas
1335 3896 1378 3929 ac·

336 3955 581 4022 commodaverunt,
594 3970 730 4027 captarent
746 3957 956 4010 acclamationes.
975 3955 1046 4010 ldem
1062 3956 1195 4029 improbat
1209 3958 1300 4024 Quint.
1315 3959 1378 4022 Vll,

336 4039 362 4090 3.
376 4069 412 4078 -
427 4037 512 4108 cespiti
526 4054 592 4090 enno
599 4076 609 4104 ,
623 4035 658 4090 ad
671 4037 821 4110 augendum
833 4035 915 4094 etto
930 4050 955 4089 et
972 4035 1120 4091 ridiculum.
1134 4065 1171 4077 -
1184 4035 1285 4088 Pellere
1296 4036 1378 4109 cupiti

335 4135 386 4189 pro
398 4115 526 4190 depellere
536 4135 550 4168 a
561 4118 654 4188 capite.
