3026 4944
316 441 367 504 tu
391 441 601 507 sisinnus
624 441 825 508 rutnans.
1049 445 1090 530 tt

82 569 175 619 cuonem
186 577 295 616 secntus
304 577 345 616 est
356 578 432 618 setus
444 563 613 628 scholiastes3
625 578 704 636 atque
716 584 748 617 eo
760 565 944 638 probaverim,
956 569 1029 640 qnod
1040 569 1093 625 boe
1158 585 1168 610 ⁸

82 667 118 699 sco
130 645 247 697 adulator
257 657 382 715 poetam,
395 643 526 716 hospitem
540 663 631 712 snum,
646 646 680 698 ed
692 664 770 698 omne
782 664 865 718 penus
877 665 989 719 poeseos
1001 663 1092 704 natum

82 746 116 802 sse
124 725 192 777 debet
202 722 345 776 affirmare.

99 832 152 882 lior.
170 829 212 882 68.
223 829 272 882 lies
279 829 390 902 prandes
398 839 482 883 nostm
494 829 540 882 dat
548 829 627 882 Musa
638 841 729 901 poetoe.
738 861 775 870 -
785 831 914 896 Grandes,
925 834 963 886 sic
975 833 1039 886 dixit
1048 855 1093 888 sn·

82 911 246 981 erinsqrande
258 909 364 981 aliquid
373 927 396 962 v.
417 911 454 978 14.
469 909 584 962 Snblime
597 923 623 962 et
639 909 829 963 admirandum.
843 941 878 952 -·
889 911 983 964 Nostro
994 928 1092 985 poete,

95 1007 113 1040 e.
123 1003 203 1060 poetar
220 1007 274 1061 qno
294 1000 379 1041 nostru
394 1008 451 1042 sese
466 993 633 1062 potissimum
649 1003 712 1042 setas
725 993 837 1062 jactitat.
854 1021 890 1032 -
905 991 959 1046 Dat
974 1011 1060 1063 musa,
1076 1015 1093 1048 tt

81 1087 122 1119 rma
133 1071 202 1120 canit
216 1071 367 1121 instinctus.
422 1079 444 1130 ο

88 1173 148 1224 lior.
165 1173 210 1242 69.
231 1174 300 1226 Ecce
316 1173 394 1225 modo
409 1173 499 1226 berou
513 1191 600 1226 unnss
612 1173 711 1246 afferre
727 1176 849 1230 uidemus.
864 1207 900 1218 -
915 1179 995 1244 Ecce,
1012 1179 1092 1236 breve

81 1255 207 1304 insitionis
217 1272 303 1323 genus
313 1272 366 1325 qno
378 1245 503 1306 libentius
515 1255 606 1305 utitur.
619 1253 717 1324 Supra,
728 1274 751 1306 v.
763 1255 812 1320 30,
822 1269 871 1308 etc.
884 1287 919 1298 -·
929 1259 1026 1314 llerous
1036 1281 1092 1315 sess·

81 1351 102 1397 s,
110 1347 234 1403 potuerat
243 1332 331 1386 dicere
342 1333 429 1386 lemos
439 1351 538 1395 εοεαε,-
551 1352 611 1385 nam
621 1335 647 1385 in
658 1335 741 1386 Statio
751 1331 859 1404 legitur:
874 1359 885 1382 ι
895 1337 992 1392 Herses
1000 1358 1093 1410 pressu

81 1431 166 1464 nncare
176 1426 292 1466 tenores.
302 1437 313 1460 ι
328 1413 423 1465 Maluit
435 1412 539 1478 lassoss,
550 1431 604 1484 quo
617 1413 709 1465 melius
720 1415 837 1466 inflatam
849 1417 1003 1487 scriptorum
1016 1424 1092 1474 nori-

81 1505 124 1542 tem
133 1494 292 1544 imitaretur.
308 1494 350 1546 Sic
360 1491 432 1563 apud
443 1511 492 1544 nos
503 1512 552 1564 per
561 1493 752 1563 neologismum
765 1494 877 1546 dicitur:
894 1515 930 1547 nn
943 1517 997 1550 vers
1008 1499 1092 1570 pbilo-

81 1570 128 1622 sle.
137 1573 271 1625 Caeterum
282 1571 425 1644 periremus
433 1591 519 1626 sensns
528 1571 651 1644 intelligit
659 1591 813 1646 epopoeam,
822 1574 862 1626 sel
870 1595 1002 1629 summum
1010 1579 1093 1652 quod·

81 1669 98 1700 te
110 1669 195 1719 genus
212 1670 341 1722 poeseos,
357 1651 429 1722 quod
443 1653 571 1704 affectant
587 1653 628 1704 vel
644 1656 721 1724 pueri
737 1673 752 1705 e
765 1653 863 1707 scholis
874 1659 1042 1712 recentiores.
1056 1689 1092 1700 -

80 1728 162 1798 rfarre,
177 1733 313 1802 proferre,
328 1731 468 1783 scribendo
483 1730 569 1783 edere.

80 1837 144 1888 Nor.
172 1855 215 1908 7⁰·
235 1839 338 1910 anuri
350 1838 437 1892 solitos
447 1856 538 1913 proece.
554 1867 588 1880 -
603 1839 721 1910 Nupun',
735 1859 784 1894 vox
800 1858 953 1896 consecrata
968 1864 1017 1916 pro
1031 1849 1093 1902 scri·

80 1916 229 1970 releviores
238 1937 336 1988 nugas,
345 1919 487 1972 versiculos
496 1917 728 1988 serbipratia,aut
737 1920 820 1972 simile
829 1921 980 1996 aliquid—
989 1926 1090 1991 Groece,

80 2015 148 2048 ecam
166 1998 286 2068 lingnam
300 2000 327 2049 in
340 1995 436 2050 scholis
450 1995 616 2062 ediscebant,
631 2012 658 2050 et
671 2017 767 2072 qroecas
778 2003 983 2072 compositiones
993 2006 1092 2060 scribe-

80 2091 114 2127 nt.
126 2078 323 2146 Quintilianus,
341 2077 387 2129 lib.
403 2079 423 2128 l.
449 2079 494 2128 ιΑ
512 2095 633 2130 sermone
645 2095 729 2150 proeco
743 2098 854 2150 puernm
871 2082 988 2154 incipere
1003 2085 1090 2138 malo:

80 2158 105 2208 is
115 2157 228 2222 latinns,
242 2159 287 2228 qui
298 2155 417 2228 pluribus
429 2158 456 2208 in
471 2175 520 2210 usu
532 2169 586 2222 est,
600 2157 640 2208 vel
657 2158 733 2210 nobis
747 2157 899 2212 nolentibus
914 2179 942 2213 se
951 2163 1090 2235 perbibet:

80 2235 118 2287 nul
137 2241 199 2308 quis
219 2237 365 2309 disciplinis
382 2254 489 2307 qnoque
507 2239 597 2306 grecis
616 2239 690 2307 prius
709 2237 885 2292 instituendus
905 2253 957 2308 est,
976 2243 1092 2296 undeet

81 2329 139 2367 strar
154 2317 301 2380 fluxerunt;
317 2335 370 2368 non
384 2329 470 2367 tamen
487 2316 539 2368 hoo
554 2315 620 2368 adeo
635 2319 815 2387 superstitiose
830 2317 908 2369 velirn
921 2319 990 2387 fieri,
1002 2336 1032 2375 ut
1045 2322 1091 2375 din

79 2409 147 2447 itum
163 2396 287 2468 loquatur
300 2413 397 2470 proece,
414 2409 459 2448 aut
476 2393 573 2461 discat,
591 2397 669 2448 sicuti
686 2395 819 2468 plerisque
832 2399 911 2450 moris
928 2414 974 2452 est.
986 2424 998 2448 ι
1015 2401 1093 2456 Unde

79 2488 152 2526 instat
159 2476 273 2528 Persium
283 2476 324 2528 his
334 2475 434 2540 verbis,
443 2477 537 2549 nuperi
545 2473 633 2527 solitos
640 2491 722 2546 prece
729 2478 887 2545 expressisse
894 2495 991 2547 pueros
999 2482 1092 2552 primis

79 2555 143 2606 teris
157 2555 240 2608 adbuc
252 2569 393 2628 operatos5
409 2547 482 2626 quod
494 2568 521 2607 et
533 2573 563 2606 ea
579 2566 723 2619 testantur,
736 2572 792 2623 qum
804 2569 959 2624 sequuntur.

79 2662 148 2713 Nor.
172 2677 211 2732 70.
225 2663 280 2714 Nee
290 2681 387 2734 ponere
398 2662 485 2714 lucum
497 2659 617 2734 artifices.
630 2689 666 2700 -
677 2657 798 2732 Artifires
806 2677 904 2732 ponere
908 2683 918 2723 ,·
931 2681 1013 2734 precs
1026 2685 1092 2718 con-

79 2744 165 2804 nctio,
171 2747 226 2814 jam
233 2745 260 2793 in
267 2741 381 2814 prologo
390 2755 491 2807 notata,
500 2741 546 2794 ubi
554 2740 738 2814 amffexseqni.
745 2769 782 2781 -
789 2739 890 2794 Ponere
896 2761 946 2814 pro
955 2761 1093 2816 argumen-

79 2839 95 2870 n
109 2835 235 2873 mutare.
247 2823 340 2873 llorat.
353 2825 380 2874 in
391 2823 467 2886 Arte,
479 2821 512 2888 34
528 2839 645 2892 «ponere
657 2833 750 2872 totum.
763 2845 773 2868 s
790 2822 884 2874 luten.
896 2823 920 2889 l,
933 2823 991 2878 155.
1007 2828 1091 2879 Etiam

84 2900 237 2970 pictoribus
246 2899 354 2967 dicitur,
365 2901 485 2964 Ovidd.
501 2905 531 2952 A.
545 2901 593 2967 lll,
608 2900 669 2967 lot.
689 2930 725 2940 -
746 2899 858 2968 lucum,
870 2921 921 2974 pro
936 2920 1090 2976 argumento

79 2978 160 3032 rlibet
178 2980 365 3053 descriptionis
381 2995 427 3032 ant
437 2977 636 3034 declamationis
647 2983 675 3032 in
689 2979 781 3034 ecbola
794 2982 883 3053 pneris
895 2987 1043 3055 proposito.
1056 3018 1091 3028 -
1159 3009 1162 3018 ⁴

79 3061 152 3111 intil.
162 3059 209 3112 lib.
218 3063 255 3126 ll,
264 3081 287 3112 c.
299 3061 324 3127 4.
340 3062 428 3112 ulline
436 3062 490 3131 jam
501 3079 567 3134 qnas
579 3062 677 3132 primas
687 3061 713 3110 in
723 3059 845 3112 docendo
854 3074 943 3132 partes
955 3063 1091 3118 rhetorum

79 3153 145 3204 ἀπ,
157 3139 267 3192 tradere
280 3142 407 3212 incipiant
416 3164 427 3186 ι
442 3140 525 3211 paulo
540 3141 669 3192 inferiusz
689 3138 782 3210 :apud
791 3137 924 3192 rhetorem
941 3144 1043 3194 initium
1058 3147 1091 3198 sit

79 3222 166 3271 *norica
182 3221 315 3286 narratio,
327 3233 403 3272 tanto
415 3220 563 3286 robustior,
573 3231 673 3290 quanto
684 3219 797 3270 verior.-
810 3219 903 3290 Neque
915 3235 1017 3274 tantum
1028 3244 1091 3277 nar-

79 3317 156 3351 :ones
165 3297 350 3365 dictabantur,
361 3300 407 3352 sed
415 3299 621 3372 descriptiones,
630 3298 714 3371 qualis
723 3310 761 3350 est
769 3299 845 3364 Luci,
853 3299 893 3351 rel
901 3301 983 3353 Ruris.

79 3408 142 3459 lor.
166 3425 208 3476 7²·
223 3409 281 3460 Neo
294 3427 336 3461 rus
350 3418 464 3460 sousrnm
480 3407 595 3460 lmsdsre.
608 3435 644 3446 -
657 3405 843 3472 Laudationes,
857 3419 886 3458 nt
900 3406 1091 3482 descriptiones

79 3485 180 3536 cbolis
196 3485 374 3538 dictabantur.
389 3516 423 3527 -
437 3487 487 3539 Ilus
498 3497 632 3550 sstumm,
646 3485 757 3554 pingue,
772 3485 899 3537 refertum
911 3485 990 3542 bonis
1003 3494 1091 3544 omni-

81 3605 89 3616 .
103 3563 261 3634 Virgiliana
275 3579 314 3617 est
326 3565 435 3618 locutio.

79 3671 140 3723 lon.
163 3687 278 3742 71-72.
297 3671 347 3724 Ubi
359 3672 456 3736 corbes,
470 3682 495 3724 et
500 3670 594 3743 focus,
607 3681 632 3722 et
641 3671 728 3742 porci,
742 3668 883 3741 etfirmoso
896 3671 995 3728 Palilia
1003 3678 1088 3750 sceno.

79 3753 145 3804 lion
159 3771 210 3823 ego
225 3752 382 3806 crediderim
398 3772 458 3806 oum
473 3749 607 3806 nonnuliis
622 3751 671 3804 sibi
684 3753 853 3823 proposuisse
864 3754 994 3825 Persium,
1009 3772 1039 3812 ut
1049 3780 1091 3813 ros

79 3851 153 3885 rum
166 3845 192 3882 et
201 3833 259 3902 ipse
266 3845 390 3904 poneret,
399 3846 425 3884 et
435 3851 485 3905 qua
499 3834 602 3884 ratione
613 3829 715 3882 laudari
727 3827 849 3897 deberet,
861 3849 1088 3889 commonstraret.

79 3929 131 3962 usn
145 3909 192 3961 illa
204 3911 268 3962 felix
283 3909 348 3962 mibi
359 3909 462 3964 videtur
475 3911 672 3982 interpretatio,
684 3910 844 3980 ingenioque
857 3909 969 3964 hominis
984 3916 1089 3967 satirico

79 4007 124 4040 tus
133 3989 349 4042 accommodata.
364 3991 434 4041 Vero
447 3989 556 4042 similius
569 4001 624 4052 est,
640 4001 747 4059 poetam
760 3986 873 4039 edidisse
888 4008 936 4059 per
941 3993 1033 4058 jocum
1045 3991 1089 4044 de·

79 4071 209 4138 prienen
221 4073 355 4122 satiricum
366 4070 496 4142 aliquam,
507 4072 534 4122 in
545 4089 597 4142 qua
608 4087 749 4140 personam
762 4086 842 4138 egens
851 4071 928 4140 pueri
939 4069 1089 4125 declaman-

79 4149 215 4204 solennes
224 4151 288 4206 istas
299 4149 452 4206 scholarum
463 4153 604 4204 sententias
616 4148 776 4220 profundat:
788 4167 903 4219 namque
913 4166 953 4200 res
962 4167 1021 4202 cuns
1030 4152 1088 4204 sili·
