3038 4932
366 352 432 420 260
679 356 707 418 Δ
731 353 887 419 PERSll
913 357 1081 421 nuncet

363 476 489 546 Emole.
502 476 591 564 Quid
601 483 753 544 metuas?
763 500 859 562 ooca;
873 495 907 544 et
917 503 1012 570 seges
1024 479 1128 548 altera
1140 484 1174 548 in
1186 481 1290 552 herba
1303 505 1360 552 est.

406 595 465 656 Ast
475 604 572 657 votat
582 586 749 654 officium:
766 586 859 654 trabe
870 605 969 680 rupta
981 594 1107 658 Bruttia
1117 615 1198 658 saxa

361 698 497 766 Prendit
505 700 631 764 amicus
644 699 757 790 inops,
770 721 910 792 remque
921 721 1056 769 omnem
1070 701 1240 796 surdaque
1251 719 1328 771 vota

357 808 514 878 Condidit
525 813 619 876 Ionio
630 835 639 890 ;
647 806 739 901 jacet
749 812 820 902 ipse
834 812 869 875 in
882 808 1008 894 littore,
1021 827 1133 880 etune

358 929 513 1016 lugentes
525 920 567 988 de
578 945 692 1013 puppe
704 919 929 1016 Dei3jamque
941 922 1039 989 obvia
1050 927 1171 1018 mergis
1363 942 1393 993 30

356 1038 455 1100 Costa
467 1035 548 1099 ratis
558 1029 686 1099 lacerae.
704 1035 801 1098 Nunc
813 1049 846 1098 et
859 1030 901 1098 de
913 1036 1038 1124 cespite
1050 1035 1125 1102 vivo

357 1151 485 1236 Frange
496 1143 639 1238 aliquid,
651 1142 772 1236 largire
783 1146 892 1236 inopi,
905 1167 948 1211 ne
956 1147 1066 1236 pictus
1078 1144 1211 1215 oberret

354 1255 504 1322 Caerulea
516 1258 550 1322 in
562 1253 686 1321 tabula.
707 1253 769 1323 Sed
782 1277 912 1321 coenam
924 1253 1052 1323 funeris
1062 1255 1168 1325 haeres

355 1365 521 1458 Negliget,
536 1368 639 1432 iratus
651 1363 744 1460 quod
754 1389 825 1432 rem
838 1369 1037 1448 curtaveris3
1051 1391 1146 1435 urnae
1500 1451 1501 1456 ἵ

354 1481 439 1546 Ossa
450 1476 589 1545 inodora
600 1476 707 1560 dabit,
721 1501 780 1545 seu
796 1480 924 1570 spirent
935 1480 1090 1546 cinnama
1102 1480 1260 1563 surdum,
1363 1493 1392 1545 35
1500 1551 1501 1554 Ἴ

353 1591 418 1656 Seu
429 1611 543 1656 ceraso
556 1604 695 1680 peccent
705 1591 803 1655 casiae
815 1591 943 1656 nescire
955 1607 1102 1682 paratus.

358 1701 478 1764 r'l'une
491 1695 580 1764 bona
594 1694 771 1763 incolumis
782 1698 937 1763 minuas?
949 1727 962 1756 a
977 1701 1019 1763 Et
1031 1699 1268 1791 Bestiuaurget

353 1815 513 1906 Doctorps
525 1809 641 1874 Graios
656 1834 662 1873 :
682 1813 756 1874 ulta
768 1807 821 1904 fit,
836 1825 1014 1902 postquam
1026 1832 1143 1901 sapere
1156 1809 1239 1876 Urbi

352 1925 437 1988 Cum
449 1923 563 2012 pipere
578 1937 611 1986 et
621 1919 742 2012 palmis
753 1921 843 1986 veuit
855 1938 1008 1990 nostrum
1020 1919 1085 1988 hoc
1096 1923 1197 1988 maris
1210 1944 1331 2012 expers
1342 1948 1352 2003 ;

354 2204 446 2265 modo
469 2225 578 2285 agrum
598 2204 691 2266 colito
709 2187 741 2266 et
756 2226 904 2289 expurga;
928 2219 958 2266 et
971 2203 1037 2287 jam
1053 2204 1148 2266 altera
1161 2204 1217 2263 tibi
1240 2205 1393 2265 succrescit

354 2321 436 2383 seges
451 2304 483 2361 ln
496 2301 601 2363 herba.

392 2419 440 2480 ¹27.
456 2401 493 2458 Ar
506 2402 590 2459 enim
603 2400 793 2461 liberalitatis
805 2397 910 2460 officio
925 2400 1065 2480 fungaris
1075 2419 1192 2460 necesse
1204 2411 1250 2458 est
1265 2423 1272 2458 :
1288 2397 1394 2459 scilicet

352 2497 468 2555 amicus
484 2517 591 2577 egens,
606 2497 733 2558 effracta
745 2503 794 2557 cui
807 2495 981 2557 adhaerebat
994 2496 1095 2571 trabe,
1115 2495 1213 2555 Brutii
1224 2515 1296 2554 saxa
1312 2515 1395 2577 pren·

353 2613 418 2653 sare
431 2615 526 2654 manu
541 2597 666 2668 nititur3
679 2597 846 2672 omniaque
857 2594 941 2653 bona
953 2607 982 2652 et
992 2605 1065 2652 vota
1077 2595 1201 2674 insuper
1214 2589 1295 2650 nihil
1309 2611 1393 2650 exau

352 2687 417 2748 dita
425 2688 490 2746 Diis
499 2675 648 2769 perdidit,
658 2709 798 2770 oppressa
810 2689 902 2748 loniis
913 2677 1069 2760 fluctibus3
1080 2690 1144 2770 ipse
1149 2687 1229 2769 jacet
1238 2688 1270 2746 in
1282 2685 1393 2761 littore,
1493 2723 1496 2728 -

352 2785 576 2866 necquicquam
599 2785 776 2866 amplexans
791 2785 925 2844 revulsas
944 2804 962 2842 a
983 2803 1087 2866 puppe
1110 2803 1238 2863 magnas
1259 2785 1393 2844 Deorum

353 2881 519 2959 imagines:
531 2883 646 2940 interea
658 2879 789 2959 disjectae
801 2883 888 2941 navis
902 2894 992 2941 eostae
1008 2879 1131 2940 fluitant
1145 2881 1272 2940 marinis
1290 2881 1393 2939 avibus
1495 2921 1496 2924 η

352 2976 1392 3057 occursantes.·Nuncdetrahendumestexipsoaiamfundoaliquid,
1493 3007 1495 3052 5

351 3071 416 3154 qno
427 3073 553 3155 inopem
568 3093 680 3133 recrees
694 3094 728 3134 ac
743 3073 879 3148 reficias,
892 3095 931 3134 ne
945 3073 1084 3136 tabulam
1098 3075 1277 3150 caeruleam,
1293 3077 1392 3154 inqua

352 3170 520 3250 naufragus
538 3170 739 3252 depingatur,
755 3174 846 3231 miser
861 3170 1065 3233 circumferat.
1081 3175 1117 3232 At
1133 3173 1217 3231 enim
1234 3173 1392 3248 rursus,'si

351 3268 485 3328 fundum
499 3270 663 3344 minueris,
682 3269 807 3330 moleste
827 3269 901 3329 fetet
918 3268 1029 3344 heres,
1048 3283 1077 3330 et
1090 3269 1261 3330 solemnem
1280 3270 1392 3331 funeris

350 3383 473 3424 coenam
487 3365 636 3446 negliget,
648 3366 774 3426 et‘urnae
789 3367 960 3426 committet
969 3368 1118 3441 cinerem,
1128 3367 1223 3426 solitis
1237 3365 1393 3427 defrauda-

350 3477 417 3522 tum
438 3465 641 3540 aromatibus,
660 3463 737 3523 nihil
757 3465 888 3524 omnino
904 3462 1065 3538 sollicitus,
1084 3465 1146 3523 sive
1158 3465 1393 3525 cinnamomum

350 3560 484 3619 amiserit
494 3560 634 3636 odorem,
648 3562 710 3621 sive
722 3562 800 3621 casia
813 3574 957 3642 corrupta
969 3562 1006 3621 sit
1017 3547 1155 3620 admixto
1167 3563 1260 3621 cerasi
1273 3563 1391 3622 cortice.

351 3659 462 3716 r'lhme
487 3657 614 3732 audeas,
638 3659 758 3737 inquiet
787 3677 913 3732 avarus,
939 3655 1020 3716 bona
1046 3658 1201 3733 minuere,
1222 3671 1254 3718 te
1277 3659 1392 3720 incoln-

350 3754 432 3828 umi,
443 3773 499 3814 nee
512 3753 574 3812 ulla
588 3773 620 3812 re
638 3753 803 3835 egentel....
813 3777 826 3808 n
842 3756 938 3834 Atque
949 3753 1073 3834 insuper
1085 3753 1255 3814 audiendus
1267 3756 1325 3814 erit
1336 3757 1392 3814 ini·
1467 3825 1470 3838 ,

348 3852 447 3913 micus
460 3851 637 3912 liberalitati
651 3851 781 3925 Bestius,
796 3850 974 3912 Graecorum
987 3849 1218 3934 philosophiam
1231 3855 1391 3913 incusans:

349 3975 363 4003 u
373 3952 446 4010 llaec
462 3947 529 4010 fieri
544 3950 697 4024 videmus,
710 3948 769 4020 ait,
781 3962 945 4030 postquam
956 3950 1163 4010 transmarina
1174 3951 1230 4010 ista
1243 3951 1390 4033 sapientia

351 4060 479 4129 anostra
494 4048 608 4112 Urbem
626 4049 746 4111 invecta
758 4057 818 4122 est,
833 4067 903 4110 eum
918 4048 1023 4130 pipere
1041 4061 1072 4109 et
1089 4036 1200 4129 palmis
1212 4049 1252 4108 ab
1267 4049 1389 4110 Oriente
