3116 4934
399 360 823 386 mmm
827 359 1422 386 mfflmmmm

503 536 863 694 Qutunttr
897 542 997 660 uu
1031 537 1325 664 stunt

452 820 573 906 PER
601 815 897 905 JOANNEM
924 815 1374 906 BRITANNICUM.

792 1048 1032 1072 -ᾥ-

391 1177 520 1282 Sinus
535 1242 659 1282 carmen
674 1234 718 1281 est
733 1222 786 1300 (ut.
802 1218 946 1280 Diomedi
964 1220 1081 1302 placet)
1100 1221 1183 1303 apud
1199 1224 1357 1284 Romanos
1369 1244 1427 1282 ma·

387 1318 519 1380 ledicunr
540 1319 578 1378 ad
605 1317 770 1378 hominum
795 1319 870 1376 vitia
895 1317 1049 1399 carpenda
1070 1319 1229 1379 comoediae
1256 1321 1362 1401 prisca
1384 1341 1428 1378 ca·

387 1432 501 1479 rectene
515 1417 737 1498 compositum3
756 1439 774 1476 a
788 1439 850 1498 qua
863 1417 896 1474 in
917 1415 978 1477 hoc
998 1431 1120 1478 tautum
1135 1416 1264 1495 differt,
1284 1419 1362 1501 quod
1381 1419 1427 1478 illa

385 1514 498 1575 iambis
515 1528 545 1574 et
562 1513 714 1596 ejusmodi
734 1515 870 1573 versibus
891 1527 1027 1590 constat,
1048 1527 1078 1574 et
1099 1517 1237 1596 personis
1257 1515 1428 1576 introductis

385 1633 476 1674 novae
488 1611 552 1673 lere
564 1612 723 1672 comoediae
735 1633 791 1693 par
802 1624 859 1685 est,
872 1625 901 1672 et
912 1612 984 1670 vitia
999 1609 1163 1672 homiuum
1174 1635 1249 1673 cum
1259 1613 1428 1674 denomina-

385 1712 471 1770 tione
489 1711 630 1770 continet
646 1729 860 1790 personarum.
882 1710 956 1769 Haec
970 1722 1091 1782 autem,
1111 1708 1221 1783 idest,
1245 1730 1324 1770 nova
1343 1709 1429 1768 Satira

386 1810 419 1868 in
429 1805 621 1867 hexametros
632 1808 762 1886 assurgit
773 1804 913 1864 libertate
925 1804 1066 1887 simplex,
1081 1809 1278 1886 nequeenim
1294 1827 1428 1889 personas

290 1908 292 1916 ’
384 1919 487 1987 aperte
497 1906 647 1964 nominat.
660 1905 765 1963 Priscae
781 1901 940 1962 comoediae
953 1905 1093 1985 princeps
1107 1916 1137 1962 ct
1149 1904 1298 1965 inventor
1308 1904 1367 1963 fuit
1380 1904 1429 1962 Su·

384 2003 485 2061 sarion
498 1999 897 2080 Megarensis'lripodiscius
909 1998 1024 2060 Philini
1041 1998 1139 2075 lilius,
1155 2001 1208 2081 qui
1221 2023 1323 2082 quum
1335 2021 1427 2082 parve

386 2097 506 2158 mulieri
526 2095 711 2177 conjunctus
725 2111 818 2171 esset,
833 2096 966 2158 abeunte
985 2096 1113 2158 muliere
1131 2099 1164 2157 in
1182 2119 1303 2181 pompa
1321 2099 1429 2179 Diony-

384 2201 518 2271 siorum,
531 2194 686 2256 theatrum
699 2196 851 2277 ingressus
865 2210 1001 2278 quatuor
1015 2197 1124 2257 cecinit
1135 2199 1276 2258 carmine
1289 2197 1424 2258 iambica:

383 2315 451 2377 quae
474 2294 540 2354 sola
558 2315 593 2354 ex
607 2293 752 2353 omnibus
774 2291 839 2373 ejus
853 2294 972 2374 scriptis
990 2308 1129 2355 exstent:
1146 2295 1284 2356 «Audite
1303 2291 1425 2376 popellus.

382 2395 405 2452 S
408 2395 525 2452 usarion
535 2389 594 2450 trec
603 2390 674 2450 dicit
682 2389 774 2450 Filius
784 2387 897 2450 Philini
908 2391 1088 2472 Mequmnsis
1101 2389 1305 2473 Tripodiscius.
1319 2387 1424 2450 Malum

381 2504 450 2550 sunt
468 2488 619 2565 mulieres,
636 2488 682 2549 sed
704 2501 817 2562 tamen,
835 2509 853 2547 o
870 2486 1038 2569 populares,
1059 2509 1119 2548 non
1139 2487 1219 2548 adest
1239 2489 1366 2548 invenire
1382 2485 1425 2544 do·

383 2609 463 2650 mum
481 2591 542 2647 sine
558 2586 644 2646 malo.
659 2613 672 2642 n
693 2587 738 2645 Sic
756 2585 840 2646 enim
853 2587 954 2666 prima
971 2584 1123 2645 comoedia
1142 2605 1283 2645 scomma
1301 2581 1424 2644 habebat

382 2699 531 2768 apertum.
544 2686 645 2744 Licuit
657 2685 761 2763 itaque
772 2695 877 2762 aperte
889 2682 932 2742 sic
947 2682 1120 2762 vituperare
1131 2679 1279 2761 usquead
1295 2696 1423 2759 tempora

382 2781 553 2864 Eupolidis.
570 2781 658 2840 Unde
671 2781 825 2839 Horatius.
839 2775 987 2860 uEupolis
1000 2791 1086 2858 atque
1101 2779 1251 2852 Cratinus,
1267 2772 1423 2856 Aristoplru·

343 2911 346 2918 ι
381 2901 485 2958 tresque
496 2891 603 2959 poetoe,
619 2878 713 2958 Atque
727 2874 781 2934 alii
794 2896 917 2956 quorum
931 2874 1070 2935 comoedia
1082 2879 1177 2956 prisca
1189 2877 1316 2936 uirorum
1329 2884 1383 2945 est,
1394 2869 1423 2929 St

379 2977 443 3054 quis
455 2986 517 3034 erut
530 2973 635 3054 diqnus
647 2969 782 3045 describi,
795 2970 873 3052 quod
887 2969 982 3030 mulus
995 2973 1120 3056 autsur,
1132 2970 1217 3054 Quod
1226 2969 1424 3052 moeclzusforet

379 3086 432 3134 aut
447 3075 586 3147 sicarius,
610 3082 663 3130 aut
677 3068 810 3150 alioquin
825 3075 986 3144 Farnosus,
1003 3067 1098 3129 multa
1115 3088 1182 3130 cum
1203 3069 1330 3132 libertate
1348 3079 1422 3126 ncta·

381 3171 461 3231 bant.
473 3197 486 3226 n
505 3168 561 3230 Sed
575 3189 671 3251 quum
685 3181 783 3249 poetae
797 3168 883 3227 abuti
893 3167 1033 3227 licentius
1046 3166 1141 3248 stylo,
1156 3180 1185 3226 et
1199 3168 1312 3247 passim
1324 3161 1420 3223 laedcre

379 3291 414 3328 ex
433 3267 562 3328 libidine
579 3269 741 3348 coepissent
759 3265 862 3347 plures
881 3263 1001 3340 bonos,
1018 3265 1234 3345 nequisquam
1250 3265 1284 3324 in
1301 3263 1420 3323 alterum

379 3367 496 3426 crimen
512 3363 650 3424 infamia?
664 3376 810 3444 poneret,
830 3361 893 3421 leta
907 3361 973 3441 lege
987 3381 1042 3442 per
1063 3359 1254 3420 Alcibiadem
1272 3361 1418 3422 siluerunt.

379 3465 422 3524 Ex
436 3465 533 3546 prisca
547 3466 642 3544 igitur
658 3461 810 3522 comoedia
823 3481 891 3542 quae
906 3460 1024 3542 majore
1039 3459 1156 3520 lascivit
1166 3458 1306 3534 licentia,
1320 3456 1419 3526 satira,

380 3583 448 3643 quae
472 3577 595 3622 auctore
618 3561 815 3638 Quintiliano
837 3573 902 3618 tota
927 3572 1030 3618 nostra
1048 3571 1111 3632 est,
1136 3559 1285 3617 manavit.
1309 3557 1343 3613 ln
1363 3567 1418 3630 qua

379 3661 497 3742 primus
510 3661 661 3740 insignem
676 3660 805 3740 adeptus
822 3655 946 3716 laudem
962 3670 1005 3714 est
1022 3655 1173 3729 Lucilius,
1192 3656 1246 3736 qui
1261 3649 1417 3736 quosdam,

378 3773 414 3817 ut
428 3757 533 3816 scribit
556 3757 680 3832 Fabius,
701 3758 743 3814 ita
767 3753 883 3812 deditos
906 3753 962 3812 sibi
981 3764 1133 3811 amatores
1156 3749 1282 3826 habuit,
1302 3762 1337 3808 ut
1353 3760 1416 3803 eum

378 3855 521 3916 omnibus
538 3857 634 3938 poetis
655 3853 797 3936 praeferre
816 3873 879 3912 non
901 3850 1101 3910 dubitarent:
1122 3850 1263 3928 quamvis
1285 3841 1415 3907 Horatius

379 3976 441 4013 non
461 3956 526 4014 sine
544 3969 648 4013 tamen
661 3951 833 4033 suspicione
852 3949 1057 4009 aemulationis
1075 3967 1148 4007 eunt
1168 3947 1207 4030 ⁸in
1233 3938 1414 4006 sermonibus

378 4054 438 4110 suis
459 4053 646 4111 lutulentum
668 4049 762 4109 lluere
780 4049 916 4107 diceret:
939 4060 968 4105 et
989 4044 1106 4125 aliquid
1130 4064 1192 4103 esse
1214 4043 1298 4125 quod
1318 4035 1413 4099 tollere
1451 4033 1453 4037 ’
