<?xml version="1.0" encoding="UTF-8"?>
<!DOCTYPE html PUBLIC "-//W3C//DTD XHTML 1.0 Transitional//EN"
    "http://www.w3.org/TR/xhtml1/DTD/xhtml1-transitional.dtd">
<html xmlns="http://www.w3.org/1999/xhtml" xml:lang="en" lang="en">
 <head>
  <title>
</title>
<meta http-equiv="Content-Type" content="text/html;charset=utf-8" />
  <meta name='ocr-system' content='tesseract 3.04.00' />
  <meta name='ocr-capabilities' content='ocr_page ocr_carea ocr_par ocr_line ocrx_word'/>
</head>
<body>
  <div class='ocr_page' id='page_1' title='image "./sexdecimsatir00lemagoog_0083.png"; bbox 0 0 3026 4944; ppageno 0'>
   <div class='ocr_carea' id='block_1_1' title="bbox 6 435 1180 643">
    <p class='ocr_par' dir='ltr' id='par_1_1' title="bbox 6 435 1180 643">
     <span class='ocr_line' id='line_1_1' title="bbox 6 435 1177 546; baseline -0.009 -37"><span class='ocrx_word' id='word_1_1' title='bbox 6 519 8 546; x_wconf 38' lang='grc' dir='ltr'><strong>μ</strong></span> <span class='ocrx_word' id='word_1_2' title='bbox 396 438 446 502; x_wconf 78' lang='lat' dir='ltr'><strong>lN</strong></span> <span class='ocrx_word' id='word_1_3' title='bbox 469 435 682 501; x_wconf 77' lang='lat' dir='ltr'><strong>SATIRAM</strong></span> <span class='ocrx_word' id='word_1_4' title='bbox 708 437 913 504; x_wconf 79' lang='grc' dir='ltr'><strong>ΡΒῙΜΔΜ.</strong></span> <span class='ocrx_word' id='word_1_5' title='bbox 1134 447 1177 538; x_wconf 71' lang='lat'><strong>67</strong></span> 
     </span>
     <span class='ocr_line' id='line_1_2' title="bbox 121 557 1180 643; baseline 0.003 -26.608"><span class='ocrx_word' id='word_1_6' title='bbox 121 564 226 630; x_wconf 82' lang='lat' dir='ltr'><strong>mines,</strong></span> <span class='ocrx_word' id='word_1_7' title='bbox 240 574 400 634; x_wconf 70' lang='lat' dir='ltr'><strong>argumento</strong></span> <span class='ocrx_word' id='word_1_8' title='bbox 413 580 481 633; x_wconf 87' lang='lat' dir='ltr'><strong>opus</strong></span> <span class='ocrx_word' id='word_1_9' title='bbox 492 559 638 630; x_wconf 67' lang='lat' dir='ltr'><strong>bebo-ent,</strong></span> <span class='ocrx_word' id='word_1_10' title='bbox 647 565 676 614; x_wconf 85' lang='lat' dir='ltr'><strong>in</strong></span> <span class='ocrx_word' id='word_1_11' title='bbox 686 580 742 635; x_wconf 76' lang='lat' dir='ltr'><strong>quo</strong></span> <span class='ocrx_word' id='word_1_12' title='bbox 750 581 826 617; x_wconf 81' lang='lat' dir='ltr'><strong>susm</strong></span> <span class='ocrx_word' id='word_1_13' title='bbox 835 561 909 618; x_wconf 70' lang='lat' dir='ltr'><strong>illum</strong></span> <span class='ocrx_word' id='word_1_14' title='bbox 919 566 1067 623; x_wconf 70' lang='lat' dir='ltr'><strong>mbsbilem</strong></span> <span class='ocrx_word' id='word_1_15' title='bbox 1075 557 1180 643; x_wconf 68' lang='lat' dir='ltr'><strong>patieri-</strong></span> 
     </span>
    </p>
   </div>
   <div class='ocr_carea' id='block_1_2' title="bbox 6 639 1182 725">
    <p class='ocr_par' dir='ltr' id='par_1_2' title="bbox 6 639 1182 725">
     <span class='ocr_line' id='line_1_3' title="bbox 6 639 1182 725; baseline 0.012 -35"><span class='ocrx_word' id='word_1_16' title='bbox 6 659 7 676; x_wconf 71' lang='lat'><strong>.</strong></span> <span class='ocrx_word' id='word_1_17' title='bbox 122 645 189 694; x_wconf 88' lang='lat' dir='ltr'><strong>tiam</strong></span> <span class='ocrx_word' id='word_1_18' title='bbox 203 655 286 714; x_wconf 88' lang='lat' dir='ltr'><strong>atque</strong></span> <span class='ocrx_word' id='word_1_19' title='bbox 302 639 429 695; x_wconf 62' lang='lat' dir='ltr'><strong>demum</strong></span> <span class='ocrx_word' id='word_1_20' title='bbox 442 653 616 694; x_wconf 77' lang='lat' dir='ltr'><strong>ostentarent.</strong></span> <span class='ocrx_word' id='word_1_21' title='bbox 631 640 683 695; x_wconf 83' lang='lat' dir='ltr'><strong>Sed</strong></span> <span class='ocrx_word' id='word_1_22' title='bbox 699 656 754 694; x_wconf 88' lang='lat' dir='ltr'><strong>erat</strong></span> <span class='ocrx_word' id='word_1_23' title='bbox 765 645 894 715; x_wconf 80' lang='lat' dir='ltr'><strong>imprimit</strong></span> <span class='ocrx_word' id='word_1_24' title='bbox 910 645 1032 700; x_wconf 88' lang='lat' dir='ltr'><strong>odiosum</strong></span> <span class='ocrx_word' id='word_1_25' title='bbox 1049 648 1115 703; x_wconf 93' lang='lat' dir='ltr'><strong>illud</strong></span> <span class='ocrx_word' id='word_1_26' title='bbox 1130 671 1182 725; x_wconf 83' lang='lat' dir='ltr'><strong>ps-</strong></span> 
     </span>
    </p>
   </div>
   <div class='ocr_carea' id='block_1_3' title="bbox 123 720 1184 1124">
    <p class='ocr_par' dir='ltr' id='par_1_3' title="bbox 123 720 1184 1124">
     <span class='ocr_line' id='line_1_4' title="bbox 123 720 1182 803; baseline 0.013 -31"><span class='ocrx_word' id='word_1_27' title='bbox 123 720 225 774; x_wconf 77' lang='lat' dir='ltr'><strong>tientiae</strong></span> <span class='ocrx_word' id='word_1_28' title='bbox 242 722 400 794; x_wconf 72' lang='lat' dir='ltr'><strong><em>Cynicorum</em></strong></span> <span class='ocrx_word' id='word_1_29' title='bbox 415 723 641 793; x_wconf 77' lang='lat' dir='ltr'><strong>experimentum,</strong></span> <span class='ocrx_word' id='word_1_30' title='bbox 654 723 732 792; x_wconf 80' lang='lat' dir='ltr'><strong>cujus</strong></span> <span class='ocrx_word' id='word_1_31' title='bbox 742 721 786 778; x_wconf 83' lang='lat' dir='ltr'><strong>bio</strong></span> <span class='ocrx_word' id='word_1_32' title='bbox 798 725 920 778; x_wconf 82' lang='lat' dir='ltr'><strong>meminit</strong></span> <span class='ocrx_word' id='word_1_33' title='bbox 934 727 1048 781; x_wconf 75' lang='lat' dir='ltr'><strong>Persius.</strong></span> <span class='ocrx_word' id='word_1_34' title='bbox 1062 730 1182 803; x_wconf 79' lang='lat' dir='ltr'><strong>Apparet</strong></span> 
     </span>
     <span class='ocr_line' id='line_1_5' title="bbox 128 799 1184 873; baseline 0.011 -19"><span class='ocrx_word' id='word_1_35' title='bbox 128 803 203 854; x_wconf 83' lang='lat' dir='ltr'><strong>enim</strong></span> <span class='ocrx_word' id='word_1_36' title='bbox 212 800 304 854; x_wconf 84' lang='lat' dir='ltr'><strong>solitas</strong></span> <span class='ocrx_word' id='word_1_37' title='bbox 313 819 328 854; x_wconf 88' lang='lat' dir='ltr'><strong>a</strong></span> <span class='ocrx_word' id='word_1_38' title='bbox 338 799 522 873; x_wconf 75' lang='lat' dir='ltr'><strong>petulantibus</strong></span> <span class='ocrx_word' id='word_1_39' title='bbox 532 799 684 854; x_wconf 82' lang='lat' dir='ltr'><strong>bominibus</strong></span> <span class='ocrx_word' id='word_1_40' title='bbox 696 804 846 856; x_wconf 72' lang='lat' dir='ltr'><strong>meretrices</strong></span> <span class='ocrx_word' id='word_1_41' title='bbox 856 803 978 859; x_wconf 80' lang='lat' dir='ltr'><strong>cumillis</strong></span> <span class='ocrx_word' id='word_1_42' title='bbox 988 811 1125 863; x_wconf 87' lang='lat' dir='ltr'><strong>committi.</strong></span> <span class='ocrx_word' id='word_1_43' title='bbox 1136 814 1184 866; x_wconf 88' lang='lat' dir='ltr'><strong>Ga-</strong></span> 
     </span>
     <span class='ocr_line' id='line_1_6' title="bbox 129 880 1183 956; baseline 0.011 -22"><span class='ocrx_word' id='word_1_44' title='bbox 129 882 280 948; x_wconf 83' lang='lat' dir='ltr'><strong>saubenus,</strong></span> <span class='ocrx_word' id='word_1_45' title='bbox 297 901 313 934; x_wconf 89' lang='lat' dir='ltr'><strong>a</strong></span> <span class='ocrx_word' id='word_1_46' title='bbox 330 900 386 954; x_wconf 84' lang='lat' dir='ltr'><strong>quo</strong></span> <span class='ocrx_word' id='word_1_47' title='bbox 398 880 454 935; x_wconf 75' lang='lat' dir='ltr'><strong>bno</strong></span> <span class='ocrx_word' id='word_1_48' title='bbox 467 884 556 936; x_wconf 78' lang='lat' dir='ltr'><strong>onnia</strong></span> <span class='ocrx_word' id='word_1_49' title='bbox 566 880 728 956; x_wconf 82' lang='lat' dir='ltr'><strong>deprompta</strong></span> <span class='ocrx_word' id='word_1_50' title='bbox 739 897 816 952; x_wconf 89' lang='lat' dir='ltr'><strong>sunt,</strong></span> <span class='ocrx_word' id='word_1_51' title='bbox 831 885 870 938; x_wconf 86' lang='lat' dir='ltr'><strong>sic</strong></span> <span class='ocrx_word' id='word_1_52' title='bbox 882 884 917 938; x_wconf 89' lang='lat' dir='ltr'><strong>ad</strong></span> <span class='ocrx_word' id='word_1_53' title='bbox 929 885 1003 940; x_wconf 85' lang='lat' dir='ltr'><strong>illem</strong></span> <span class='ocrx_word' id='word_1_54' title='bbox 1017 908 1111 943; x_wconf 83' lang='lat' dir='ltr'><strong>vocem</strong></span> <span class='ocrx_word' id='word_1_55' title='bbox 1123 911 1183 946; x_wconf 57' lang='lat' dir='ltr'><strong>rus»</strong></span> 
     </span>
     <span class='ocr_line' id='line_1_7' title="bbox 129 961 1182 1043; baseline 0.006 -26"><span class='ocrx_word' id='word_1_56' title='bbox 129 981 174 1018; x_wconf 81' lang='lat' dir='ltr'><strong>sua</strong></span> <span class='ocrx_word' id='word_1_57' title='bbox 186 976 384 1017; x_wconf 85' lang='lat' dir='ltr'><strong>commentatur</strong></span> <span class='ocrx_word' id='word_1_58' title='bbox 395 986 403 1016; x_wconf 72' lang='lat' dir='ltr'><strong>r</strong></span> <span class='ocrx_word' id='word_1_59' title='bbox 422 961 556 1016; x_wconf 72' lang='lat' dir='ltr'><strong>..vivebat</strong></span> <span class='ocrx_word' id='word_1_60' title='bbox 566 975 623 1016; x_wconf 88' lang='lat' dir='ltr'><strong>tum</strong></span> <span class='ocrx_word' id='word_1_61' title='bbox 632 965 783 1018; x_wconf 85' lang='lat' dir='ltr'><strong>Demetrius</strong></span> <span class='ocrx_word' id='word_1_62' title='bbox 797 965 922 1036; x_wconf 72' lang='lat' dir='ltr'><strong>d&#39;yuicm,</strong></span> <span class='ocrx_word' id='word_1_63' title='bbox 936 970 1011 1039; x_wconf 80' lang='lat' dir='ltr'><strong>cujus</strong></span> <span class='ocrx_word' id='word_1_64' title='bbox 1021 971 1182 1043; x_wconf 63' lang='lat' dir='ltr'><strong>mtpularem</strong></span> 
     </span>
     <span class='ocr_line' id='line_1_8' title="bbox 128 1038 1182 1124; baseline 0.009 -26"><span class='ocrx_word' id='word_1_65' title='bbox 128 1063 160 1098; x_wconf 80' lang='lat' dir='ltr'><strong>ac</strong></span> <span class='ocrx_word' id='word_1_66' title='bbox 173 1043 337 1117; x_wconf 75' lang='lat' dir='ltr'><strong>stupendam</strong></span> <span class='ocrx_word' id='word_1_67' title='bbox 348 1038 472 1098; x_wconf 76' lang='lat' dir='ltr'><strong>virtutem</strong></span> <span class='ocrx_word' id='word_1_68' title='bbox 483 1042 604 1096; x_wconf 74' lang='lat' dir='ltr'><strong>dilaudat</strong></span> <span class='ocrx_word' id='word_1_69' title='bbox 618 1045 734 1113; x_wconf 82' lang='lat' dir='ltr'><strong>Seneca,</strong></span> <span class='ocrx_word' id='word_1_70' title='bbox 749 1055 777 1098; x_wconf 83' lang='lat' dir='ltr'><strong>et</strong></span> <span class='ocrx_word' id='word_1_71' title='bbox 787 1044 861 1117; x_wconf 84' lang='lat' dir='ltr'><strong>apud</strong></span> <span class='ocrx_word' id='word_1_72' title='bbox 875 1047 1016 1102; x_wconf 68' lang='lat' dir='ltr'><strong>dinanum</strong></span> <span class='ocrx_word' id='word_1_73' title='bbox 1033 1053 1182 1124; x_wconf 75' lang='lat' dir='ltr'><strong>Epictetus.</strong></span> 
     </span>
    </p>
   </div>
   <div class='ocr_carea' id='block_1_4' title="bbox 125 1121 1299 1208">
    <p class='ocr_par' dir='ltr' id='par_1_4' title="bbox 125 1121 1299 1208">
     <span class='ocr_line' id='line_1_9' title="bbox 125 1121 1299 1208; baseline 0.009 -29"><span class='ocrx_word' id='word_1_74' title='bbox 125 1125 257 1196; x_wconf 76' lang='lat' dir='ltr'><strong>inhujus</strong></span> <span class='ocrx_word' id='word_1_75' title='bbox 276 1124 408 1178; x_wconf 85' lang='lat' dir='ltr'><strong>bonorem</strong></span> <span class='ocrx_word' id='word_1_76' title='bbox 422 1137 449 1178; x_wconf 91' lang='lat' dir='ltr'><strong>et</strong></span> <span class='ocrx_word' id='word_1_77' title='bbox 462 1125 603 1192; x_wconf 83' lang='lat' dir='ltr'><strong>similium,</strong></span> <span class='ocrx_word' id='word_1_78' title='bbox 620 1128 667 1199; x_wconf 86' lang='lat' dir='ltr'><strong>qni</strong></span> <span class='ocrx_word' id='word_1_79' title='bbox 685 1125 795 1180; x_wconf 83' lang='lat' dir='ltr'><strong>fuerunt</strong></span> <span class='ocrx_word' id='word_1_80' title='bbox 814 1127 940 1182; x_wconf 87' lang='lat' dir='ltr'><strong>omnibus</strong></span> <span class='ocrx_word' id='word_1_81' title='bbox 959 1131 1062 1186; x_wconf 75' lang='lat' dir='ltr'><strong>secubo</strong></span> <span class='ocrx_word' id='word_1_82' title='bbox 1080 1135 1183 1208; x_wconf 91' lang='lat' dir='ltr'><strong>oppido</strong></span> <span class='ocrx_word' id='word_1_83' title='bbox 1297 1121 1299 1125; x_wconf 36' lang='lat'><strong>.</strong></span> 
     </span>
    </p>
   </div>
   <div class='ocr_carea' id='block_1_5' title="bbox 123 1202 1186 1851">
    <p class='ocr_par' dir='ltr' id='par_1_5' title="bbox 123 1202 1186 1851">
     <span class='ocr_line' id='line_1_10' title="bbox 123 1202 1184 1281; baseline 0.01 -24"><span class='ocrx_word' id='word_1_84' title='bbox 123 1207 221 1279; x_wconf 81' lang='lat' dir='ltr'><strong>pauci,</strong></span> <span class='ocrx_word' id='word_1_85' title='bbox 239 1204 353 1276; x_wconf 68' lang='lat' dir='ltr'><strong>opticus</strong></span> <span class='ocrx_word' id='word_1_86' title='bbox 365 1203 411 1258; x_wconf 85' lang='lat' dir='ltr'><strong>bic</strong></span> <span class='ocrx_word' id='word_1_87' title='bbox 428 1202 511 1260; x_wconf 65' lang='lat' dir='ltr'><strong>triu</strong></span> <span class='ocrx_word' id='word_1_88' title='bbox 526 1223 577 1277; x_wconf 91' lang='lat' dir='ltr'><strong>pro</strong></span> <span class='ocrx_word' id='word_1_89' title='bbox 593 1203 756 1276; x_wconf 77' lang='lat' dir='ltr'><strong>Philosoplio</strong></span> <span class='ocrx_word' id='word_1_90' title='bbox 772 1204 892 1278; x_wconf 88' lang='lat' dir='ltr'><strong>ponitur.</strong></span> <span class='ocrx_word' id='word_1_91' title='bbox 910 1210 940 1260; x_wconf 90' lang='lat' dir='ltr'><strong>ln</strong></span> <span class='ocrx_word' id='word_1_92' title='bbox 956 1229 1052 1281; x_wconf 79' lang='lat' dir='ltr'><strong>genere</strong></span> <span class='ocrx_word' id='word_1_93' title='bbox 1067 1233 1132 1267; x_wconf 79' lang='lat' dir='ltr'><strong>vero</strong></span> <span class='ocrx_word' id='word_1_94' title='bbox 1148 1214 1184 1267; x_wconf 89' lang='lat' dir='ltr'><strong>de</strong></span> 
     </span>
     <span class='ocr_line' id='line_1_11' title="bbox 125 1287 1185 1359; baseline 0.01 -21"><span class='ocrx_word' id='word_1_95' title='bbox 125 1287 248 1358; x_wconf 67' lang='lat' dir='ltr'><strong>Cynicis,</strong></span> <span class='ocrx_word' id='word_1_96' title='bbox 259 1304 374 1358; x_wconf 83' lang='lat' dir='ltr'><strong>quorum</strong></span> <span class='ocrx_word' id='word_1_97' title='bbox 386 1305 418 1339; x_wconf 84' lang='lat' dir='ltr'><strong>ea</strong></span> <span class='ocrx_word' id='word_1_98' title='bbox 427 1298 585 1358; x_wconf 81' lang='lat' dir='ltr'><strong>tempestate</strong></span> <span class='ocrx_word' id='word_1_99' title='bbox 593 1304 706 1358; x_wconf 71' lang='lat' dir='ltr'><strong>magnus</strong></span> <span class='ocrx_word' id='word_1_100' title='bbox 715 1300 772 1339; x_wconf 89' lang='lat' dir='ltr'><strong>erat</strong></span> <span class='ocrx_word' id='word_1_101' title='bbox 778 1289 869 1340; x_wconf 77' lang='lat' dir='ltr'><strong>licente</strong></span> <span class='ocrx_word' id='word_1_102' title='bbox 876 1305 1036 1359; x_wconf 82' lang='lat' dir='ltr'><strong>proventus,</strong></span> <span class='ocrx_word' id='word_1_103' title='bbox 1046 1295 1117 1348; x_wconf 88' lang='lat' dir='ltr'><strong>male</strong></span> <span class='ocrx_word' id='word_1_104' title='bbox 1127 1313 1185 1349; x_wconf 86' lang='lat' dir='ltr'><strong>sen·</strong></span> 
     </span>
     <span class='ocr_line' id='line_1_12' title="bbox 124 1359 1184 1440; baseline 0.008 -18"><span class='ocrx_word' id='word_1_105' title='bbox 124 1381 217 1422; x_wconf 81' lang='lat' dir='ltr'><strong>serunt</strong></span> <span class='ocrx_word' id='word_1_106' title='bbox 224 1387 283 1421; x_wconf 86' lang='lat' dir='ltr'><strong>non</strong></span> <span class='ocrx_word' id='word_1_107' title='bbox 290 1368 526 1434; x_wconf 85' lang='lat' dir='ltr'><strong>solumistiosores</strong></span> <span class='ocrx_word' id='word_1_108' title='bbox 532 1359 682 1422; x_wconf 73' lang='lat' dir='ltr'><strong>Graecarum</strong></span> <span class='ocrx_word' id='word_1_109' title='bbox 689 1367 904 1440; x_wconf 67' lang='lat' dir='ltr'><strong>disciplinarum,</strong></span> <span class='ocrx_word' id='word_1_110' title='bbox 916 1370 964 1425; x_wconf 89' lang='lat' dir='ltr'><strong>sed</strong></span> <span class='ocrx_word' id='word_1_111' title='bbox 973 1375 1052 1427; x_wconf 87' lang='lat' dir='ltr'><strong>etism</strong></span> <span class='ocrx_word' id='word_1_112' title='bbox 1061 1373 1184 1430; x_wconf 83' lang='lat' dir='ltr'><strong>eGrtecis</strong></span> 
     </span>
     <span class='ocr_line' id='line_1_13' title="bbox 123 1449 1184 1529; baseline 0.008 -27"><span class='ocrx_word' id='word_1_113' title='bbox 123 1450 318 1522; x_wconf 70' lang='lat' dir='ltr'><strong>sapientissimi</strong></span> <span class='ocrx_word' id='word_1_114' title='bbox 330 1451 445 1522; x_wconf 82' lang='lat' dir='ltr'><strong>quique:</strong></span> <span class='ocrx_word' id='word_1_115' title='bbox 457 1468 513 1504; x_wconf 79' lang='lat' dir='ltr'><strong>noe</strong></span> <span class='ocrx_word' id='word_1_116' title='bbox 525 1451 596 1503; x_wconf 87' lang='lat' dir='ltr'><strong>enim</strong></span> <span class='ocrx_word' id='word_1_117' title='bbox 607 1467 672 1503; x_wconf 80' lang='lat' dir='ltr'><strong>rere</strong></span> <span class='ocrx_word' id='word_1_118' title='bbox 683 1451 778 1503; x_wconf 75' lang='lat' dir='ltr'><strong>vinute</strong></span> <span class='ocrx_word' id='word_1_119' title='bbox 791 1449 994 1506; x_wconf 74' lang='lat' dir='ltr'><strong>admirationem</strong></span> <span class='ocrx_word' id='word_1_120' title='bbox 1009 1456 1184 1529; x_wconf 71' lang='lat' dir='ltr'><strong>colligeban13</strong></span> 
     </span>
     <span class='ocr_line' id='line_1_14' title="bbox 124 1527 1185 1594; baseline 0.008 -14"><span class='ocrx_word' id='word_1_121' title='bbox 124 1527 172 1582; x_wconf 87' lang='lat' dir='ltr'><strong>sed</strong></span> <span class='ocrx_word' id='word_1_122' title='bbox 181 1527 274 1582; x_wconf 78' lang='lat' dir='ltr'><strong>vultus</strong></span> <span class='ocrx_word' id='word_1_123' title='bbox 285 1530 451 1594; x_wconf 83' lang='lat' dir='ltr'><strong>torvitatem,</strong></span> <span class='ocrx_word' id='word_1_124' title='bbox 461 1541 487 1581; x_wconf 87' lang='lat' dir='ltr'><strong>et</strong></span> <span class='ocrx_word' id='word_1_125' title='bbox 499 1529 648 1594; x_wconf 87' lang='lat' dir='ltr'><strong>tristitiam,</strong></span> <span class='ocrx_word' id='word_1_126' title='bbox 663 1545 695 1580; x_wconf 89' lang='lat' dir='ltr'><strong>ac</strong></span> <span class='ocrx_word' id='word_1_127' title='bbox 707 1527 906 1582; x_wconf 86' lang='lat' dir='ltr'><strong>dissentientem</strong></span> <span class='ocrx_word' id='word_1_128' title='bbox 922 1549 937 1583; x_wconf 85' lang='lat' dir='ltr'><strong>a</strong></span> <span class='ocrx_word' id='word_1_129' title='bbox 951 1536 1050 1586; x_wconf 81' lang='lat' dir='ltr'><strong>caeteris</strong></span> <span class='ocrx_word' id='word_1_130' title='bbox 1063 1534 1185 1589; x_wconf 80' lang='lat' dir='ltr'><strong>habitum</strong></span> 
     </span>
     <span class='ocr_line' id='line_1_15' title="bbox 123 1607 1185 1684; baseline 0.008 -23"><span class='ocrx_word' id='word_1_131' title='bbox 123 1611 249 1682; x_wconf 81' lang='lat' dir='ltr'><strong>pessimis</strong></span> <span class='ocrx_word' id='word_1_132' title='bbox 257 1607 378 1662; x_wconf 84' lang='lat' dir='ltr'><strong>moribus</strong></span> <span class='ocrx_word' id='word_1_133' title='bbox 387 1621 468 1680; x_wconf 86' lang='lat' dir='ltr'><strong>etque</strong></span> <span class='ocrx_word' id='word_1_134' title='bbox 475 1611 586 1680; x_wconf 71' lang='lat' dir='ltr'><strong>impure</strong></span> <span class='ocrx_word' id='word_1_135' title='bbox 594 1608 764 1662; x_wconf 75' lang='lat' dir='ltr'><strong>obscoenitati</strong></span> <span class='ocrx_word' id='word_1_136' title='bbox 770 1609 982 1681; x_wconf 69' lang='lat' dir='ltr'><strong>protendebant</strong></span> <span class='ocrx_word' id='word_1_137' title='bbox 992 1635 1003 1659; x_wconf 83' lang='grc' dir='ltr'>ι</span> <span class='ocrx_word' id='word_1_138' title='bbox 1015 1614 1185 1684; x_wconf 75' lang='lat' dir='ltr'><strong>LegeDionis</strong></span> 
     </span>
     <span class='ocr_line' id='line_1_16' title="bbox 124 1688 1186 1764; baseline 0.007 -21"><span class='ocrx_word' id='word_1_139' title='bbox 124 1690 313 1764; x_wconf 71' lang='lat' dir='ltr'><strong>ffiqsostoni</strong></span> <span class='ocrx_word' id='word_1_140' title='bbox 325 1707 475 1743; x_wconf 87' lang='lat' dir='ltr'><strong>sermonem</strong></span> <span class='ocrx_word' id='word_1_141' title='bbox 487 1689 653 1742; x_wconf 82' lang='lat' dir='ltr'><strong>Alexandrite</strong></span> <span class='ocrx_word' id='word_1_142' title='bbox 661 1688 792 1743; x_wconf 84' lang='lat' dir='ltr'><strong>habitum.</strong></span> <span class='ocrx_word' id='word_1_143' title='bbox 804 1689 864 1743; x_wconf 86' lang='lat' dir='ltr'><strong>Vid.</strong></span> <span class='ocrx_word' id='word_1_144' title='bbox 878 1692 995 1763; x_wconf 80' lang='lat' dir='ltr'><strong>ejusdem</strong></span> <span class='ocrx_word' id='word_1_145' title='bbox 1006 1695 1087 1746; x_wconf 88' lang='lat' dir='ltr'><strong>Dion.</strong></span> <span class='ocrx_word' id='word_1_146' title='bbox 1099 1697 1186 1750; x_wconf 84' lang='lat' dir='ltr'>XXIV</span> 
     </span>
     <span class='ocr_line' id='line_1_17' title="bbox 124 1770 1184 1851; baseline 0.008 -29"><span class='ocrx_word' id='word_1_147' title='bbox 124 1771 152 1822; x_wconf 91' lang='lat' dir='ltr'><strong>in</strong></span> <span class='ocrx_word' id='word_1_148' title='bbox 167 1773 323 1843; x_wconf 89' lang='lat' dir='ltr'><strong>principio;</strong></span> <span class='ocrx_word' id='word_1_149' title='bbox 338 1772 431 1823; x_wconf 90' lang='lat' dir='ltr'><strong>Horat.</strong></span> <span class='ocrx_word' id='word_1_150' title='bbox 446 1771 501 1824; x_wconf 81' lang='lat' dir='ltr'><strong>Set.</strong></span> <span class='ocrx_word' id='word_1_151' title='bbox 516 1771 544 1837; x_wconf 88' lang='lat'><strong>1,</strong></span> <span class='ocrx_word' id='word_1_152' title='bbox 559 1771 590 1837; x_wconf 83' lang='lat'><strong>3,</strong></span> <span class='ocrx_word' id='word_1_153' title='bbox 608 1770 657 1823; x_wconf 80' lang='lat'><strong>1³3</strong></span> <span class='ocrx_word' id='word_1_154' title='bbox 671 1787 745 1844; x_wconf 85' lang='lat' dir='ltr'><strong>sqq.;</strong></span> <span class='ocrx_word' id='word_1_155' title='bbox 761 1770 855 1825; x_wconf 85' lang='lat' dir='ltr'><strong>Senec.</strong></span> <span class='ocrx_word' id='word_1_156' title='bbox 874 1771 909 1824; x_wconf 91' lang='lat' dir='ltr'><strong>de</strong></span> <span class='ocrx_word' id='word_1_157' title='bbox 922 1775 964 1826; x_wconf 88' lang='lat' dir='ltr'><strong>lra</strong></span> <span class='ocrx_word' id='word_1_158' title='bbox 980 1775 1029 1842; x_wconf 90' lang='lat' dir='ltr'><strong>lli,</strong></span> <span class='ocrx_word' id='word_1_159' title='bbox 1044 1775 1091 1840; x_wconf 71' lang='lat'><strong>383</strong></span> <span class='ocrx_word' id='word_1_160' title='bbox 1106 1778 1184 1851; x_wconf 74' lang='lat' dir='ltr'><strong>Diog.</strong></span> 
     </span>
    </p>
   </div>
   <div class='ocr_carea' id='block_1_6' title="bbox 6 1851 1187 1948">
    <p class='ocr_par' dir='ltr' id='par_1_6' title="bbox 6 1851 1187 1948">
     <span class='ocr_line' id='line_1_18' title="bbox 6 1851 1187 1948; baseline 0.006 -43"><span class='ocrx_word' id='word_1_161' title='bbox 6 1859 8 1948; x_wconf 21' lang='grc' dir='ltr'>ζ</span> <span class='ocrx_word' id='word_1_162' title='bbox 124 1851 209 1906; x_wconf 70' lang='lat' dir='ltr'><strong>Laut.</strong></span> <span class='ocrx_word' id='word_1_163' title='bbox 226 1853 276 1905; x_wconf 89' lang='lat' dir='ltr'><strong>lib.</strong></span> <span class='ocrx_word' id='word_1_164' title='bbox 289 1853 384 1903; x_wconf 83' lang='lat' dir='ltr'><strong>v1.-</strong></span> <span class='ocrx_word' id='word_1_165' title='bbox 394 1853 516 1904; x_wconf 81' lang='lat' dir='ltr'><strong>Nonaric</strong></span> <span class='ocrx_word' id='word_1_166' title='bbox 523 1873 534 1910; x_wconf 94' lang='lat'><strong>,·</strong></span> <span class='ocrx_word' id='word_1_167' title='bbox 550 1851 651 1904; x_wconf 80' lang='lat' dir='ltr'><strong>femina</strong></span> <span class='ocrx_word' id='word_1_168' title='bbox 668 1871 727 1923; x_wconf 79' lang='lat' dir='ltr'><strong>quse</strong></span> <span class='ocrx_word' id='word_1_169' title='bbox 741 1864 862 1922; x_wconf 86' lang='lat' dir='ltr'><strong>prostat,</strong></span> <span class='ocrx_word' id='word_1_170' title='bbox 879 1855 1007 1925; x_wconf 78' lang='lat' dir='ltr'><strong>turpioris</strong></span> <span class='ocrx_word' id='word_1_171' title='bbox 1023 1868 1093 1910; x_wconf 80' lang='lat' dir='ltr'><strong>notre</strong></span> <span class='ocrx_word' id='word_1_172' title='bbox 1107 1877 1187 1931; x_wconf 87' lang='lat' dir='ltr'><strong>quam</strong></span> 
     </span>
    </p>
   </div>
   <div class='ocr_carea' id='block_1_7' title="bbox 124 1927 1187 3442">
    <p class='ocr_par' dir='ltr' id='par_1_7' title="bbox 124 1927 1187 3442">
     <span class='ocr_line' id='line_1_19' title="bbox 125 1927 1186 2005; baseline 0.005 -19"><span class='ocrx_word' id='word_1_173' title='bbox 125 1927 264 1999; x_wconf 69' lang='lat' dir='ltr'><strong>mnemia,</strong></span> <span class='ocrx_word' id='word_1_174' title='bbox 282 1931 355 1986; x_wconf 83' lang='lat' dir='ltr'><strong>dicta</strong></span> <span class='ocrx_word' id='word_1_175' title='bbox 371 1933 451 1984; x_wconf 87' lang='lat' dir='ltr'><strong>etiam</strong></span> <span class='ocrx_word' id='word_1_176' title='bbox 467 1927 628 2003; x_wconf 86' lang='lat' dir='ltr'><strong>prostibula.</strong></span> <span class='ocrx_word' id='word_1_177' title='bbox 643 1930 763 1982; x_wconf 76' lang='lat' dir='ltr'><strong>Neratio</strong></span> <span class='ocrx_word' id='word_1_178' title='bbox 778 1942 880 2000; x_wconf 85' lang='lat' dir='ltr'><strong>autem,</strong></span> <span class='ocrx_word' id='word_1_179' title='bbox 897 1933 971 2005; x_wconf 85' lang='lat' dir='ltr'><strong>quod</strong></span> <span class='ocrx_word' id='word_1_180' title='bbox 987 1934 1021 1988; x_wconf 88' lang='lat' dir='ltr'><strong>ab</strong></span> <span class='ocrx_word' id='word_1_181' title='bbox 1034 1934 1101 1990; x_wconf 85' lang='lat' dir='ltr'><strong>bora</strong></span> <span class='ocrx_word' id='word_1_182' title='bbox 1115 1958 1186 1992; x_wconf 84' lang='lat' dir='ltr'><strong>nona</strong></span> 
     </span>
     <span class='ocr_line' id='line_1_20' title="bbox 124 2009 1186 2086; baseline 0.004 -20"><span class='ocrx_word' id='word_1_183' title='bbox 124 2027 251 2086; x_wconf 85' lang='lat' dir='ltr'><strong>prostare</strong></span> <span class='ocrx_word' id='word_1_184' title='bbox 262 2014 410 2084; x_wconf 86' lang='lat' dir='ltr'><strong>inciperet,</strong></span> <span class='ocrx_word' id='word_1_185' title='bbox 427 2029 509 2083; x_wconf 92' lang='lat' dir='ltr'><strong>quum</strong></span> <span class='ocrx_word' id='word_1_186' title='bbox 522 2024 585 2064; x_wconf 89' lang='lat' dir='ltr'><strong>ante</strong></span> <span class='ocrx_word' id='word_1_187' title='bbox 597 2009 692 2064; x_wconf 77' lang='lat' dir='ltr'><strong>clause</strong></span> <span class='ocrx_word' id='word_1_188' title='bbox 705 2023 793 2064; x_wconf 88' lang='lat' dir='ltr'><strong>essent</strong></span> <span class='ocrx_word' id='word_1_189' title='bbox 806 2011 877 2065; x_wconf 82' lang='lat' dir='ltr'><strong>fores</strong></span> <span class='ocrx_word' id='word_1_190' title='bbox 890 2011 933 2066; x_wconf 83' lang='lat' dir='ltr'><strong>rel</strong></span> <span class='ocrx_word' id='word_1_191' title='bbox 946 2033 978 2067; x_wconf 88' lang='lat' dir='ltr'><strong>ex</strong></span> <span class='ocrx_word' id='word_1_192' title='bbox 993 2034 1082 2084; x_wconf 84' lang='lat' dir='ltr'><strong>more,</strong></span> <span class='ocrx_word' id='word_1_193' title='bbox 1095 2011 1137 2070; x_wconf 78' lang='lat' dir='ltr'><strong>rel</strong></span> <span class='ocrx_word' id='word_1_194' title='bbox 1154 2038 1186 2072; x_wconf 92' lang='lat' dir='ltr'><strong>ex</strong></span> 
     </span>
     <span class='ocr_line' id='line_1_21' title="bbox 125 2089 1186 2167; baseline 0.004 -21"><span class='ocrx_word' id='word_1_195' title='bbox 125 2091 198 2165; x_wconf 74' lang='lat' dir='ltr'><strong>lege,</strong></span> <span class='ocrx_word' id='word_1_196' title='bbox 208 2091 252 2146; x_wconf 78' lang='lat' dir='ltr'><strong>rel</strong></span> <span class='ocrx_word' id='word_1_197' title='bbox 268 2113 302 2145; x_wconf 89' lang='lat' dir='ltr'><strong>ex</strong></span> <span class='ocrx_word' id='word_1_198' title='bbox 314 2093 403 2145; x_wconf 85' lang='lat' dir='ltr'><strong>edicto</strong></span> <span class='ocrx_word' id='word_1_199' title='bbox 415 2091 533 2163; x_wconf 74' lang='lat' dir='ltr'><strong>prefecti</strong></span> <span class='ocrx_word' id='word_1_200' title='bbox 548 2089 630 2144; x_wconf 89' lang='lat' dir='ltr'><strong>urbis.</strong></span> <span class='ocrx_word' id='word_1_201' title='bbox 643 2091 716 2143; x_wconf 82' lang='lat' dir='ltr'><strong>Hora</strong></span> <span class='ocrx_word' id='word_1_202' title='bbox 730 2109 801 2143; x_wconf 82' lang='lat' dir='ltr'><strong>nona</strong></span> <span class='ocrx_word' id='word_1_203' title='bbox 812 2091 886 2164; x_wconf 88' lang='lat' dir='ltr'><strong>epud</strong></span> <span class='ocrx_word' id='word_1_204' title='bbox 899 2105 1002 2148; x_wconf 73' lang='lat' dir='ltr'><strong>veteres</strong></span> <span class='ocrx_word' id='word_1_205' title='bbox 1014 2097 1186 2167; x_wconf 80' lang='lat' dir='ltr'><strong>procurando</strong></span> 
     </span>
     <span class='ocr_line' id='line_1_22' title="bbox 127 2169 1187 2244; baseline 0.004 -18"><span class='ocrx_word' id='word_1_206' title='bbox 127 2175 234 2244; x_wconf 87' lang='lat' dir='ltr'><strong>corpori</strong></span> <span class='ocrx_word' id='word_1_207' title='bbox 245 2171 435 2226; x_wconf 80' lang='lat' dir='ltr'><strong>accommode:</strong></span> <span class='ocrx_word' id='word_1_208' title='bbox 450 2189 534 2241; x_wconf 88' lang='lat' dir='ltr'><strong>qusre</strong></span> <span class='ocrx_word' id='word_1_209' title='bbox 545 2172 626 2222; x_wconf 88' lang='lat' dir='ltr'><strong>etiam</strong></span> <span class='ocrx_word' id='word_1_210' title='bbox 637 2171 687 2222; x_wconf 81' lang='lat' dir='ltr'><strong>riri</strong></span> <span class='ocrx_word' id='word_1_211' title='bbox 697 2169 780 2224; x_wconf 82' lang='lat' dir='ltr'><strong>sobrii</strong></span> <span class='ocrx_word' id='word_1_212' title='bbox 793 2189 824 2223; x_wconf 84' lang='lat' dir='ltr'><strong>es</strong></span> <span class='ocrx_word' id='word_1_213' title='bbox 835 2170 903 2225; x_wconf 84' lang='lat' dir='ltr'><strong>hore</strong></span> <span class='ocrx_word' id='word_1_214' title='bbox 915 2173 948 2225; x_wconf 88' lang='lat' dir='ltr'><strong>ad</strong></span> <span class='ocrx_word' id='word_1_215' title='bbox 959 2191 1061 2227; x_wconf 85' lang='lat' dir='ltr'><strong>coenam</strong></span> <span class='ocrx_word' id='word_1_216' title='bbox 1074 2194 1103 2230; x_wconf 89' lang='lat' dir='ltr'><strong>se</strong></span> <span class='ocrx_word' id='word_1_217' title='bbox 1115 2195 1187 2230; x_wconf 87' lang='lat' dir='ltr'><strong>com-</strong></span> 
     </span>
     <span class='ocr_line' id='line_1_23' title="bbox 126 2241 1185 2324; baseline 0.005 -20"><span class='ocrx_word' id='word_1_218' title='bbox 126 2252 273 2324; x_wconf 89' lang='lat' dir='ltr'><strong>parabant,</strong></span> <span class='ocrx_word' id='word_1_219' title='bbox 286 2264 318 2304; x_wconf 90' lang='lat' dir='ltr'><strong>nt</strong></span> <span class='ocrx_word' id='word_1_220' title='bbox 330 2241 364 2304; x_wconf 83' lang='lat' dir='ltr'><strong>d&#39;e</strong></span> <span class='ocrx_word' id='word_1_221' title='bbox 376 2253 468 2304; x_wconf 82' lang='lat' dir='ltr'><strong>Marco</strong></span> <span class='ocrx_word' id='word_1_222' title='bbox 481 2252 620 2303; x_wconf 80' lang='lat' dir='ltr'><strong>Antonino</strong></span> <span class='ocrx_word' id='word_1_223' title='bbox 632 2261 746 2304; x_wconf 83' lang='lat' dir='ltr'><strong>testetur</strong></span> <span class='ocrx_word' id='word_1_224' title='bbox 757 2251 888 2318; x_wconf 86' lang='lat' dir='ltr'><strong>Galenus,</strong></span> <span class='ocrx_word' id='word_1_225' title='bbox 903 2251 936 2304; x_wconf 89' lang='lat' dir='ltr'><strong>de</strong></span> <span class='ocrx_word' id='word_1_226' title='bbox 948 2253 1088 2307; x_wconf 86' lang='lat' dir='ltr'><strong>Monaohis</strong></span> <span class='ocrx_word' id='word_1_227' title='bbox 1100 2254 1185 2309; x_wconf 81' lang='lat' dir='ltr'><strong>Pelle-</strong></span> 
     </span>
     <span class='ocr_line' id='line_1_24' title="bbox 126 2329 1186 2402; baseline 0.003 -20"><span class='ocrx_word' id='word_1_228' title='bbox 126 2330 201 2396; x_wconf 88' lang='lat' dir='ltr'><strong>dius,</strong></span> <span class='ocrx_word' id='word_1_229' title='bbox 211 2331 378 2402; x_wconf 76' lang='lat' dir='ltr'><strong>Augustinus</strong></span> <span class='ocrx_word' id='word_1_230' title='bbox 387 2329 421 2381; x_wconf 89' lang='lat' dir='ltr'><strong>de</strong></span> <span class='ocrx_word' id='word_1_231' title='bbox 431 2347 467 2382; x_wconf 90' lang='lat' dir='ltr'><strong>se.</strong></span> <span class='ocrx_word' id='word_1_232' title='bbox 479 2329 609 2395; x_wconf 81' lang='lat' dir='ltr'><strong>Aristeas,</strong></span> <span class='ocrx_word' id='word_1_233' title='bbox 620 2330 813 2382; x_wconf 85' lang='lat' dir='ltr'><strong>vetustissimus</strong></span> <span class='ocrx_word' id='word_1_234' title='bbox 821 2331 950 2402; x_wconf 81' lang='lat' dir='ltr'><strong>scriptor,</strong></span> <span class='ocrx_word' id='word_1_235' title='bbox 959 2351 1029 2386; x_wconf 88' lang='lat' dir='ltr'><strong>unus</strong></span> <span class='ocrx_word' id='word_1_236' title='bbox 1039 2334 1133 2385; x_wconf 85' lang='lat' dir='ltr'><strong>eLXX</strong></span> <span class='ocrx_word' id='word_1_237' title='bbox 1142 2337 1186 2386; x_wconf 89' lang='lat' dir='ltr'><strong>ln·</strong></span> 
     </span>
     <span class='ocr_line' id='line_1_25' title="bbox 127 2405 1186 2484; baseline 0.004 -24"><span class='ocrx_word' id='word_1_238' title='bbox 127 2411 290 2484; x_wconf 81' lang='lat' dir='ltr'><strong>terpretibns</strong></span> <span class='ocrx_word' id='word_1_239' title='bbox 299 2434 305 2464; x_wconf 86' lang='lat'><strong>:</strong></span> <span class='ocrx_word' id='word_1_240' title='bbox 311 2407 383 2480; x_wconf 65' lang='grc' dir='ltr'><em>μα’ῃι</em></span> <span class='ocrx_word' id='word_1_241' title='bbox 389 2407 432 2476; x_wconf 72' lang='lat' dir='ltr'><strong>pir</strong></span> <span class='ocrx_word' id='word_1_242' title='bbox 441 2408 500 2478; x_wconf 70' lang='lat' dir='ltr'><strong>ripae</strong></span> <span class='ocrx_word' id='word_1_243' title='bbox 510 2405 603 2465; x_wconf 76' lang='lat' dir='ltr'><strong>s’sse‘trtt</strong></span> <span class='ocrx_word' id='word_1_244' title='bbox 615 2405 649 2460; x_wconf 77' lang='lat' dir='ltr'><strong>ed</strong></span> <span class='ocrx_word' id='word_1_245' title='bbox 659 2407 700 2464; x_wconf 72' lang='lat' dir='ltr'><strong>siis</strong></span> <span class='ocrx_word' id='word_1_246' title='bbox 711 2409 827 2478; x_wconf 75' lang='lat' dir='ltr'><strong>ovssdps&#39;os</strong></span> <span class='ocrx_word' id='word_1_247' title='bbox 837 2409 934 2476; x_wconf 71' lang='lat' dir='ltr'><strong>ipirseo·</strong></span> <span class='ocrx_word' id='word_1_248' title='bbox 940 2409 1006 2477; x_wconf 67' lang='lat' dir='ltr'><strong>patrii</strong></span> <span class='ocrx_word' id='word_1_249' title='bbox 1015 2409 1125 2466; x_wconf 70' lang='lat' dir='ltr'><strong>diieire</strong></span> <span class='ocrx_word' id='word_1_250' title='bbox 1133 2413 1186 2484; x_wconf 67' lang='grc' dir='ltr'><strong>περὶ</strong></span> 
     </span>
     <span class='ocr_line' id='line_1_26' title="bbox 130 2486 1185 2560; baseline 0.003 -16"><span class='ocrx_word' id='word_1_251' title='bbox 130 2487 172 2544; x_wconf 76' lang='lat' dir='ltr'><strong>eir</strong></span> <span class='ocrx_word' id='word_1_252' title='bbox 185 2494 227 2544; x_wconf 74' lang='lat' dir='ltr'><strong>esi</strong></span> <span class='ocrx_word' id='word_1_253' title='bbox 240 2489 345 2556; x_wconf 71' lang='grc' dir='ltr'><strong><em>σιῖμπς</em></strong></span> <span class='ocrx_word' id='word_1_254' title='bbox 358 2491 488 2560; x_wconf 67' lang='grc' dir='ltr'><strong>θεραπείαν</strong></span> <span class='ocrx_word' id='word_1_255' title='bbox 498 2486 621 2543; x_wconf 72' lang='lat' dir='ltr'><strong>demissis</strong></span> <span class='ocrx_word' id='word_1_256' title='bbox 633 2489 772 2555; x_wconf 65' lang='lat' dir='ltr'><strong>ylpssedm.</strong></span> <span class='ocrx_word' id='word_1_257' title='bbox 784 2519 819 2536; x_wconf 76' lang='lat'>-</span> <span class='ocrx_word' id='word_1_258' title='bbox 830 2489 946 2556; x_wconf 89' lang='lat' dir='ltr'><strong>Quidam</strong></span> <span class='ocrx_word' id='word_1_259' title='bbox 956 2493 1093 2544; x_wconf 62' lang='lat' dir='ltr'><strong>renonum</strong></span> <span class='ocrx_word' id='word_1_260' title='bbox 1103 2495 1185 2548; x_wconf 86' lang='lat' dir='ltr'><strong>fuisse</strong></span> 
     </span>
     <span class='ocr_line' id='line_1_27' title="bbox 131 2571 1184 2644; baseline 0.004 -20"><span class='ocrx_word' id='word_1_261' title='bbox 131 2573 227 2626; x_wconf 84' lang='lat' dir='ltr'><strong>volunt</strong></span> <span class='ocrx_word' id='word_1_262' title='bbox 243 2575 405 2626; x_wconf 82' lang='lat' dir='ltr'><strong>meretricem</strong></span> <span class='ocrx_word' id='word_1_263' title='bbox 420 2571 563 2644; x_wconf 83' lang='lat' dir='ltr'><strong>qnamdam</strong></span> <span class='ocrx_word' id='word_1_264' title='bbox 577 2584 642 2623; x_wconf 88' lang='lat' dir='ltr'><strong>tnnc</strong></span> <span class='ocrx_word' id='word_1_265' title='bbox 660 2573 786 2642; x_wconf 89' lang='lat' dir='ltr'><strong>temporis</strong></span> <span class='ocrx_word' id='word_1_266' title='bbox 803 2573 986 2639; x_wconf 90' lang='lat' dir='ltr'><strong>notissimam,</strong></span> <span class='ocrx_word' id='word_1_267' title='bbox 1002 2575 1040 2626; x_wconf 87' lang='lat' dir='ltr'><strong>sic</strong></span> <span class='ocrx_word' id='word_1_268' title='bbox 1055 2572 1153 2627; x_wconf 85' lang='lat' dir='ltr'><strong>dictum</strong></span> <span class='ocrx_word' id='word_1_269' title='bbox 1167 2596 1184 2628; x_wconf 89' lang='lat' dir='ltr'><strong>a</strong></span> 
     </span>
     <span class='ocr_line' id='line_1_28' title="bbox 129 2649 1185 2724; baseline 0 -18"><span class='ocrx_word' id='word_1_270' title='bbox 129 2653 219 2715; x_wconf 81' lang='lat' dir='ltr'><strong>nonis,</strong></span> <span class='ocrx_word' id='word_1_271' title='bbox 236 2672 293 2724; x_wconf 84' lang='lat' dir='ltr'><strong>qute</strong></span> <span class='ocrx_word' id='word_1_272' title='bbox 306 2655 375 2705; x_wconf 87' lang='lat' dir='ltr'><strong>inter</strong></span> <span class='ocrx_word' id='word_1_273' title='bbox 387 2653 517 2704; x_wconf 77' lang='lat' dir='ltr'><strong>infaustos</strong></span> <span class='ocrx_word' id='word_1_274' title='bbox 532 2651 587 2704; x_wconf 86' lang='lat' dir='ltr'><strong>dies</strong></span> <span class='ocrx_word' id='word_1_275' title='bbox 607 2649 793 2703; x_wconf 85' lang='lat' dir='ltr'><strong>censebantur.</strong></span> <span class='ocrx_word' id='word_1_276' title='bbox 811 2649 932 2702; x_wconf 85' lang='lat' dir='ltr'><strong>Macrob.</strong></span> <span class='ocrx_word' id='word_1_277' title='bbox 948 2649 994 2702; x_wconf 89' lang='lat' dir='ltr'><strong>lib.</strong></span> <span class='ocrx_word' id='word_1_278' title='bbox 1013 2655 1032 2704; x_wconf 88' lang='grc' dir='ltr'><strong>Ι.</strong></span> <span class='ocrx_word' id='word_1_279' title='bbox 1052 2651 1139 2704; x_wconf 86' lang='lat' dir='ltr'><strong>Minus</strong></span> <span class='ocrx_word' id='word_1_280' title='bbox 1153 2672 1185 2707; x_wconf 90' lang='lat' dir='ltr'><strong>ea</strong></span> 
     </span>
     <span class='ocr_line' id='line_1_29' title="bbox 128 2725 1185 2806; baseline 0 -23"><span class='ocrx_word' id='word_1_281' title='bbox 128 2730 194 2784; x_wconf 89' lang='lat' dir='ltr'><strong>mibi</strong></span> <span class='ocrx_word' id='word_1_282' title='bbox 208 2731 340 2805; x_wconf 89' lang='lat' dir='ltr'><strong>probatur</strong></span> <span class='ocrx_word' id='word_1_283' title='bbox 353 2730 547 2800; x_wconf 87' lang='lat' dir='ltr'><strong>interpretatio.</strong></span> <span class='ocrx_word' id='word_1_284' title='bbox 562 2757 599 2768; x_wconf 90' lang='grc'><strong>--</strong></span> <span class='ocrx_word' id='word_1_285' title='bbox 610 2728 721 2780; x_wconf 81' lang='lat' dir='ltr'><strong>Barbam</strong></span> <span class='ocrx_word' id='word_1_286' title='bbox 731 2727 820 2780; x_wconf 86' lang='lat' dir='ltr'><strong>vellat.</strong></span> <span class='ocrx_word' id='word_1_287' title='bbox 832 2725 874 2779; x_wconf 88' lang='lat' dir='ltr'><strong>Sic</strong></span> <span class='ocrx_word' id='word_1_288' title='bbox 882 2728 977 2782; x_wconf 82' lang='lat' dir='ltr'><strong>iecisse</strong></span> <span class='ocrx_word' id='word_1_289' title='bbox 988 2731 1103 2801; x_wconf 74' lang='lat' dir='ltr'><strong>Diogeni</strong></span> <span class='ocrx_word' id='word_1_290' title='bbox 1114 2731 1185 2806; x_wconf 75' lang='lat' dir='ltr'><strong>Lay-</strong></span> 
     </span>
     <span class='ocr_line' id='line_1_30' title="bbox 130 2806 1184 2880; baseline 0 -16"><span class='ocrx_word' id='word_1_291' title='bbox 130 2811 191 2864; x_wconf 88' lang='lat' dir='ltr'><strong>dem</strong></span> <span class='ocrx_word' id='word_1_292' title='bbox 205 2824 319 2865; x_wconf 85' lang='lat' dir='ltr'><strong>testatur</strong></span> <span class='ocrx_word' id='word_1_293' title='bbox 331 2809 490 2876; x_wconf 72' lang='lat' dir='ltr'><strong>Athenaeus,</strong></span> <span class='ocrx_word' id='word_1_294' title='bbox 504 2808 550 2862; x_wconf 90' lang='lat' dir='ltr'><strong>lib.</strong></span> <span class='ocrx_word' id='word_1_295' title='bbox 565 2810 635 2861; x_wconf 83' lang='lat' dir='ltr'><strong>Xln.</strong></span> <span class='ocrx_word' id='word_1_296' title='bbox 652 2810 768 2880; x_wconf 71' lang='lat' dir='ltr'><strong>insignia</strong></span> <span class='ocrx_word' id='word_1_297' title='bbox 780 2819 854 2860; x_wconf 89' lang='lat' dir='ltr'><strong>erant</strong></span> <span class='ocrx_word' id='word_1_298' title='bbox 867 2806 1092 2880; x_wconf 89' lang='lat' dir='ltr'><strong>philosophorum</strong></span> <span class='ocrx_word' id='word_1_299' title='bbox 1106 2811 1184 2865; x_wconf 79' lang='lat' dir='ltr'><strong>tarta</strong></span> 
     </span>
     <span class='ocr_line' id='line_1_31' title="bbox 131 2886 1182 2963; baseline 0.001 -19"><span class='ocrx_word' id='word_1_300' title='bbox 131 2905 158 2944; x_wconf 89' lang='lat' dir='ltr'><strong>et</strong></span> <span class='ocrx_word' id='word_1_301' title='bbox 168 2892 294 2962; x_wconf 82' lang='lat' dir='ltr'><strong>pellium,</strong></span> <span class='ocrx_word' id='word_1_302' title='bbox 311 2893 446 2963; x_wconf 73' lang='lat' dir='ltr'><strong>precipue</strong></span> <span class='ocrx_word' id='word_1_303' title='bbox 459 2890 629 2960; x_wconf 77' lang='lat' dir='ltr'><strong>Cynicorum,</strong></span> <span class='ocrx_word' id='word_1_304' title='bbox 646 2890 692 2960; x_wconf 85' lang='lat' dir='ltr'><strong>qui</strong></span> <span class='ocrx_word' id='word_1_305' title='bbox 702 2889 813 2940; x_wconf 82' lang='lat' dir='ltr'><strong>fuerunt</strong></span> <span class='ocrx_word' id='word_1_306' title='bbox 825 2886 993 2960; x_wconf 74' lang='lat' dir='ltr'><strong>neglectioris</strong></span> <span class='ocrx_word' id='word_1_307' title='bbox 1005 2888 1121 2943; x_wconf 77' lang='lat' dir='ltr'><strong>habitus.</strong></span> <span class='ocrx_word' id='word_1_308' title='bbox 1136 2894 1182 2945; x_wconf 89' lang='lat' dir='ltr'><strong>lsti</strong></span> 
     </span>
     <span class='ocr_line' id='line_1_32' title="bbox 129 2967 1182 3045; baseline 0.002 -21"><span class='ocrx_word' id='word_1_309' title='bbox 129 2989 190 3024; x_wconf 76' lang='lat' dir='ltr'><strong>vero</strong></span> <span class='ocrx_word' id='word_1_310' title='bbox 207 2990 291 3045; x_wconf 90' lang='lat' dir='ltr'><strong>quum</strong></span> <span class='ocrx_word' id='word_1_311' title='bbox 308 2972 336 3022; x_wconf 92' lang='lat' dir='ltr'><strong>in</strong></span> <span class='ocrx_word' id='word_1_312' title='bbox 352 2970 491 3042; x_wconf 91' lang='lat' dir='ltr'><strong>publicum</strong></span> <span class='ocrx_word' id='word_1_313' title='bbox 506 2967 660 3043; x_wconf 89' lang='lat' dir='ltr'><strong>prodirent,</strong></span> <span class='ocrx_word' id='word_1_314' title='bbox 678 2967 745 3020; x_wconf 85' lang='lat' dir='ltr'><strong>alius</strong></span> <span class='ocrx_word' id='word_1_315' title='bbox 763 2985 809 3020; x_wconf 88' lang='lat' dir='ltr'><strong>eos</strong></span> <span class='ocrx_word' id='word_1_316' title='bbox 828 2985 912 3020; x_wconf 81' lang='lat' dir='ltr'><strong>sanna</strong></span> <span class='ocrx_word' id='word_1_317' title='bbox 928 2969 1094 3040; x_wconf 78' lang='lat' dir='ltr'><strong>excipiebat,</strong></span> <span class='ocrx_word' id='word_1_318' title='bbox 1115 2969 1182 3026; x_wconf 85' lang='lat' dir='ltr'><strong>elius</strong></span> 
     </span>
     <span class='ocr_line' id='line_1_33' title="bbox 129 3045 1182 3115; baseline -0.001 -12"><span class='ocrx_word' id='word_1_319' title='bbox 129 3053 277 3103; x_wconf 75' lang='lat' dir='ltr'><strong>convicium</strong></span> <span class='ocrx_word' id='word_1_320' title='bbox 289 3050 420 3115; x_wconf 77' lang='lat' dir='ltr'><strong>iaciebat,</strong></span> <span class='ocrx_word' id='word_1_321' title='bbox 432 3049 498 3102; x_wconf 81' lang='lat' dir='ltr'><strong>elius</strong></span> <span class='ocrx_word' id='word_1_322' title='bbox 511 3060 610 3100; x_wconf 85' lang='lat' dir='ltr'><strong>vestem</strong></span> <span class='ocrx_word' id='word_1_323' title='bbox 622 3045 758 3114; x_wconf 86' lang='lat' dir='ltr'><strong>trahebat,</strong></span> <span class='ocrx_word' id='word_1_324' title='bbox 769 3047 835 3099; x_wconf 88' lang='lat' dir='ltr'><strong>alius</strong></span> <span class='ocrx_word' id='word_1_325' title='bbox 848 3046 953 3098; x_wconf 74' lang='lat' dir='ltr'><strong>barbam</strong></span> <span class='ocrx_word' id='word_1_326' title='bbox 966 3046 1122 3114; x_wconf 79' lang='lat' dir='ltr'><strong>vellicabat,</strong></span> <span class='ocrx_word' id='word_1_327' title='bbox 1135 3065 1182 3102; x_wconf 85' lang='lat' dir='ltr'><strong>sut</strong></span> 
     </span>
     <span class='ocr_line' id='line_1_34' title="bbox 128 3127 1180 3205; baseline -0.003 -19"><span class='ocrx_word' id='word_1_328' title='bbox 128 3133 179 3186; x_wconf 86' lang='lat' dir='ltr'><strong>alio</strong></span> <span class='ocrx_word' id='word_1_329' title='bbox 189 3133 287 3205; x_wconf 72' lang='lat' dir='ltr'><strong>quovis</strong></span> <span class='ocrx_word' id='word_1_330' title='bbox 298 3131 381 3184; x_wconf 90' lang='lat' dir='ltr'><strong>modo</strong></span> <span class='ocrx_word' id='word_1_331' title='bbox 392 3129 520 3184; x_wconf 90' lang='lat' dir='ltr'><strong>molestus</strong></span> <span class='ocrx_word' id='word_1_332' title='bbox 532 3143 596 3182; x_wconf 87' lang='lat' dir='ltr'><strong>erat.</strong></span> <span class='ocrx_word' id='word_1_333' title='bbox 607 3129 719 3182; x_wconf 78' lang='lat' dir='ltr'><strong>Summe</strong></span> <span class='ocrx_word' id='word_1_334' title='bbox 731 3141 818 3180; x_wconf 82' lang='lat' dir='ltr'><strong>cutem</strong></span> <span class='ocrx_word' id='word_1_335' title='bbox 829 3127 880 3180; x_wconf 84' lang='lat' dir='ltr'><strong>fuit</strong></span> <span class='ocrx_word' id='word_1_336' title='bbox 891 3129 994 3200; x_wconf 76' lang='lat' dir='ltr'><strong>injurie</strong></span> <span class='ocrx_word' id='word_1_337' title='bbox 1008 3129 1111 3182; x_wconf 83' lang='lat' dir='ltr'><strong>barbam</strong></span> <span class='ocrx_word' id='word_1_338' title='bbox 1119 3131 1180 3183; x_wconf 83' lang='lat' dir='ltr'><strong>&#39;vel-</strong></span> 
     </span>
     <span class='ocr_line' id='line_1_35' title="bbox 130 3204 1180 3286; baseline -0.001 -20"><span class='ocrx_word' id='word_1_339' title='bbox 130 3211 219 3274; x_wconf 75' lang='lat' dir='ltr'><strong>lt&#39;ccre5</strong></span> <span class='ocrx_word' id='word_1_340' title='bbox 231 3213 306 3266; x_wconf 87' lang='lat' dir='ltr'><strong>unde</strong></span> <span class='ocrx_word' id='word_1_341' title='bbox 319 3211 489 3286; x_wconf 82' lang='lat' dir='ltr'><strong>proverbium</strong></span> <span class='ocrx_word' id='word_1_342' title='bbox 502 3210 535 3263; x_wconf 86' lang='lat' dir='ltr'><strong>de</strong></span> <span class='ocrx_word' id='word_1_343' title='bbox 549 3213 623 3262; x_wconf 91' lang='lat' dir='ltr'><strong>omni</strong></span> <span class='ocrx_word' id='word_1_344' title='bbox 634 3221 790 3282; x_wconf 85' lang='lat' dir='ltr'><strong>contemptu</strong></span> <span class='ocrx_word' id='word_1_345' title='bbox 800 3206 839 3263; x_wconf 76' lang='lat' dir='ltr'><strong>ris</strong></span> <span class='ocrx_word' id='word_1_346' title='bbox 854 3204 959 3276; x_wconf 68' lang='lat' dir='ltr'><strong>ccipere</strong></span> <span class='ocrx_word' id='word_1_347' title='bbox 970 3209 1067 3272; x_wconf 69' lang='lat' dir='ltr'><strong>rimor,</strong></span> <span class='ocrx_word' id='word_1_348' title='bbox 1082 3209 1138 3278; x_wconf 80' lang='lat' dir='ltr'><strong>vel,</strong></span> <span class='ocrx_word' id='word_1_349' title='bbox 1149 3226 1180 3265; x_wconf 91' lang='lat' dir='ltr'><strong>ut</strong></span> 
     </span>
     <span class='ocr_line' id='line_1_36' title="bbox 129 3287 1180 3368; baseline -0.001 -22"><span class='ocrx_word' id='word_1_350' title='bbox 129 3293 245 3368; x_wconf 85' lang='lat' dir='ltr'><strong>loquitur</strong></span> <span class='ocrx_word' id='word_1_351' title='bbox 256 3293 394 3360; x_wconf 81' lang='lat' dir='ltr'><strong>Julianus,</strong></span> <span class='ocrx_word' id='word_1_352' title='bbox 407 3291 502 3361; x_wconf 57' lang='lat' dir='ltr'><strong>tii&#39;piKetr</strong></span> <span class='ocrx_word' id='word_1_353' title='bbox 517 3288 601 3348; x_wconf 77' lang='lat' dir='ltr'><strong>eiectis</strong></span> <span class='ocrx_word' id='word_1_354' title='bbox 614 3287 654 3342; x_wconf 72' lang='lat' dir='ltr'><strong>iel</strong></span> <span class='ocrx_word' id='word_1_355' title='bbox 666 3289 709 3343; x_wconf 68' lang='lat' dir='ltr'><strong>rori</strong></span> <span class='ocrx_word' id='word_1_356' title='bbox 718 3290 805 3358; x_wconf 55' lang='grc' dir='ltr'><em>νηίου</em></span> <span class='ocrx_word' id='word_1_357' title='bbox 816 3289 915 3359; x_wconf 57' lang='grc' dir='ltr'><strong>τρίχα,</strong></span> <span class='ocrx_word' id='word_1_358' title='bbox 929 3303 956 3344; x_wconf 80' lang='lat' dir='ltr'><strong>el</strong></span> <span class='ocrx_word' id='word_1_359' title='bbox 971 3289 1043 3364; x_wconf 79' lang='lat' dir='ltr'><strong>uputl</strong></span> <span class='ocrx_word' id='word_1_360' title='bbox 1055 3291 1180 3359; x_wconf 78' lang='lat' dir='ltr'><strong>Latinos,</strong></span> 
     </span>
     <span class='ocr_line' id='line_1_37' title="bbox 130 3369 905 3442; baseline -0.008 -16"><span class='ocrx_word' id='word_1_361' title='bbox 130 3373 233 3426; x_wconf 77' lang='lat' dir='ltr'><strong>borbum</strong></span> <span class='ocrx_word' id='word_1_362' title='bbox 245 3372 329 3426; x_wconf 81' lang='lat' dir='ltr'><strong>alicui</strong></span> <span class='ocrx_word' id='word_1_363' title='bbox 340 3371 442 3425; x_wconf 83' lang='lat' dir='ltr'><strong>vellere.</strong></span> <span class='ocrx_word' id='word_1_364' title='bbox 457 3372 506 3424; x_wconf 90' lang='lat' dir='ltr'><strong>Cui</strong></span> <span class='ocrx_word' id='word_1_365' title='bbox 518 3369 602 3424; x_wconf 82' lang='lat' dir='ltr'><strong>simile</strong></span> <span class='ocrx_word' id='word_1_366' title='bbox 614 3372 642 3423; x_wconf 93' lang='lat' dir='ltr'><strong>in</strong></span> <span class='ocrx_word' id='word_1_367' title='bbox 651 3371 688 3436; x_wconf 89' lang='lat'><strong>11,</strong></span> <span class='ocrx_word' id='word_1_368' title='bbox 702 3371 748 3424; x_wconf 75' lang='lat'><strong>28.</strong></span> <span class='ocrx_word' id='word_1_369' title='bbox 762 3369 796 3421; x_wconf 90' lang='lat' dir='ltr'><strong>de</strong></span> <span class='ocrx_word' id='word_1_370' title='bbox 807 3369 905 3442; x_wconf 88' lang='lat' dir='ltr'><strong>impio:</strong></span> 
     </span>
    </p>
   </div>
   <div class='ocr_carea' id='block_1_8' title="bbox 281 3455 848 3583">
    <p class='ocr_par' dir='ltr' id='par_1_8' title="bbox 281 3455 848 3583">
     <span class='ocr_line' id='line_1_38' title="bbox 281 3455 848 3568; baseline -0.007 -65"><span class='ocrx_word' id='word_1_371' title='bbox 281 3519 286 3532; x_wconf 40' lang='lat'><strong><em>¹</em></strong></span> <span class='ocrx_word' id='word_1_372' title='bbox 331 3455 848 3568; x_wconf 57' lang='lat' dir='ltr'><strong>ptumorotimmprsbesubiveueretartaa</strong></span> 
     </span>
     <span class='ocr_line' id='line_1_39' title="bbox 345 3524 428 3583; baseline 0 -15"><span class='ocrx_word' id='word_1_373' title='bbox 345 3524 428 3583; x_wconf 80' lang='lat' dir='ltr'><strong>npitert</strong></span> 
     </span>
    </p>
   </div>
   <div class='ocr_carea' id='block_1_9' title="bbox 132 3667 1180 4141">
    <p class='ocr_par' dir='ltr' id='par_1_9' title="bbox 132 3667 1180 4141">
     <span class='ocr_line' id='line_1_40' title="bbox 163 3667 1179 3744; baseline -0.003 -19"><span class='ocrx_word' id='word_1_374' title='bbox 163 3675 231 3726; x_wconf 81' lang='lat' dir='ltr'><strong>Nor.</strong></span> <span class='ocrx_word' id='word_1_375' title='bbox 256 3673 315 3740; x_wconf 66' lang='lat'><strong>¹34·</strong></span> <span class='ocrx_word' id='word_1_376' title='bbox 330 3671 380 3725; x_wconf 81' lang='lat' dir='ltr'><strong>His</strong></span> <span class='ocrx_word' id='word_1_377' title='bbox 393 3688 471 3722; x_wconf 82' lang='lat' dir='ltr'><strong>mane</strong></span> <span class='ocrx_word' id='word_1_378' title='bbox 481 3670 607 3738; x_wconf 82' lang='lat' dir='ltr'><strong>edietum,</strong></span> <span class='ocrx_word' id='word_1_379' title='bbox 619 3679 678 3744; x_wconf 84' lang='lat' dir='ltr'><strong>post</strong></span> <span class='ocrx_word' id='word_1_380' title='bbox 689 3668 801 3741; x_wconf 81' lang='lat' dir='ltr'><strong>prandio</strong></span> <span class='ocrx_word' id='word_1_381' title='bbox 816 3667 966 3721; x_wconf 79' lang='lat' dir='ltr'><strong>Callirhoen</strong></span> <span class='ocrx_word' id='word_1_382' title='bbox 981 3667 1023 3719; x_wconf 87' lang='lat' dir='ltr'><strong>do.</strong></span> <span class='ocrx_word' id='word_1_383' title='bbox 1037 3697 1074 3707; x_wconf 90' lang='grc'>-</span> <span class='ocrx_word' id='word_1_384' title='bbox 1087 3669 1179 3723; x_wconf 88' lang='lat' dir='ltr'><strong>Studia</strong></span> 
     </span>
     <span class='ocr_line' id='line_1_41' title="bbox 132 3746 1179 3824; baseline -0.004 -20"><span class='ocrx_word' id='word_1_385' title='bbox 132 3771 219 3804; x_wconf 89' lang='lat' dir='ltr'><strong>eorum</strong></span> <span class='ocrx_word' id='word_1_386' title='bbox 232 3752 357 3823; x_wconf 84' lang='lat' dir='ltr'><strong>exponit,</strong></span> <span class='ocrx_word' id='word_1_387' title='bbox 370 3749 468 3824; x_wconf 66' lang='lat' dir='ltr'><strong>quibus</strong></span> <span class='ocrx_word' id='word_1_388' title='bbox 478 3751 617 3803; x_wconf 86' lang='lat' dir='ltr'><strong>satirarum</strong></span> <span class='ocrx_word' id='word_1_389' title='bbox 627 3767 735 3802; x_wconf 86' lang='lat' dir='ltr'><strong>suarum</strong></span> <span class='ocrx_word' id='word_1_390' title='bbox 745 3747 858 3800; x_wconf 89' lang='lat' dir='ltr'><strong>lectione</strong></span> <span class='ocrx_word' id='word_1_391' title='bbox 868 3746 1048 3818; x_wconf 89' lang='lat' dir='ltr'><strong>superioribus</strong></span> <span class='ocrx_word' id='word_1_392' title='bbox 1057 3747 1179 3802; x_wconf 79' lang='lat' dir='ltr'><strong>versibus</strong></span> 
     </span>
     <span class='ocr_line' id='line_1_42' title="bbox 133 3827 1180 3898; baseline -0.002 -16"><span class='ocrx_word' id='word_1_393' title='bbox 133 3832 270 3885; x_wconf 87' lang='lat' dir='ltr'><strong>interdixit.</strong></span> <span class='ocrx_word' id='word_1_394' title='bbox 285 3833 331 3882; x_wconf 83' lang='lat' dir='ltr'><strong>Ait</strong></span> <span class='ocrx_word' id='word_1_395' title='bbox 340 3833 404 3884; x_wconf 89' lang='lat' dir='ltr'><strong>istos</strong></span> <span class='ocrx_word' id='word_1_396' title='bbox 416 3829 470 3882; x_wconf 87' lang='lat' dir='ltr'><strong>duo</strong></span> <span class='ocrx_word' id='word_1_397' title='bbox 482 3829 568 3883; x_wconf 88' lang='lat' dir='ltr'><strong>solum</strong></span> <span class='ocrx_word' id='word_1_398' title='bbox 585 3846 705 3894; x_wconf 88' lang='lat' dir='ltr'><strong>curasse,</strong></span> <span class='ocrx_word' id='word_1_399' title='bbox 719 3827 802 3880; x_wconf 82' lang='lat' dir='ltr'><strong>edicta</strong></span> <span class='ocrx_word' id='word_1_400' title='bbox 813 3845 909 3897; x_wconf 89' lang='lat' dir='ltr'><strong>nempe</strong></span> <span class='ocrx_word' id='word_1_401' title='bbox 924 3827 1043 3897; x_wconf 81' lang='lat' dir='ltr'><strong>proetoris</strong></span> <span class='ocrx_word' id='word_1_402' title='bbox 1056 3827 1097 3879; x_wconf 82' lang='lat' dir='ltr'><strong>vel</strong></span> <span class='ocrx_word' id='word_1_403' title='bbox 1108 3827 1180 3898; x_wconf 87' lang='lat' dir='ltr'><strong>judi·</strong></span> 
     </span>
     <span class='ocr_line' id='line_1_43' title="bbox 136 3906 1177 3986; baseline -0.006 -22"><span class='ocrx_word' id='word_1_404' title='bbox 136 3913 186 3978; x_wconf 85' lang='lat' dir='ltr'><strong>cia,</strong></span> <span class='ocrx_word' id='word_1_405' title='bbox 198 3927 223 3966; x_wconf 87' lang='lat' dir='ltr'><strong>et</strong></span> <span class='ocrx_word' id='word_1_406' title='bbox 234 3913 393 3986; x_wconf 81' lang='lat' dir='ltr'><strong>lupanaris;</strong></span> <span class='ocrx_word' id='word_1_407' title='bbox 408 3930 466 3984; x_wconf 85' lang='lat' dir='ltr'><strong>quae</strong></span> <span class='ocrx_word' id='word_1_408' title='bbox 479 3929 507 3964; x_wconf 88' lang='lat' dir='ltr'><strong>se</strong></span> <span class='ocrx_word' id='word_1_409' title='bbox 518 3909 569 3964; x_wconf 83' lang='lat' dir='ltr'><strong>illis</strong></span> <span class='ocrx_word' id='word_1_410' title='bbox 581 3910 745 3982; x_wconf 84' lang='lat' dir='ltr'><strong>relinquere,</strong></span> <span class='ocrx_word' id='word_1_411' title='bbox 761 3909 866 3962; x_wconf 81' lang='lat' dir='ltr'><strong>satirice</strong></span> <span class='ocrx_word' id='word_1_412' title='bbox 881 3906 1005 3960; x_wconf 88' lang='lat' dir='ltr'><strong>ostendit.</strong></span> <span class='ocrx_word' id='word_1_413' title='bbox 1018 3936 1054 3948; x_wconf 88' lang='lat'><em>-</em></span> <span class='ocrx_word' id='word_1_414' title='bbox 1064 3907 1127 3973; x_wconf 84' lang='lat' dir='ltr'><strong>His,</strong></span> <span class='ocrx_word' id='word_1_415' title='bbox 1139 3925 1177 3960; x_wconf 88' lang='lat' dir='ltr'><strong>so.</strong></span> 
     </span>
     <span class='ocr_line' id='line_1_44' title="bbox 135 3985 1179 4064; baseline -0.006 -21"><span class='ocrx_word' id='word_1_416' title='bbox 135 3991 319 4046; x_wconf 84' lang='lat' dir='ltr'><strong>nebulonibus.</strong></span> <span class='ocrx_word' id='word_1_417' title='bbox 338 4021 375 4034; x_wconf 92' lang='lat'><strong>-·</strong></span> <span class='ocrx_word' id='word_1_418' title='bbox 393 3993 489 4055; x_wconf 65' lang='lat' dir='ltr'><strong>Mam</strong></span> <span class='ocrx_word' id='word_1_419' title='bbox 503 3991 567 4064; x_wconf 82' lang='lat' dir='ltr'><strong>qnia</strong></span> <span class='ocrx_word' id='word_1_420' title='bbox 576 4009 654 4044; x_wconf 83' lang='lat' dir='ltr'><strong>mone</strong></span> <span class='ocrx_word' id='word_1_421' title='bbox 662 3987 765 4063; x_wconf 89' lang='lat' dir='ltr'><strong>judicia</strong></span> <span class='ocrx_word' id='word_1_422' title='bbox 777 3985 950 4055; x_wconf 83' lang='lat' dir='ltr'><strong>exercebant,</strong></span> <span class='ocrx_word' id='word_1_423' title='bbox 966 3995 993 4039; x_wconf 83' lang='lat' dir='ltr'><strong>et</strong></span> <span class='ocrx_word' id='word_1_424' title='bbox 1004 3987 1075 4039; x_wconf 89' lang='lat' dir='ltr'><strong>sicci.</strong></span> <span class='ocrx_word' id='word_1_425' title='bbox 1088 3987 1179 4039; x_wconf 80' lang='lat' dir='ltr'><strong>Horat.</strong></span> 
     </span>
     <span class='ocr_line' id='line_1_45' title="bbox 132 4069 338 4141; baseline 0.005 -18"><span class='ocrx_word' id='word_1_426' title='bbox 132 4069 184 4124; x_wconf 75' lang='lat' dir='ltr'><strong>Sul.</strong></span> <span class='ocrx_word' id='word_1_427' title='bbox 194 4075 229 4140; x_wconf 85' lang='lat' dir='ltr'><strong>ll,</strong></span> <span class='ocrx_word' id='word_1_428' title='bbox 240 4073 273 4141; x_wconf 84' lang='grc'><strong>6,</strong></span> <span class='ocrx_word' id='word_1_429' title='bbox 286 4071 338 4127; x_wconf 78' lang='lat'><strong>35:</strong></span> 
     </span>
    </p>
   </div>
   <div class='ocr_carea' id='block_1_10' title="bbox 578 4139 791 4194">
    <p class='ocr_par' dir='ltr' id='par_1_10' title="bbox 578 4139 791 4194">
     <span class='ocr_line' id='line_1_46' title="bbox 578 4139 791 4194; baseline -0.019 -9"><span class='ocrx_word' id='word_1_430' title='bbox 578 4176 582 4185; x_wconf 92' lang='lat'><strong>.</strong></span> <span class='ocrx_word' id='word_1_431' title='bbox 590 4175 595 4184; x_wconf 95' lang='lat'><strong>.</strong></span> <span class='ocrx_word' id='word_1_432' title='bbox 603 4148 665 4186; x_wconf 73' lang='lat' dir='ltr'><strong>mitte</strong></span> <span class='ocrx_word' id='word_1_433' title='bbox 672 4139 791 4194; x_wconf 71' lang='lat' dir='ltr'><strong>secundom</strong></span> 
     </span>
    </p>
   </div>
   <div class='ocr_carea' id='block_1_11' title="bbox 983 4210 1012 4278">
    <p class='ocr_par' dir='ltr' id='par_1_11' title="bbox 983 4210 1012 4278">
     <span class='ocr_line' id='line_1_47' title="bbox 983 4210 1012 4278; baseline -0.034 0"><span class='ocrx_word' id='word_1_434' title='bbox 983 4210 1012 4278; x_wconf 82' lang='lat'><strong>5.</strong></span> 
     </span>
    </p>
   </div>
   <div class='ocr_carea' id='block_1_12' title="bbox 0 0 1523 4944">
    <p class='ocr_par' dir='ltr' id='par_1_12' title="bbox 0 0 1523 4944">
     <span class='ocr_line' id='line_1_48' title="bbox 0 0 1523 4944; baseline 0 0"><span class='ocrx_word' id='word_1_435' title='bbox 0 0 1523 4944; x_wconf 95' lang='lat' dir='ltr'><strong> </strong></span> 
     </span>
    </p>
   </div>
  </div>
 </body>
</html>
