3116 4934
486 544 713 609 inlustro
738 544 952 610 ιιοιιινιι.
1178 541 1245 634 ⁵69

199 665 283 753 apud
298 665 546 750 Aristophanem.
574 667 757 750 Simpliciter
775 667 906 729 docendi
926 689 1015 729 causa
1031 688 1067 729 ex
1086 668 1191 730 Ennio
1209 671 1244 732 in

198 780 307 850 quarta
319 759 411 848 p‘rimi
423 765 592 827 Satirarum
602 765 776 826 afferuntur
792 765 858 828 haec
872 767 1016 841 Horatio,
1027 767 1088 828 Sat.
1096 764 1133 843 4,
1146 766 1200 828 lib.
1212 771 1243 844 1,

198 887 241 926 νε.
257 866 318 926 60:

355 1035 361 1047 .
374 1035 397 1048 ..
409 1033 416 1047 .
428 1037 434 1049 .
447 1036 453 1047 .
466 1035 471 1046 .
483 1001 608 1063 Postquam
617 1000 729 1048 discordia
738 1013 797 1048 tetra

352 1070 409 1118 nelli
418 1071 515 1119 ferratos
525 1085 615 1134 postet,
625 1085 753 1136 portasque
762 1071 865 1135 refregit.

241 1187 305 1247 103.
317 1189 353 1248 Si
364 1183 484 1247 testiculi
498 1207 572 1247 uena
586 1183 648 1247 uilo
657 1188 775 1269 paterni
790 1188 905 1249 Viveret
919 1187 951 1246 in
966 1183 1070 1246 nobis?
1082 1219 1121 1232 -
1136 1187 1244 1248 Hone-

197 1285 273 1343 stius
285 1285 317 1344 in
330 1284 479 1345 sententia
496 1304 608 1365 parum
622 1282 748 1344 honesta
761 1282 842 1344 idem
861 1283 938 1344 dixit
957 1283 1108 1344 Horatius
1126 1283 1160 1344 in
1171 1283 1245 1360 XV,

197 1381 328 1462 Epodon
340 1403 347 1441 :
359 1382 394 1443 Si
407 1379 479 1464 quid
489 1383 521 1440 in
534 1377 640 1441 Flacco
651 1381 706 1440 viri
718 1391 767 1440 est.

240 1477 305 1538 106.
331 1480 396 1538 Neo
417 1474 548 1559 pluteum
562 1475 646 1537 coedit
662 1496 717 1536 nec
745 1474 888 1537 demorsos
902 1479 981 1559 sapit
1006 1498 1126 1560 uriques.
1145 1511 1185 1524 ·-·
1208 1477 1245 1537 ln

196 1575 253 1637 lib.
269 1578 300 1650 1,
314 1575 374 1635 Sat.
393 1595 446 1651 ιο,
458 1596 500 1636 νε.
516 1597 570 1659 71:

510 1735 517 1748 .
529 1736 535 1749 .
547 1735 555 1749 .
567 1736 573 1751 .
586 1735 592 1748 .
606 1700 649 1748 ‚ln
658 1673 843 1748 tersuiaaiendo

350 1771 416 1835 Seps
425 1782 497 1835 eaput
504 1769 625 1828 scaberet,
637 1773 701 1819 viros
709 1783 733 1819 et
743 1770 839 1818 roderet
847 1784 944 1835 orpes.

240 1886 304 1947 108.
325 1886 355 1947 V
353 1884 412 1962 ide,
424 1889 479 1962 sis,
497 1907 534 1946 ns
543 1880 690 1969 majorum
702 1883 753 1948 tibi
757 1887 839 1972 fimo
851 1887 971 1948 Limina
973 1885 1147 1970 sriqsseunt.
1159 1920 1198 1931 -
1208 1884 1246 1947 ln

196 1981 297 2063 prima
310 1980 365 2043 lib.
378 1983 408 2043 11
422 1983 607 2059 Satirarum,
622 2004 664 2044 νε.
678 1981 714 2042 6ι
728 2004 736 2041 :

352 2148 470 2164 .......
484 2115 567 2164 Metuo
578 2117 695 2180 majoma
703 2131 733 2164 ut
741 2117 794 2180 quis
802 2119 890 2164 amictu

351 2187 446 2251 Frigore
454 2198 477 2235 ts
487 2188 563 2236 ierint.

196 2300 291 2363 ambo
302 2301 341 2364 de
355 2323 388 2365 re
399 2301 506 2364 eadem
525 2302 709 2386 loquuntur.

239 2421 304 2461 ιιι.
321 2401 445 2479 Omnes,
463 2399 534 2462 dnus
547 2405 629 2462 mina
646 2403 723 2462 eritis
737 2421 789 2462 rea.
804 2435 844 2448 ·-
856 2398 1066 2463 Acrostichum
1078 2420 1141 2462 non
1158 2399 1247 2461 dissi·

195 2496 277 2558 milis
289 2499 456 2562 securitatis
467 2511 562 2579 atque
572 2498 649 2559 illud
664 2499 805 2575 Horatii,
819 2499 917 2560 Satira
934 2501 1024 2559 tertia
1041 2498 1113 2559 iibri
1131 2496 1244 2581 primi:

194 2617 283 2676 quum
297 2595 378 2657 dieas
390 2617 448 2657 esse
463 2616 548 2678 pares
561 2616 614 2656 ras.
630 2594 686 2656 Sod
709 2595 862 2656 Persianae
883 2593 1078 2676 negligentiae
1091 2595 1245 2655 rationem

194 2705 309 2753 certam
325 2693 357 2753 in
371 2693 601 2776 Commentario
613 2690 791 2764 attulimus3
804 2691 999 2773 nequeenim
1014 2691 1041 2752 is
1056 2690 1115 2752 fuit
1125 2691 1245 2752 Persius

194 2809 287 2872 quem
303 2791 369 2850 sine
386 2809 478 2850 causa
491 2787 573 2850 male
590 2789 706 2849 tornati
726 2808 830 2850 versus
838 2789 1004 2871 juvarent:
1018 2809 1088 2850 eam
1099 2809 1158 2852 nos
1174 2807 1246 2848 cau·

194 2908 260 2948 sam
272 2889 460 2970 aperuimus.

237 3005 301 3044 rra.
315 2979 492 3066 Hoojuoot?
501 3017 540 3030 -
550 2982 728 3065 Legendum
742 3004 815 3044 cum
826 2986 1070 3066 interrogatione
1082 2981 1246 3046 admonui·

194 3101 282 3158 mus,
301 3097 336 3143 ut
351 3083 384 3142 in
398 3084 499 3164 prima
512 3081 610 3142 Satira
624 3083 745 3142 Horatii
760 3105 768 3143 t

414 3205 775 3270 .......Hoejuratihorum

411 3276 506 3338 Semper
517 3291 561 3337 ego
572 3278 680 3339 optarim.

194 3396 273 3457 ibid.
285 3398 358 3472 Hic,
375 3398 488 3478 inquis,
505 3410 567 3458 ueto
577 3399 818 3482 quisquamfaxit
827 3396 975 3458 oletum...
989 3409 1072 3458 extra
1084 3399 1194 3459 Metire.
1207 3431 1244 3444 -

194 3495 230 3554 lu
242 3494 295 3554 iib.
307 3494 420 3576 primi,
434 3495 532 3554 Satira
547 3496 582 3567 8,
598 3514 641 3553 νε.
655 3494 692 3554 38
706 3516 713 3552 :

350 3679 356 3691 .
368 3680 373 3691 .
385 3679 391 3691 .
404 3679 410 3692 .
420 3647 446 3692 in
457 3661 494 3692 mo
503 3647 581 3693 veniat
591 3647 687 3694 mictum
696 3659 767 3709 atque
776 3657 881 3694 caestum

348 3715 433 3764 Julius.

193 3817 230 3876 ln
246 3820 331 3894 ane,
343 3839 387 3878 νε.
400 3814 478 3901 471:

347 3962 457 4009 Minuerit
466 3964 489 4008 iu
499 3965 587 4026 patrios
597 3965 618 4010 ci
619 3978 694 4010 eeeeee

194 4087 240 4146 De
255 4088 342 4147 omni
356 4090 545 4150 contumelia
556 4097 729 4175 παρειμιακῶς
743 4092 887 4172 usurpari
901 4089 1029 4151 solitum
1045 4104 1181 4174 apparet.

240 4181 304 4258 rii.
318 4186 418 4246 Seouit
434 4186 563 4249 Lucilius
582 4186 697 4263 uidem,
719 4189 759 4248 Te
771 4189 867 4270 Lupe,
891 4201 917 4250 te
934 4190 1024 4250 Muti.
1038 4223 1077 4235 -
1090 4189 1245 4250 Tractavit
