2986 4924
338 445 401 514 166
512 445 666 512 VARlAE
690 441 958 509 LECTIONES
982 445 1042 508 ET
1066 444 1202 510 NOTAE

333 571 415 626 Hem,
428 570 462 616 dis
473 572 538 616 iretis
547 565 671 632 persisque,
687 579 774 614 ete...
789 566 850 614 malo
863 569 885 614 ei
896 567 1011 626 tribuere,
1027 567 1108 630 quide
1122 568 1225 635 Vectidb
1236 566 1376 622 maledicere

333 645 423 705 cupiat,
436 643 523 723 quique
533 657 582 688 non
590 640 658 688 aliam
667 640 698 686 ob
707 655 799 686 causam
808 639 837 686 de
847 655 876 686 eo
884 641 1025 702 interroget,
1037 655 1109 702 quens
1119 651 1146 686 ut
1156 639 1212 702 inde
1223 639 1376 689 maledicendi

334 725 409 760 sumet
420 729 573 760 occasionem.

369 821 436 874 Nor.
458 821 499 875 25.
517 821 667 890 Quoesieris:
689 818 811 872 «Nostin’
831 819 932 872 Vectidi
950 820 1087 891 predia?-
1104 847 1141 859 -
1160 820 1274 890 ancujus?
1290 848 1328 858 ·-
1344 819 1378 869 Ut

333 901 492 972 comprobet
509 920 588 974 quam
607 899 714 951 difficile
734 901 767 950 sit
783 917 839 951 sese
856 901 941 971 ipsum
955 917 1081 965 noscere,
1101 917 1234 972 quamque
1253 900 1336 950 simus
1352 900 1378 949 in

335 981 445 1032 aliorum
466 981 527 1033 vitis
544 979 658 1045 oculati,
677 980 756 1030 affert
772 981 799 1030 in
815 978 962 1050 exemplum
979 998 1036 1050 ques
1053 977 1149 1031 audeat
1165 982 1192 1030 in
1211 979 1326 1032 Vectidii
1341 980 1380 1029 vi·

335 1073 387 1110 tam
395 1078 480 1130 ganeo
488 1059 621 1130 politicus,
630 1061 674 1130 qui
684 1057 734 1110 hnc
743 1071 798 1109 tota
806 1060 882 1110 satira
890 1053 1052 1128 agitatur—
1062 1058 1194 1128 Quaesieris
1199 1081 1208 1119 ‚·
1216 1061 1292 1130 quasi
1302 1056 1380 1110 dixis-

335 1153 374 1191 set
383 1141 471 1210 ,versi
475 1140 559 1212 pratia
565 1137 708 1203 ,eliumsic
715 1138 928 1210 repausem—V
925 1137 1001 1188 ectidi
1007 1139 1232 1208 ;quisnamfuerit
1240 1138 1285 1190 ille
1297 1137 1381 1190 Vecti-

334 1217 403 1283 dim,
413 1219 492 1290 plane
501 1221 648 1289 ignoratur.
659 1219 749 1270 Fuisse
760 1215 862 1268 ridetur
871 1216 951 1268 homo
959 1218 1061 1290 prediis
1070 1217 1235 1289 opulentior,
1243 1219 1289 1290 qui
1300 1217 1380 1286 dege-

333 1311 373 1348 ret
393 1300 419 1349 in
441 1317 505 1368 agro
524 1297 634 1349 Sabino.
659 1295 849 1350 sordidissime
870 1299 948 1348 istum
969 1296 1104 1348 insimulat
1125 1298 1238 1349 avaritiae
1255 1295 1388 1367 politicus
1480 1349 1484 1364 ι

334 1395 420 1448 ganeo
429 1401 436 1439 ;
452 1381 540 1448 potuit
557 1390 644 1428 tamen
662 1395 719 1428 esse
735 1375 902 1428 solummodo
917 1376 956 1426 vir
975 1377 1072 1446 frugis;
1091 1377 1131 1426 vir
1146 1379 1216 1428 enim
1231 1377 1316 1446 frugis
1333 1394 1380 1445 ga-

334 1460 415 1510 neoni
426 1471 451 1508 et
461 1457 574 1528 prodigo
585 1474 680 1508 avarus
689 1456 802 1507 videtur.
812 1457 876 1506 Rem
887 1469 1026 1525 exaggerat
1037 1456 1163 1520 fortasse,
1176 1455 1287 1526 quivult
1300 1456 1383 1509 Vecti-

334 1534 409 1587 dium
421 1536 546 1598 irridere;
562 1538 676 1588 fortasse
693 1549 719 1587 et
731 1536 792 1604 jure
808 1535 905 1599 irrisit„
925 1548 952 1586 et
971 1537 1103 1586 verissima
1122 1549 1151 1586 ut
1167 1534 1280 1587 ridicula
1296 1533 1331 1586 de
1349 1553 1380 1585 eo

334 1617 457 1666 narrarit.
472 1644 508 1656 -
524 1637 535 1661 ι
548 1616 663 1687 Cnjush
680 1614 721 1666 Sic
733 1615 815 1665 refert
827 1616 871 1684 qui
884 1615 1090 1684 interrogatione
1103 1617 1246 1685 appetitur.

369 1727 436 1778 Nor.
458 1729 499 1780 26.
516 1727 615 1784 «Dives
627 1735 686 1778 orat
700 1725 822 1788 Curibus,
835 1737 961 1798 quantum
976 1745 1027 1778 non
1042 1726 1136 1778 miluus
1150 1727 1264 1778 oberret:
1278 1757 1313 1766 -
1326 1727 1382 1778 Cir·

335 1808 499 1858 cumstantiae
514 1820 590 1870 sunt,
608 1804 706 1876 quibus
723 1806 872 1856 innotescat
887 1804 1031 1871 Vectidius,
1045 1803 1078 1854 de
1091 1825 1145 1876 quo
1159 1807 1267 1875 agitur:
1287 1805 1379 1874 Dives,

334 1895 409 1948 arat,
425 1884 496 1956 degit
512 1903 598 1955 prope
617 1886 707 1949 Cures,
724 1881 834 1934 multum
854 1882 971 1954 possidet
990 1901 1121 1952 agrorum.
1138 1912 1174 1922 -
1190 1883 1287 1947 Arare,
1301 1884 1381 1936 latine

335 1981 413 2032 agros
429 1965 582 2035 possidere;
601 1982 721 2036 pascere,
738 1961 837 2015 hebere
849 1982 956 2034 pascua.
974 1961 1053 2014 Aliud
1070 1979 1125 2015 erat
1142 1954 1222 2036 sique
1236 1979 1275 2016 est
1291 1983 1382 2016 curem

336 2041 399 2095 dare
417 2044 545 2108 orationi,
566 2042 638 2095 eliud
657 2045 758 2113 pecori.
773 2073 809 2082 -
825 2043 947 2103 Curibus;
966 2041 1028 2094 urbs
1047 2043 1204 2094 Sabinorum
1226 2045 1300 2097 Cures
1320 2044 1382 2095 olim

335 2122 477 2192 primaria,
491 2123 517 2173 in
530 2141 584 2193 qua
595 2124 670 2173 Titus
681 2123 773 2172 Tatius
786 2119 970 2192 imperitabat,
985 2119 1055 2172 unde
1070 2123 1156 2173 Numa
1170 2121 1316 2192 Pompilius
1333 2123 1383 2172 Ro·

335 2218 405 2251 mam
415 2200 511 2252 dicitur
521 2202 629 2253 accitus.
639 2230 676 2242 -
687 2202 818 2270 Quaestum
831 2217 886 2252 reon
897 2197 991 2252 milvus
1002 2199 1113 2260 oberret,·
1128 2198 1299 2272 hyperbolica
1308 2199 1383 2252 loeu-

336 2281 388 2345 tio,
403 2297 460 2350 ques
475 2282 588 2333 recurrit
600 2295 625 2332 et
641 2277 713 2350 apud
726 2277 847 2330 Juvenal.
863 2279 1047 2347 sat.1X,55:

538 2375 936 2433 Totmdvesinimusspasenaiassos.

336 2458 459 2589 Telstatnr
475 2461 555 2512 etiam
570 2474 645 2512 vetus
663 2459 822 2522 scholiastes
838 2461 920 2519 fuisse
938 2461 966 2512 in
981 2459 1123 2538 proverbio
1140 2482 1147 2512 ι
1164 2473 1294 2534 quautam
1306 2459 1385 2546 milei

337 2555 369 2588 vo
381 2548 436 2588 ant.

372 2655 439 2706 Nor.
457 2672 498 2724 27.
513 2655 614 2706 sHmtc
623 2656 698 2706 ais?-
710 2681 746 2694 »-
757 2676 769 2700 ι
778 2654 872 2718 Hunc,
882 2652 921 2704 dis
930 2653 1001 2704 iratis
1009 2651 1137 2724 genioque
1145 2653 1299 2706 sinistro—
1307 2655 1387 2707 Hune

338 2734 396 2785 eis?
414 2735 499 2801 Rogat
513 2733 704 2802 interrogatus,
722 2747 755 2782 sn
770 2731 802 2781 de
818 2748 849 2781 eo
866 2729 983 2783 Vectidio
997 2748 1083 2802 prope
1100 2731 1178 2784 Cures
1191 2744 1285 2804 agente
1299 2751 1386 2784 sermo

338 2813 392 2864 fiat,
407 2841 443 2851 -
459 2834 470 2856 u
480 2807 572 2876 Hunc,
587 2809 625 2861 dis
640 2809 712 2860 iratis
722 2809 853 2882 qenioque
866 2811 967 2861 sinistro
975 2831 984 2869 ,·
999 2809 1054 2860 lsaec
1066 2810 1146 2862 refert
1159 2813 1204 2883 qui
1217 2812 1251 2863 de
1266 2812 1387 2866 Vectidio

340 2891 470 2944 malitiose
484 2892 559 2962 prior
573 2888 758 2959 interrogavit,
772 2886 960 2961 hominemque
974 2891 1067 2961 incipit
1080 2909 1153 2942 more
1165 2909 1213 2943 suo
1225 2891 1387 2946 describere.

338 2974 379 3024 De
391 2970 472 3042 penio
486 2969 545 3022 vide
558 2987 629 3038 supr.
646 2966 699 3017 Sat.
711 2967 750 3030 11,
769 2966 794 3016 3.
811 2996 848 3006 —
863 2967 934 3019 Strui
947 2966 1008 3018 velit
1024 2969 1188 3021 Britannicus
1204 2969 1242 3023 dis
1256 2971 1332 3023 iratis
1340 2990 1388 3044 pe·

340 3051 436 3122 nisque
446 3049 548 3100 sinistro
560 3066 621 3098 cum
632 3046 678 3117 qui
690 3059 716 3098 et
730 3064 790 3096 cum
804 3047 925 3118 inpertit,
940 3061 968 3098 ut
980 3049 1014 3099 sit
1024 3051 1070 3122 qui
1081 3049 1190 3122 inqemit
1201 3049 1240 3106 dis
1251 3050 1326 3104 iratis
1337 3065 1388 3103 ete.

339 3128 366 3181 h.
381 3149 404 3182 e.
418 3131 464 3200 qui
477 3127 534 3180 litat
548 3128 596 3180 diis
609 3128 681 3178 iratis
695 3140 721 3178 et
733 3129 812 3207 genio
823 3129 924 3187 sinistro
936 3129 1119 3197 ingemiscens.
1134 3130 1216 3182 Paulo
1229 3131 1389 3194 distentiore

340 3209 406 3262 milti
414 3208 537 3260 videntur
545 3205 625 3260 verba
637 3206 747 3281 ingemit
757 3226 789 3259 sc
800 3209 839 3262 dis
850 3209 932 3273 iratis,
945 3221 974 3258 ut
984 3209 1164 3261 construendo
1174 3211 1351 3283 copulentur,
1363 3226 1389 3264 et

341 3287 536 3342 malo'subsudi
548 3287 600 3339 hoe
611 3305 688 3340 versu
701 3299 810 3354 netum,
823 3291 861 3339 uti
872 3301 964 3340 monet
975 3302 1050 3340 retus
1063 3289 1226 3343 scholiastes.

375 3405 441 3456 Nos.
463 3405 505 3456 28.
523 3426 535 3450 ι
547 3405 612 3474 Qui,
624 3403 879 3480 querrdoquejupum
890 3416 994 3478 pertusa
1006 3405 1041 3456 ad
1051 3405 1243 3480 compitufipit.
1253 3437 1291 3451 —
1303 3410 1391 3478 Pergit

339 3483 455 3536 hominis
465 3486 601 3536 avaritiam
610 3484 773 3549 describere,
784 3485 845 3555 qui,
855 3486 895 3538 ris
904 3485 947 3538 die
958 3485 1039 3560 festo,
1050 3503 1117 3554 opus
1126 3487 1319 3551 intermittens,
1330 3505 1391 3537 cum

339 3561 440 3612 familia
456 3561 598 3616 liberaliter
610 3563 673 3616 velit
688 3561 799 3633 epulari.
817 3565 892 3614 Tune
906 3577 1012 3633 quoque
1025 3563 1117 3633 epulas
1130 3566 1186 3632 ejus
1204 3564 1241 3614 ait
1256 3582 1314 3616 esse
1330 3563 1391 3634 pul·

340 3652 431 3690 temet
444 3659 529 3711 crepas
542 3661 601 3692 cum
616 3641 732 3712 pauxillo
747 3653 830 3693 aceto.
846 3640 917 3708 Quid
932 3642 1013 3710 igitur
1027 3642 1083 3692 aliis
1098 3641 1192 3692 diebus
1208 3659 1267 3693 esse
1282 3661 1393 3694 censea-

340 3721 418 3771 mus?
432 3742 444 3765 α
453 3720 572 3772 Obscura
585 3736 636 3787 est,
650 3724 686 3774 sit
697 3722 887 3787 Casaubonus,
903 3721 956 3772 diei
970 3723 1029 3774 festi
1043 3725 1143 3774 notatio
1158 3721 1211 3774 hoc
1223 3741 1303 3775 versu
1319 3742 1394 3775 com-

339 3798 480 3871 prehensa.
492 3800 594 3852 Clarum
606 3815 646 3854 est
656 3803 832 3854 cessationem
843 3801 876 3852 ab
888 3820 967 3872 opere
978 3800 1100 3872 intelligi,
1111 3841 1116 3865 ,
1129 3839 1134 3852 .
1148 3842 1152 3853 .
1163 3801 1292 3853 Nondum
1304 3816 1394 3854 tamen

340 3878 525 3952 intelligimus,
538 3879 603 3951 quid
617 3883 650 3934 sit
662 3880 844 3962 fiperejupum
857 3881 891 3932 od
902 3883 1024 3952 compita.
1039 3881 1089 3934 Sed
1102 3884 1185 3952 tangit
1196 3883 1312 3933 fortasse
1329 3884 1393 3934 Per-

342 3961 395 4011 sius
403 3962 483 4012 ritum
493 3958 608 4033 aliquem
617 3961 851 4033 Compitaliorum,
859 3964 935 4032 cujus
945 3962 1109 4034 ignoratione
1121 3960 1233 4014 obscura
1242 3961 1322 4013 nobis
1332 3973 1395 4014 sunt

339 4040 423 4110 ipsius
433 4040 541 4100 verbam
558 4043 706 4112 Compitum
717 4043 827 4112 proprie
837 4041 1023 4112 quadrivium
1036 4032 1173 4112 quadrivia
1186 4054 1277 4094 sutem
1291 4040 1394 4092 laribus
1485 4085 1486 4108 ,

342 4121 526 4192 Compitalibus
539 4141 612 4178 secra
626 4138 708 4178 eraut.
722 4123 798 4177 Orid.
812 4126 882 4176 Fast.
895 4141 919 4176 v.
934 4122 1243 4191 14038ueton.Augnss
1258 4123 1303 4174 31.
1318 4123 1394 4190 Quo·
