<?xml version="1.0" encoding="UTF-8"?>
<!DOCTYPE html PUBLIC "-//W3C//DTD XHTML 1.0 Transitional//EN"
    "http://www.w3.org/TR/xhtml1/DTD/xhtml1-transitional.dtd">
<html xmlns="http://www.w3.org/1999/xhtml" xml:lang="en" lang="en">
 <head>
  <title>
</title>
<meta http-equiv="Content-Type" content="text/html;charset=utf-8" />
  <meta name='ocr-system' content='tesseract 3.04.00' />
  <meta name='ocr-capabilities' content='ocr_page ocr_carea ocr_par ocr_line ocrx_word'/>
</head>
<body>
  <div class='ocr_page' id='page_1' title='image "./sexdecimsatir00lemagoog_0302.png"; bbox 0 0 3038 4932; ppageno 0'>
   <div class='ocr_carea' id='block_1_1' title="bbox 340 359 1200 433">
    <p class='ocr_par' dir='ltr' id='par_1_1' title="bbox 340 359 1200 433">
     <span class='ocr_line' id='line_1_1' title="bbox 340 359 1200 433; baseline 0.007 -6"><span class='ocrx_word' id='word_1_1' title='bbox 340 359 406 428; x_wconf 83' lang='lat'>286</span> <span class='ocrx_word' id='word_1_2' title='bbox 511 361 664 425; x_wconf 80' lang='lat' dir='ltr'>VAmAE</span> <span class='ocrx_word' id='word_1_3' title='bbox 688 361 956 430; x_wconf 85' lang='lat' dir='ltr'>LECTIONES</span> <span class='ocrx_word' id='word_1_4' title='bbox 979 365 1041 430; x_wconf 82' lang='lat' dir='ltr'>ET</span> <span class='ocrx_word' id='word_1_5' title='bbox 1064 365 1200 433; x_wconf 78' lang='lat' dir='ltr'>NOTAE</span> 
     </span>
    </p>
   </div>
   <div class='ocr_carea' id='block_1_2' title="bbox 336 484 1389 644">
    <p class='ocr_par' dir='ltr' id='par_1_2' title="bbox 336 484 1389 644">
     <span class='ocr_line' id='line_1_2' title="bbox 337 484 1388 565; baseline 0.01 -29"><span class='ocrx_word' id='word_1_6' title='bbox 337 484 469 556; x_wconf 82' lang='lat' dir='ltr'>perforata</span> <span class='ocrx_word' id='word_1_7' title='bbox 487 500 642 554; x_wconf 84' lang='lat' dir='ltr'>suspensum</span> <span class='ocrx_word' id='word_1_8' title='bbox 662 484 690 535; x_wconf 90' lang='lat' dir='ltr'>in</span> <span class='ocrx_word' id='word_1_9' title='bbox 709 485 814 538; x_wconf 84' lang='lat' dir='ltr'>camino</span> <span class='ocrx_word' id='word_1_10' title='bbox 834 485 868 538; x_wconf 80' lang='lat' dir='ltr'>ad</span> <span class='ocrx_word' id='word_1_11' title='bbox 884 487 1002 558; x_wconf 84' lang='lat' dir='ltr'>fumum</span> <span class='ocrx_word' id='word_1_12' title='bbox 1027 490 1137 544; x_wconf 86' lang='lat' dir='ltr'>Ponitur</span> <span class='ocrx_word' id='word_1_13' title='bbox 1157 491 1201 546; x_wconf 82' lang='lat' dir='ltr'>bic</span> <span class='ocrx_word' id='word_1_14' title='bbox 1220 513 1269 565; x_wconf 91' lang='lat' dir='ltr'>pro</span> <span class='ocrx_word' id='word_1_15' title='bbox 1291 493 1338 548; x_wconf 81' lang='lat' dir='ltr'>vili</span> <span class='ocrx_word' id='word_1_16' title='bbox 1359 509 1388 547; x_wconf 84' lang='lat' dir='ltr'>et</span> 
     </span>
     <span class='ocr_line' id='line_1_3' title="bbox 336 564 1389 644; baseline 0.009 -26"><span class='ocrx_word' id='word_1_17' title='bbox 336 565 440 638; x_wconf 81' lang='lat' dir='ltr'>plebeio</span> <span class='ocrx_word' id='word_1_18' title='bbox 451 564 526 627; x_wconf 66' lang='grc' dir='ltr'>σῶος</span> <span class='ocrx_word' id='word_1_19' title='bbox 537 566 646 635; x_wconf 83' lang='lat' dir='ltr'>porcina</span> <span class='ocrx_word' id='word_1_20' title='bbox 658 577 744 618; x_wconf 89' lang='lat' dir='ltr'>tamen</span> <span class='ocrx_word' id='word_1_21' title='bbox 754 567 841 638; x_wconf 81' lang='lat' dir='ltr'>capita</span> <span class='ocrx_word' id='word_1_22' title='bbox 852 580 879 620; x_wconf 90' lang='lat' dir='ltr'>et</span> <span class='ocrx_word' id='word_1_23' title='bbox 889 567 994 622; x_wconf 90' lang='lat' dir='ltr'>lautiori</span> <span class='ocrx_word' id='word_1_24' title='bbox 1006 589 1101 623; x_wconf 81' lang='lat' dir='ltr'>mensae</span> <span class='ocrx_word' id='word_1_25' title='bbox 1114 573 1335 644; x_wconf 85' lang='lat' dir='ltr'>apponebantur,</span> <span class='ocrx_word' id='word_1_26' title='bbox 1355 591 1389 627; x_wconf 81' lang='lat' dir='ltr'>ut</span> 
     </span>
    </p>
   </div>
   <div class='ocr_carea' id='block_1_3' title="bbox 335 644 1389 798">
    <p class='ocr_par' dir='ltr' id='par_1_3' title="bbox 335 644 1389 798">
     <span class='ocr_line' id='line_1_4' title="bbox 337 644 1389 722; baseline 0.011 -23"><span class='ocrx_word' id='word_1_27' title='bbox 337 659 466 699; x_wconf 75' lang='lat' dir='ltr'>testantur</span> <span class='ocrx_word' id='word_1_28' title='bbox 476 644 575 698; x_wconf 75' lang='lat' dir='ltr'>Plinius</span> <span class='ocrx_word' id='word_1_29' title='bbox 589 647 651 716; x_wconf 82' lang='lat' dir='ltr'>ldaj.</span> <span class='ocrx_word' id='word_1_30' title='bbox 665 659 691 698; x_wconf 89' lang='lat' dir='ltr'>et</span> <span class='ocrx_word' id='word_1_31' title='bbox 705 646 858 716; x_wconf 76' lang='lat' dir='ltr'>Athenaeus,</span> <span class='ocrx_word' id='word_1_32' title='bbox 871 649 915 702; x_wconf 91' lang='lat' dir='ltr'>lib.</span> <span class='ocrx_word' id='word_1_33' title='bbox 930 651 980 718; x_wconf 79' lang='lat' dir='ltr'>ut,</span> <span class='ocrx_word' id='word_1_34' title='bbox 992 670 1052 722; x_wconf 89' lang='lat' dir='ltr'>cap.</span> <span class='ocrx_word' id='word_1_35' title='bbox 1068 651 1092 703; x_wconf 88' lang='grc'>8.</span> <span class='ocrx_word' id='word_1_36' title='bbox 1107 653 1185 706; x_wconf 80' lang='lat' dir='ltr'>conf.</span> <span class='ocrx_word' id='word_1_37' title='bbox 1206 657 1331 711; x_wconf 76' lang='lat' dir='ltr'>numan.</span> <span class='ocrx_word' id='word_1_38' title='bbox 1348 657 1389 710; x_wconf 78' lang='lat' dir='ltr'>ad</span> 
     </span>
     <span class='ocr_line' id='line_1_5' title="bbox 335 714 1120 798; baseline 0.008 -22"><span class='ocrx_word' id='word_1_39' title='bbox 335 727 439 777; x_wconf 81' lang='lat' dir='ltr'>Petrdn.</span> <span class='ocrx_word' id='word_1_40' title='bbox 455 725 519 787; x_wconf 82' lang='lat'>135;</span> <span class='ocrx_word' id='word_1_41' title='bbox 534 725 624 776; x_wconf 82' lang='lat' dir='ltr'>Horat.</span> <span class='ocrx_word' id='word_1_42' title='bbox 639 714 693 778; x_wconf 73' lang='lat' dir='ltr'>Sat.</span> <span class='ocrx_word' id='word_1_43' title='bbox 707 726 744 792; x_wconf 82' lang='lat'>11,</span> <span class='ocrx_word' id='word_1_44' title='bbox 756 744 785 793; x_wconf 77' lang='lat' dir='ltr'>a,</span> <span class='ocrx_word' id='word_1_45' title='bbox 800 743 864 798; x_wconf 75' lang='lat'>¹¹7³</span> <span class='ocrx_word' id='word_1_46' title='bbox 883 729 1004 782; x_wconf 81' lang='lat' dir='ltr'>Juvenal.</span> <span class='ocrx_word' id='word_1_47' title='bbox 1012 731 1062 797; x_wconf 82' lang='lat' dir='ltr'>Xl,</span> <span class='ocrx_word' id='word_1_48' title='bbox 1077 729 1120 784; x_wconf 78' lang='lat'>82.</span> 
     </span>
    </p>
   </div>
   <div class='ocr_carea' id='block_1_4' title="bbox 331 863 1389 1654">
    <p class='ocr_par' dir='ltr' id='par_1_4' title="bbox 331 863 1389 1654">
     <span class='ocr_line' id='line_1_6' title="bbox 369 863 1389 936; baseline 0.006 -20"><span class='ocrx_word' id='word_1_49' title='bbox 369 865 435 918; x_wconf 80' lang='lat' dir='ltr'>Nor.</span> <span class='ocrx_word' id='word_1_50' title='bbox 452 883 494 936; x_wconf 87' lang='lat'>7¹·</span> <span class='ocrx_word' id='word_1_51' title='bbox 520 864 555 915; x_wconf 87' lang='lat' dir='ltr'>Ut</span> <span class='ocrx_word' id='word_1_52' title='bbox 567 875 624 917; x_wconf 77' lang='lat' dir='ltr'>tuus</span> <span class='ocrx_word' id='word_1_53' title='bbox 638 863 682 916; x_wconf 82' lang='lat' dir='ltr'>iste</span> <span class='ocrx_word' id='word_1_54' title='bbox 693 883 771 936; x_wconf 77' lang='lat' dir='ltr'>neptn</span> <span class='ocrx_word' id='word_1_55' title='bbox 789 863 852 916; x_wconf 87' lang='lat' dir='ltr'>olim</span> <span class='ocrx_word' id='word_1_56' title='bbox 864 877 935 918; x_wconf 73' lang='lat' dir='ltr'>saner</span> <span class='ocrx_word' id='word_1_57' title='bbox 947 867 1042 919; x_wconf 83' lang='lat' dir='ltr'>anseris</span> <span class='ocrx_word' id='word_1_58' title='bbox 1056 869 1129 920; x_wconf 78' lang='lat' dir='ltr'>extis.</span> <span class='ocrx_word' id='word_1_59' title='bbox 1147 897 1184 908; x_wconf 91' lang='lat'>--</span> <span class='ocrx_word' id='word_1_60' title='bbox 1204 869 1240 921; x_wconf 79' lang='lat' dir='ltr'>Ut</span> <span class='ocrx_word' id='word_1_61' title='bbox 1254 881 1314 922; x_wconf 71' lang='lat' dir='ltr'>tirus</span> <span class='ocrx_word' id='word_1_62' title='bbox 1331 870 1389 921; x_wconf 81' lang='lat' dir='ltr'>r&#39;ste</span> 
     </span>
     <span class='ocr_line' id='line_1_7' title="bbox 335 942 1388 1019; baseline 0.001 -20"><span class='ocrx_word' id='word_1_63' title='bbox 335 965 426 1018; x_wconf 57' lang='lat' dir='ltr'>trepon-</span> <span class='ocrx_word' id='word_1_64' title='bbox 444 955 474 995; x_wconf 94' lang='lat' dir='ltr'>ut</span> <span class='ocrx_word' id='word_1_65' title='bbox 485 942 582 995; x_wconf 86' lang='lat' dir='ltr'>ditatus</span> <span class='ocrx_word' id='word_1_66' title='bbox 595 943 723 1016; x_wconf 83' lang='lat' dir='ltr'>quispiam</span> <span class='ocrx_word' id='word_1_67' title='bbox 737 963 751 995; x_wconf 93' lang='lat' dir='ltr'>e</span> <span class='ocrx_word' id='word_1_68' title='bbox 765 946 817 996; x_wconf 87' lang='lat' dir='ltr'>tuis</span> <span class='ocrx_word' id='word_1_69' title='bbox 833 943 983 1016; x_wconf 88' lang='lat' dir='ltr'>nepotibus.</span> <span class='ocrx_word' id='word_1_70' title='bbox 1000 945 1079 998; x_wconf 86' lang='lat' dir='ltr'>Ludit</span> <span class='ocrx_word' id='word_1_71' title='bbox 1092 949 1119 997; x_wconf 88' lang='lat' dir='ltr'>in</span> <span class='ocrx_word' id='word_1_72' title='bbox 1131 965 1196 998; x_wconf 80' lang='lat' dir='ltr'>voce</span> <span class='ocrx_word' id='word_1_73' title='bbox 1207 966 1300 1019; x_wconf 81' lang='lat' dir='ltr'>nepos,</span> <span class='ocrx_word' id='word_1_74' title='bbox 1317 967 1388 1019; x_wconf 68' lang='lat' dir='ltr'>qu:</span> 
     </span>
     <span class='ocr_line' id='line_1_8' title="bbox 334 1023 1388 1097; baseline 0.003 -20"><span class='ocrx_word' id='word_1_75' title='bbox 334 1040 374 1078; x_wconf 85' lang='lat' dir='ltr'>est</span> <span class='ocrx_word' id='word_1_76' title='bbox 388 1024 503 1094; x_wconf 69' lang='lat' dir='ltr'>nmbigui</span> <span class='ocrx_word' id='word_1_77' title='bbox 515 1041 615 1090; x_wconf 81' lang='lat' dir='ltr'>sensus,</span> <span class='ocrx_word' id='word_1_78' title='bbox 629 1023 810 1096; x_wconf 76' lang='lat' dir='ltr'>significatque</span> <span class='ocrx_word' id='word_1_79' title='bbox 820 1040 847 1077; x_wconf 87' lang='lat' dir='ltr'>et</span> <span class='ocrx_word' id='word_1_80' title='bbox 854 1027 983 1077; x_wconf 83' lang='lat' dir='ltr'>virentem</span> <span class='ocrx_word' id='word_1_81' title='bbox 991 1027 1118 1097; x_wconf 89' lang='lat' dir='ltr'>nepotino</span> <span class='ocrx_word' id='word_1_82' title='bbox 1132 1045 1219 1094; x_wconf 84' lang='lat' dir='ltr'>more,</span> <span class='ocrx_word' id='word_1_83' title='bbox 1239 1025 1388 1080; x_wconf 77' lang='lat' dir='ltr'>bominem</span> 
     </span>
     <span class='ocr_line' id='line_1_9' title="bbox 334 1101 1388 1178; baseline 0.002 -20"><span class='ocrx_word' id='word_1_84' title='bbox 334 1125 454 1160; x_wconf 79' lang='lat' dir='ltr'>voracem</span> <span class='ocrx_word' id='word_1_85' title='bbox 465 1119 492 1157; x_wconf 91' lang='lat' dir='ltr'>et</span> <span class='ocrx_word' id='word_1_86' title='bbox 504 1101 674 1156; x_wconf 85' lang='lat' dir='ltr'>luxuriosum.</span> <span class='ocrx_word' id='word_1_87' title='bbox 682 1103 796 1156; x_wconf 87' lang='lat' dir='ltr'>-Olim</span> <span class='ocrx_word' id='word_1_88' title='bbox 805 1105 975 1158; x_wconf 82' lang='lat' dir='ltr'>saturanren&#39;r</span> <span class='ocrx_word' id='word_1_89' title='bbox 985 1107 1064 1172; x_wconf 56' lang='lat' dir='ltr'>estin·</span> <span class='ocrx_word' id='word_1_90' title='bbox 1078 1120 1133 1158; x_wconf 81' lang='lat' dir='ltr'>erat</span> <span class='ocrx_word' id='word_1_91' title='bbox 1145 1107 1217 1178; x_wconf 87' lang='lat' dir='ltr'>apud</span> <span class='ocrx_word' id='word_1_92' title='bbox 1227 1109 1388 1174; x_wconf 73' lang='lat' dir='ltr'>Romanos,</span> 
     </span>
     <span class='ocr_line' id='line_1_10' title="bbox 333 1182 1386 1258; baseline 0.001 -20"><span class='ocrx_word' id='word_1_93' title='bbox 333 1201 362 1238; x_wconf 90' lang='lat' dir='ltr'>ut</span> <span class='ocrx_word' id='word_1_94' title='bbox 374 1185 445 1258; x_wconf 90' lang='lat' dir='ltr'>apud</span> <span class='ocrx_word' id='word_1_95' title='bbox 458 1197 595 1248; x_wconf 76' lang='lat' dir='ltr'>nostrates,</span> <span class='ocrx_word' id='word_1_96' title='bbox 604 1184 630 1234; x_wconf 92' lang='lat' dir='ltr'>in</span> <span class='ocrx_word' id='word_1_97' title='bbox 641 1182 740 1236; x_wconf 87' lang='lat' dir='ltr'>deliciis</span> <span class='ocrx_word' id='word_1_98' title='bbox 748 1186 896 1236; x_wconf 84' lang='lat' dir='ltr'>anserinum</span> <span class='ocrx_word' id='word_1_99' title='bbox 904 1186 987 1254; x_wconf 83' lang='lat' dir='ltr'>jecur.</span> <span class='ocrx_word' id='word_1_100' title='bbox 998 1183 1063 1236; x_wconf 83' lang='lat' dir='ltr'>Plin.</span> <span class='ocrx_word' id='word_1_101' title='bbox 1072 1185 1104 1236; x_wconf 85' lang='grc' dir='ltr'>Η.</span> <span class='ocrx_word' id='word_1_102' title='bbox 1114 1187 1146 1236; x_wconf 82' lang='lat' dir='ltr'>tt.</span> <span class='ocrx_word' id='word_1_103' title='bbox 1159 1187 1295 1254; x_wconf 61' lang='lat' dir='ltr'>vimnau</span> <span class='ocrx_word' id='word_1_104' title='bbox 1308 1200 1386 1239; x_wconf 76' lang='lat' dir='ltr'>sect.</span> 
     </span>
     <span class='ocr_line' id='line_1_11' title="bbox 333 1261 1386 1337; baseline -0.001 -20"><span class='ocrx_word' id='word_1_105' title='bbox 333 1283 382 1337; x_wconf 74' lang='lat'>773</span> <span class='ocrx_word' id='word_1_106' title='bbox 394 1267 431 1332; x_wconf 78' lang='lat' dir='ltr'>X,</span> <span class='ocrx_word' id='word_1_107' title='bbox 442 1278 505 1317; x_wconf 84' lang='lat' dir='ltr'>sect.</span> <span class='ocrx_word' id='word_1_108' title='bbox 516 1281 563 1335; x_wconf 76' lang='lat'>²7³</span> <span class='ocrx_word' id='word_1_109' title='bbox 575 1264 664 1314; x_wconf 87' lang='lat' dir='ltr'>liorat.</span> <span class='ocrx_word' id='word_1_110' title='bbox 679 1261 732 1314; x_wconf 90' lang='lat' dir='ltr'>Sat.</span> <span class='ocrx_word' id='word_1_111' title='bbox 747 1261 830 1330; x_wconf 80' lang='lat'>11‚8,</span> <span class='ocrx_word' id='word_1_112' title='bbox 844 1262 877 1315; x_wconf 80' lang='lat'>88</span> <span class='ocrx_word' id='word_1_113' title='bbox 887 1283 893 1324; x_wconf 88' lang='lat'><strong>;</strong></span> <span class='ocrx_word' id='word_1_114' title='bbox 904 1261 1017 1314; x_wconf 73' lang='lat' dir='ltr'>Martini.</span> <span class='ocrx_word' id='word_1_115' title='bbox 1031 1263 1105 1329; x_wconf 81' lang='lat' dir='ltr'>xltt,</span> <span class='ocrx_word' id='word_1_116' title='bbox 1121 1263 1170 1326; x_wconf 71' lang='lat'>583</span> <span class='ocrx_word' id='word_1_117' title='bbox 1186 1263 1304 1317; x_wconf 71' lang='lat' dir='ltr'>Juvenal.</span> <span class='ocrx_word' id='word_1_118' title='bbox 1318 1266 1386 1317; x_wconf 79' lang='lat' dir='ltr'>Sat.</span> 
     </span>
     <span class='ocr_line' id='line_1_12' title="bbox 332 1341 1385 1413; baseline 0.001 -17"><span class='ocrx_word' id='word_1_119' title='bbox 332 1350 365 1412; x_wconf 86' lang='lat' dir='ltr'>V,</span> <span class='ocrx_word' id='word_1_120' title='bbox 381 1347 445 1411; x_wconf 67' lang='grc' dir='ltr'>ιιᾼς</span> <span class='ocrx_word' id='word_1_121' title='bbox 459 1343 554 1395; x_wconf 81' lang='lat' dir='ltr'>Athen.</span> <span class='ocrx_word' id='word_1_122' title='bbox 568 1343 617 1409; x_wconf 82' lang='lat' dir='ltr'>IX,</span> <span class='ocrx_word' id='word_1_123' title='bbox 632 1342 657 1395; x_wconf 80' lang='grc'>8.</span> <span class='ocrx_word' id='word_1_124' title='bbox 671 1341 748 1393; x_wconf 86' lang='lat' dir='ltr'>Coni.</span> <span class='ocrx_word' id='word_1_125' title='bbox 762 1343 850 1394; x_wconf 82' lang='lat' dir='ltr'>Heius.</span> <span class='ocrx_word' id='word_1_126' title='bbox 861 1355 888 1394; x_wconf 86' lang='lat' dir='ltr'>et</span> <span class='ocrx_word' id='word_1_127' title='bbox 901 1341 1009 1394; x_wconf 78' lang='lat' dir='ltr'>Gumal.</span> <span class='ocrx_word' id='word_1_128' title='bbox 1022 1341 1058 1394; x_wconf 79' lang='lat' dir='ltr'>ad</span> <span class='ocrx_word' id='word_1_129' title='bbox 1071 1343 1176 1395; x_wconf 82' lang='lat' dir='ltr'>Petrun.</span> <span class='ocrx_word' id='word_1_130' title='bbox 1193 1346 1298 1413; x_wconf 81' lang='lat' dir='ltr'>137.lts</span> <span class='ocrx_word' id='word_1_131' title='bbox 1309 1344 1385 1399; x_wconf 81' lang='lat' dir='ltr'>dixit</span> 
     </span>
     <span class='ocr_line' id='line_1_13' title="bbox 332 1420 1384 1493; baseline 0 -17"><span class='ocrx_word' id='word_1_132' title='bbox 332 1426 427 1478; x_wconf 84' lang='lat' dir='ltr'>Noster</span> <span class='ocrx_word' id='word_1_133' title='bbox 439 1433 511 1476; x_wconf 81' lang='lat' dir='ltr'>satur</span> <span class='ocrx_word' id='word_1_134' title='bbox 524 1421 619 1476; x_wconf 73' lang='lat' dir='ltr'>anseris</span> <span class='ocrx_word' id='word_1_135' title='bbox 631 1422 695 1474; x_wconf 73' lang='lat' dir='ltr'>extit</span> <span class='ocrx_word' id='word_1_136' title='bbox 709 1439 759 1493; x_wconf 89' lang='lat' dir='ltr'>pro</span> <span class='ocrx_word' id='word_1_137' title='bbox 774 1421 948 1492; x_wconf 65' lang='lat' dir='ltr'>ingurgitatus</span> <span class='ocrx_word' id='word_1_138' title='bbox 961 1420 1025 1474; x_wconf 77' lang='lat' dir='ltr'>tibin</span> <span class='ocrx_word' id='word_1_139' title='bbox 1037 1421 1241 1484; x_wconf 74' lang='lat' dir='ltr'>delicatissimis3</span> <span class='ocrx_word' id='word_1_140' title='bbox 1257 1437 1282 1475; x_wconf 86' lang='lat' dir='ltr'>et</span> <span class='ocrx_word' id='word_1_141' title='bbox 1293 1427 1324 1477; x_wconf 85' lang='lat' dir='ltr'>iis</span> <span class='ocrx_word' id='word_1_142' title='bbox 1340 1425 1384 1476; x_wconf 81' lang='lat' dir='ltr'>ad</span> 
     </span>
     <span class='ocr_line' id='line_1_14' title="bbox 331 1501 1384 1576; baseline 0 -18"><span class='ocrx_word' id='word_1_143' title='bbox 331 1503 497 1560; x_wconf 75' lang='lat' dir='ltr'>excitandam</span> <span class='ocrx_word' id='word_1_144' title='bbox 509 1503 639 1554; x_wconf 78' lang='lat' dir='ltr'>luxuriem</span> <span class='ocrx_word' id='word_1_145' title='bbox 653 1501 795 1573; x_wconf 84' lang='lat' dir='ltr'>aptissimis</span> <span class='ocrx_word' id='word_1_146' title='bbox 806 1521 814 1563; x_wconf 87' lang='lat'>;</span> <span class='ocrx_word' id='word_1_147' title='bbox 827 1502 909 1574; x_wconf 80' lang='lat' dir='ltr'>idque</span> <span class='ocrx_word' id='word_1_148' title='bbox 923 1505 1068 1574; x_wconf 86' lang='lat' dir='ltr'>opponitur</span> <span class='ocrx_word' id='word_1_149' title='bbox 1080 1504 1112 1556; x_wconf 87' lang='lat' dir='ltr'>iis</span> <span class='ocrx_word' id='word_1_150' title='bbox 1128 1523 1184 1576; x_wconf 77' lang='lat' dir='ltr'>qun</span> <span class='ocrx_word' id='word_1_151' title='bbox 1200 1507 1319 1575; x_wconf 83' lang='lat' dir='ltr'>superius</span> <span class='ocrx_word' id='word_1_152' title='bbox 1331 1505 1384 1558; x_wconf 86' lang='lat' dir='ltr'>di-</span> 
     </span>
     <span class='ocr_line' id='line_1_15' title="bbox 332 1579 1258 1654; baseline -0.004 -16"><span class='ocrx_word' id='word_1_153' title='bbox 332 1597 444 1652; x_wconf 82' lang='lat' dir='ltr'>cuntur,</span> <span class='ocrx_word' id='word_1_154' title='bbox 455 1581 489 1635; x_wconf 90' lang='lat' dir='ltr'>de</span> <span class='ocrx_word' id='word_1_155' title='bbox 500 1581 566 1635; x_wconf 78' lang='lat' dir='ltr'>cibis</span> <span class='ocrx_word' id='word_1_156' title='bbox 583 1579 712 1634; x_wconf 78' lang='lat' dir='ltr'>vilissimis</span> <span class='ocrx_word' id='word_1_157' title='bbox 728 1580 824 1652; x_wconf 86' lang='lat' dir='ltr'>quibus</span> <span class='ocrx_word' id='word_1_158' title='bbox 839 1583 895 1652; x_wconf 88' lang='lat' dir='ltr'>ipse</span> <span class='ocrx_word' id='word_1_159' title='bbox 913 1579 957 1634; x_wconf 86' lang='lat' dir='ltr'>ille</span> <span class='ocrx_word' id='word_1_160' title='bbox 972 1593 1062 1634; x_wconf 85' lang='lat' dir='ltr'>utatur</span> <span class='ocrx_word' id='word_1_161' title='bbox 1075 1582 1120 1654; x_wconf 91' lang='lat' dir='ltr'>qui</span> <span class='ocrx_word' id='word_1_162' title='bbox 1133 1581 1258 1654; x_wconf 78' lang='lat' dir='ltr'>loquitur.</span> 
     </span>
    </p>
   </div>
   <div class='ocr_carea' id='block_1_5' title="bbox 326 1705 1379 2178">
    <p class='ocr_par' dir='ltr' id='par_1_5' title="bbox 326 1705 1379 2178">
     <span class='ocr_line' id='line_1_16' title="bbox 365 1705 1379 1780; baseline 0.003 -20"><span class='ocrx_word' id='word_1_163' title='bbox 365 1709 433 1762; x_wconf 82' lang='lat' dir='ltr'>Nor.</span> <span class='ocrx_word' id='word_1_164' title='bbox 449 1723 492 1778; x_wconf 75' lang='lat'>72.</span> <span class='ocrx_word' id='word_1_165' title='bbox 515 1707 601 1778; x_wconf 75' lang='lat' dir='ltr'>Quum</span> <span class='ocrx_word' id='word_1_166' title='bbox 614 1723 715 1760; x_wconf 82' lang='lat' dir='ltr'>morosa</span> <span class='ocrx_word' id='word_1_167' title='bbox 735 1725 800 1778; x_wconf 76' lang='lat' dir='ltr'>tropo</span> <span class='ocrx_word' id='word_1_168' title='bbox 818 1705 952 1779; x_wconf 81' lang='lat' dir='ltr'>sinpuitiet</span> <span class='ocrx_word' id='word_1_169' title='bbox 967 1707 1073 1780; x_wconf 72' lang='lat' dir='ltr'>inquire</span> <span class='ocrx_word' id='word_1_170' title='bbox 1088 1726 1169 1773; x_wconf 81' lang='lat' dir='ltr'>vena,</span> <span class='ocrx_word' id='word_1_171' title='bbox 1188 1708 1307 1762; x_wconf 70' lang='lat' dir='ltr'>Patricia</span> <span class='ocrx_word' id='word_1_172' title='bbox 1323 1713 1379 1763; x_wconf 88' lang='lat' dir='ltr'>im-</span> 
     </span>
     <span class='ocr_line' id='line_1_17' title="bbox 330 1783 1379 1858; baseline 0 -18"><span class='ocrx_word' id='word_1_173' title='bbox 330 1788 411 1840; x_wconf 82' lang='lat' dir='ltr'>meiat</span> <span class='ocrx_word' id='word_1_174' title='bbox 422 1786 554 1841; x_wconf 65' lang='lat' dir='ltr'>mbu-</span> <span class='ocrx_word' id='word_1_175' title='bbox 561 1786 588 1838; x_wconf 92' lang='lat' dir='ltr'>V</span> <span class='ocrx_word' id='word_1_176' title='bbox 585 1803 640 1838; x_wconf 87' lang='lat' dir='ltr'>enoe</span> <span class='ocrx_word' id='word_1_177' title='bbox 651 1784 759 1837; x_wconf 78' lang='lat' dir='ltr'>libidine</span> <span class='ocrx_word' id='word_1_178' title='bbox 767 1785 903 1849; x_wconf 56' lang='lat' dir='ltr'>initantum</span> <span class='ocrx_word' id='word_1_179' title='bbox 914 1783 984 1838; x_wconf 91' lang='lat' dir='ltr'>unde</span> <span class='ocrx_word' id='word_1_180' title='bbox 994 1805 1059 1838; x_wconf 79' lang='lat' dir='ltr'>veno</span> <span class='ocrx_word' id='word_1_181' title='bbox 1069 1788 1186 1857; x_wconf 82' lang='lat' dir='ltr'>ponitur,</span> <span class='ocrx_word' id='word_1_182' title='bbox 1197 1806 1246 1858; x_wconf 90' lang='lat' dir='ltr'>pro</span> <span class='ocrx_word' id='word_1_183' title='bbox 1255 1783 1379 1853; x_wconf 79' lang='lat' dir='ltr'>libidine,</span> 
     </span>
     <span class='ocr_line' id='line_1_18' title="bbox 331 1864 1377 1939; baseline 0 -21"><span class='ocrx_word' id='word_1_184' title='bbox 331 1887 380 1939; x_wconf 80' lang='lat' dir='ltr'>pro</span> <span class='ocrx_word' id='word_1_185' title='bbox 392 1865 454 1918; x_wconf 82' lang='lat' dir='ltr'>sede</span> <span class='ocrx_word' id='word_1_186' title='bbox 463 1864 595 1930; x_wconf 88' lang='lat' dir='ltr'>libidinis,</span> <span class='ocrx_word' id='word_1_187' title='bbox 606 1883 656 1936; x_wconf 88' lang='lat' dir='ltr'>pro</span> <span class='ocrx_word' id='word_1_188' title='bbox 670 1883 700 1917; x_wconf 86' lang='lat' dir='ltr'>ea</span> <span class='ocrx_word' id='word_1_189' title='bbox 717 1877 806 1936; x_wconf 86' lang='lat' dir='ltr'>parte,</span> <span class='ocrx_word' id='word_1_190' title='bbox 819 1882 871 1936; x_wconf 83' lang='lat' dir='ltr'>qua</span> <span class='ocrx_word' id='word_1_191' title='bbox 884 1865 932 1916; x_wconf 84' lang='lat' dir='ltr'>viri</span> <span class='ocrx_word' id='word_1_192' title='bbox 944 1883 1046 1927; x_wconf 73' lang='lat' dir='ltr'>sumus3</span> <span class='ocrx_word' id='word_1_193' title='bbox 1062 1867 1152 1917; x_wconf 84' lang='lat' dir='ltr'>ilorat.</span> <span class='ocrx_word' id='word_1_194' title='bbox 1170 1865 1222 1918; x_wconf 89' lang='lat' dir='ltr'>Sat.</span> <span class='ocrx_word' id='word_1_195' title='bbox 1234 1869 1260 1932; x_wconf 82' lang='lat' dir='ltr'>l,</span> <span class='ocrx_word' id='word_1_196' title='bbox 1273 1883 1305 1932; x_wconf 73' lang='grc' dir='ltr'>α,</span> <span class='ocrx_word' id='word_1_197' title='bbox 1320 1867 1377 1930; x_wconf 85' lang='grc'>33;</span> 
     </span>
     <span class='ocr_line' id='line_1_19' title="bbox 329 1943 1376 2019; baseline -0.002 -20"><span class='ocrx_word' id='word_1_198' title='bbox 329 1947 405 1999; x_wconf 79' lang='lat' dir='ltr'>Nost.</span> <span class='ocrx_word' id='word_1_199' title='bbox 421 1947 447 2011; x_wconf 90' lang='lat' dir='ltr'>l,</span> <span class='ocrx_word' id='word_1_200' title='bbox 465 1945 522 2000; x_wconf 82' lang='lat'>103.</span> <span class='ocrx_word' id='word_1_201' title='bbox 531 1945 692 2009; x_wconf 80' lang='lat' dir='ltr'>—Morosu,</span> <span class='ocrx_word' id='word_1_202' title='bbox 710 1943 862 2010; x_wconf 84' lang='lat' dir='ltr'>fastidiosa,</span> <span class='ocrx_word' id='word_1_203' title='bbox 873 1943 1038 2015; x_wconf 72' lang='lat' dir='ltr'>jungendum</span> <span class='ocrx_word' id='word_1_204' title='bbox 1052 1945 1376 2019; x_wconf 80' lang='lat' dir='ltr'>cumsinpultiet.-1n-</span> 
     </span>
     <span class='ocr_line' id='line_1_20' title="bbox 326 2021 1375 2099; baseline -0.001 -22"><span class='ocrx_word' id='word_1_205' title='bbox 326 2027 409 2099; x_wconf 78' lang='lat' dir='ltr'>puine</span> <span class='ocrx_word' id='word_1_206' title='bbox 419 2042 498 2099; x_wconf 78' lang='lat' dir='ltr'>vapo‚·</span> <span class='ocrx_word' id='word_1_207' title='bbox 511 2027 556 2097; x_wconf 87' lang='lat' dir='ltr'>qui</span> <span class='ocrx_word' id='word_1_208' title='bbox 568 2023 622 2076; x_wconf 87' lang='lat' dir='ltr'>huc</span> <span class='ocrx_word' id='word_1_209' title='bbox 634 2037 660 2076; x_wconf 92' lang='lat' dir='ltr'>et</span> <span class='ocrx_word' id='word_1_210' title='bbox 674 2023 736 2075; x_wconf 85' lang='lat' dir='ltr'>illuc</span> <span class='ocrx_word' id='word_1_211' title='bbox 748 2043 801 2096; x_wconf 74' lang='lat' dir='ltr'>pra</span> <span class='ocrx_word' id='word_1_212' title='bbox 813 2021 922 2075; x_wconf 84' lang='lat' dir='ltr'>libidine</span> <span class='ocrx_word' id='word_1_213' title='bbox 935 2023 1063 2095; x_wconf 88' lang='lat' dir='ltr'>palpitat;</span> <span class='ocrx_word' id='word_1_214' title='bbox 1081 2023 1304 2095; x_wconf 77' lang='lat' dir='ltr'>quemadmodum</span> <span class='ocrx_word' id='word_1_215' title='bbox 1315 2027 1375 2078; x_wconf 84' lang='lat' dir='ltr'>rin-</span> 
     </span>
     <span class='ocr_line' id='line_1_21' title="bbox 326 2103 720 2178; baseline -0.003 -22"><span class='ocrx_word' id='word_1_216' title='bbox 326 2104 423 2178; x_wconf 77' lang='lat' dir='ltr'>pultiet</span> <span class='ocrx_word' id='word_1_217' title='bbox 441 2118 480 2158; x_wconf 84' lang='lat' dir='ltr'>est</span> <span class='ocrx_word' id='word_1_218' title='bbox 492 2117 582 2156; x_wconf 87' lang='lat' dir='ltr'>contra</span> <span class='ocrx_word' id='word_1_219' title='bbox 595 2103 720 2156; x_wconf 84' lang='lat' dir='ltr'>immet&#39;at.</span> 
     </span>
    </p>
   </div>
   <div class='ocr_carea' id='block_1_6' title="bbox 327 2224 1373 2522">
    <p class='ocr_par' dir='ltr' id='par_1_6' title="bbox 327 2224 1373 2522">
     <span class='ocr_line' id='line_1_22' title="bbox 364 2224 1372 2299; baseline 0.001 -18"><span class='ocrx_word' id='word_1_220' title='bbox 364 2230 432 2281; x_wconf 84' lang='lat' dir='ltr'>Nor.</span> <span class='ocrx_word' id='word_1_221' title='bbox 445 2229 487 2298; x_wconf 82' lang='lat'>73.</span> <span class='ocrx_word' id='word_1_222' title='bbox 505 2227 577 2280; x_wconf 78' lang='lat' dir='ltr'>Mili</span> <span class='ocrx_word' id='word_1_223' title='bbox 592 2240 676 2281; x_wconf 72' lang='lat' dir='ltr'>numa</span> <span class='ocrx_word' id='word_1_224' title='bbox 682 2224 776 2299; x_wconf 72' lang='lat' dir='ltr'>fiyut&#39;oe</span> <span class='ocrx_word' id='word_1_225' title='bbox 789 2226 830 2279; x_wconf 81' lang='lat' dir='ltr'>Sit</span> <span class='ocrx_word' id='word_1_226' title='bbox 841 2225 950 2299; x_wconf 83' lang='lat' dir='ltr'>reliqua.</span> <span class='ocrx_word' id='word_1_227' title='bbox 960 2255 995 2266; x_wconf 93' lang='lat'><em>-</em></span> <span class='ocrx_word' id='word_1_228' title='bbox 1004 2227 1109 2279; x_wconf 86' lang='lat' dir='ltr'>Poetica</span> <span class='ocrx_word' id='word_1_229' title='bbox 1119 2225 1294 2298; x_wconf 83' lang='lat' dir='ltr'>periphrasis,</span> <span class='ocrx_word' id='word_1_230' title='bbox 1303 2247 1352 2298; x_wconf 87' lang='lat' dir='ltr'>pro</span> <span class='ocrx_word' id='word_1_231' title='bbox 1365 2251 1372 2282; x_wconf 75' lang='grc' dir='ltr'><strong><em>ε</em></strong></span> 
     </span>
     <span class='ocr_line' id='line_1_23' title="bbox 329 2306 1373 2380; baseline -0.001 -20"><span class='ocrx_word' id='word_1_232' title='bbox 329 2327 412 2380; x_wconf 74' lang='lat' dir='ltr'>egone</span> <span class='ocrx_word' id='word_1_233' title='bbox 430 2327 472 2360; x_wconf 85' lang='lat' dir='ltr'>me</span> <span class='ocrx_word' id='word_1_234' title='bbox 483 2306 552 2361; x_wconf 76' lang='lat' dir='ltr'>fame</span> <span class='ocrx_word' id='word_1_235' title='bbox 573 2308 733 2360; x_wconf 78' lang='lat' dir='ltr'>conficiam?</span> <span class='ocrx_word' id='word_1_236' title='bbox 746 2309 782 2358; x_wconf 86' lang='lat' dir='ltr'>Ut</span> <span class='ocrx_word' id='word_1_237' title='bbox 795 2323 855 2360; x_wconf 82' lang='lat' dir='ltr'>ossa</span> <span class='ocrx_word' id='word_1_238' title='bbox 872 2320 897 2357; x_wconf 84' lang='lat' dir='ltr'>et</span> <span class='ocrx_word' id='word_1_239' title='bbox 911 2307 983 2360; x_wconf 82' lang='lat' dir='ltr'>nervi</span> <span class='ocrx_word' id='word_1_240' title='bbox 993 2319 1095 2358; x_wconf 85' lang='lat' dir='ltr'>tautum</span> <span class='ocrx_word' id='word_1_241' title='bbox 1107 2325 1138 2358; x_wconf 78' lang='lat' dir='ltr'>ex</span> <span class='ocrx_word' id='word_1_242' title='bbox 1151 2324 1264 2378; x_wconf 87' lang='lat' dir='ltr'>corpore</span> <span class='ocrx_word' id='word_1_243' title='bbox 1277 2327 1373 2379; x_wconf 86' lang='lat' dir='ltr'>super-</span> 
     </span>
     <span class='ocr_line' id='line_1_24' title="bbox 328 2385 1373 2460; baseline 0 -19"><span class='ocrx_word' id='word_1_244' title='bbox 328 2391 388 2442; x_wconf 82' lang='lat' dir='ltr'>sint.</span> <span class='ocrx_word' id='word_1_245' title='bbox 401 2392 447 2442; x_wconf 86' lang='lat' dir='ltr'>Est</span> <span class='ocrx_word' id='word_1_246' title='bbox 460 2401 561 2456; x_wconf 65' lang='lat' dir='ltr'>warna,</span> <span class='ocrx_word' id='word_1_247' title='bbox 580 2389 687 2460; x_wconf 88' lang='lat' dir='ltr'>propria</span> <span class='ocrx_word' id='word_1_248' title='bbox 702 2385 775 2440; x_wconf 85' lang='lat' dir='ltr'>illurn</span> <span class='ocrx_word' id='word_1_249' title='bbox 793 2385 865 2458; x_wconf 87' lang='lat' dir='ltr'>quod</span> <span class='ocrx_word' id='word_1_250' title='bbox 874 2387 943 2440; x_wconf 87' lang='lat' dir='ltr'>intra</span> <span class='ocrx_word' id='word_1_251' title='bbox 956 2399 1058 2440; x_wconf 68' lang='lat' dir='ltr'>sumen</span> <span class='ocrx_word' id='word_1_252' title='bbox 1072 2387 1165 2453; x_wconf 85' lang='lat' dir='ltr'>currit,</span> <span class='ocrx_word' id='word_1_253' title='bbox 1181 2385 1208 2438; x_wconf 90' lang='lat' dir='ltr'>b.</span> <span class='ocrx_word' id='word_1_254' title='bbox 1221 2386 1239 2438; x_wconf 93' lang='lat' dir='ltr'>l.</span> <span class='ocrx_word' id='word_1_255' title='bbox 1256 2401 1297 2442; x_wconf 83' lang='lat' dir='ltr'>est</span> <span class='ocrx_word' id='word_1_256' title='bbox 1311 2408 1373 2442; x_wconf 86' lang='lat' dir='ltr'>uer·</span> 
     </span>
     <span class='ocr_line' id='line_1_25' title="bbox 327 2481 542 2522; baseline -0.005 -3"><span class='ocrx_word' id='word_1_257' title='bbox 327 2487 420 2520; x_wconf 75' lang='lat' dir='ltr'>vonum</span> <span class='ocrx_word' id='word_1_258' title='bbox 431 2481 542 2522; x_wconf 81' lang='lat' dir='ltr'>textura.</span> 
     </span>
    </p>
   </div>
   <div class='ocr_carea' id='block_1_7' title="bbox 326 2607 1370 2919">
    <p class='ocr_par' dir='ltr' id='par_1_7' title="bbox 326 2607 1370 2919">
     <span class='ocr_line' id='line_1_26' title="bbox 362 2607 1370 2683; baseline 0.001 -20"><span class='ocrx_word' id='word_1_259' title='bbox 362 2612 429 2664; x_wconf 87' lang='lat' dir='ltr'>Nor.</span> <span class='ocrx_word' id='word_1_260' title='bbox 441 2611 483 2683; x_wconf 70' lang='grc'>74.</span> <span class='ocrx_word' id='word_1_261' title='bbox 506 2611 554 2664; x_wconf 83' lang='lat' dir='ltr'>Art</span> <span class='ocrx_word' id='word_1_262' title='bbox 569 2608 613 2664; x_wconf 81' lang='lat' dir='ltr'>ilii</span> <span class='ocrx_word' id='word_1_263' title='bbox 625 2620 716 2663; x_wconf 82' lang='lat' dir='ltr'>tremat</span> <span class='ocrx_word' id='word_1_264' title='bbox 729 2621 833 2664; x_wconf 81' lang='lat' dir='ltr'>omento</span> <span class='ocrx_word' id='word_1_265' title='bbox 846 2627 918 2682; x_wconf 85' lang='lat' dir='ltr'>popa</span> <span class='ocrx_word' id='word_1_266' title='bbox 932 2610 1038 2662; x_wconf 80' lang='lat' dir='ltr'>venter?</span> <span class='ocrx_word' id='word_1_267' title='bbox 1048 2639 1084 2650; x_wconf 97' lang='lat'>—</span> <span class='ocrx_word' id='word_1_268' title='bbox 1094 2609 1199 2662; x_wconf 87' lang='lat' dir='ltr'>Poetica</span> <span class='ocrx_word' id='word_1_269' title='bbox 1211 2607 1370 2682; x_wconf 87' lang='lat' dir='ltr'>periphrasis</span> 
     </span>
     <span class='ocr_line' id='line_1_27' title="bbox 327 2684 1370 2760; baseline -0.004 -19"><span class='ocrx_word' id='word_1_270' title='bbox 327 2708 393 2760; x_wconf 80' lang='lat' dir='ltr'>prot</span> <span class='ocrx_word' id='word_1_271' title='bbox 409 2693 457 2744; x_wconf 86' lang='lat' dir='ltr'>iste</span> <span class='ocrx_word' id='word_1_272' title='bbox 469 2707 529 2742; x_wconf 84' lang='lat' dir='ltr'>vero</span> <span class='ocrx_word' id='word_1_273' title='bbox 542 2701 673 2759; x_wconf 70' lang='lat' dir='ltr'>turgescat</span> <span class='ocrx_word' id='word_1_274' title='bbox 689 2685 859 2758; x_wconf 69' lang='lat' dir='ltr'>pinguedine.</span> <span class='ocrx_word' id='word_1_275' title='bbox 878 2717 913 2726; x_wconf 93' lang='lat'>-</span> <span class='ocrx_word' id='word_1_276' title='bbox 927 2687 975 2740; x_wconf 84' lang='lat' dir='ltr'>Art</span> <span class='ocrx_word' id='word_1_277' title='bbox 991 2684 1049 2750; x_wconf 74' lang='lat' dir='ltr'>itti‚·</span> <span class='ocrx_word' id='word_1_278' title='bbox 1063 2687 1175 2738; x_wconf 85' lang='lat' dir='ltr'>refertur</span> <span class='ocrx_word' id='word_1_279' title='bbox 1191 2685 1226 2738; x_wconf 82' lang='lat' dir='ltr'>ad</span> <span class='ocrx_word' id='word_1_280' title='bbox 1245 2687 1324 2742; x_wconf 78' lang='lat' dir='ltr'>mili.</span> <span class='ocrx_word' id='word_1_281' title='bbox 1336 2719 1370 2728; x_wconf 91' lang='lat'><em>-</em></span> 
     </span>
     <span class='ocr_line' id='line_1_28' title="bbox 328 2766 1370 2841; baseline 0.002 -21"><span class='ocrx_word' id='word_1_282' title='bbox 328 2769 425 2820; x_wconf 88' lang='lat' dir='ltr'>Venter</span> <span class='ocrx_word' id='word_1_283' title='bbox 435 2787 507 2841; x_wconf 86' lang='lat' dir='ltr'>popa</span> <span class='ocrx_word' id='word_1_284' title='bbox 519 2788 529 2828; x_wconf 89' lang='lat'>,·</span> <span class='ocrx_word' id='word_1_285' title='bbox 543 2780 583 2819; x_wconf 88' lang='lat' dir='ltr'>est</span> <span class='ocrx_word' id='word_1_286' title='bbox 603 2768 709 2838; x_wconf 86' lang='lat' dir='ltr'>proprie</span> <span class='ocrx_word' id='word_1_287' title='bbox 726 2786 798 2839; x_wconf 85' lang='lat' dir='ltr'>popa</span> <span class='ocrx_word' id='word_1_288' title='bbox 819 2767 938 2818; x_wconf 83' lang='lat' dir='ltr'>minister</span> <span class='ocrx_word' id='word_1_289' title='bbox 958 2766 1116 2833; x_wconf 86' lang='lat' dir='ltr'>sacerdotis,</span> <span class='ocrx_word' id='word_1_290' title='bbox 1134 2767 1309 2830; x_wconf 76' lang='lat' dir='ltr'>victimarius3</span> <span class='ocrx_word' id='word_1_291' title='bbox 1327 2766 1370 2822; x_wconf 81' lang='lat' dir='ltr'>hie</span> 
     </span>
     <span class='ocr_line' id='line_1_29' title="bbox 326 2833 1369 2919; baseline 0.004 -21"><span class='ocrx_word' id='word_1_292' title='bbox 326 2847 449 2899; x_wconf 76' lang='lat' dir='ltr'>translate</span> <span class='ocrx_word' id='word_1_293' title='bbox 461 2859 500 2898; x_wconf 87' lang='lat' dir='ltr'>est</span> <span class='ocrx_word' id='word_1_294' title='bbox 510 2859 599 2898; x_wconf 86' lang='lat' dir='ltr'>venter</span> <span class='ocrx_word' id='word_1_295' title='bbox 612 2845 716 2911; x_wconf 89' lang='lat' dir='ltr'>helluo,</span> <span class='ocrx_word' id='word_1_296' title='bbox 730 2845 854 2916; x_wconf 73' lang='lat' dir='ltr'>gulosus,</span> <span class='ocrx_word' id='word_1_297' title='bbox 871 2843 1061 2899; x_wconf 73' lang='lat' dir='ltr'>delicatissimis</span> <span class='ocrx_word' id='word_1_298' title='bbox 1072 2833 1156 2918; x_wconf 81' lang='lat' dir='ltr'>epulis</span> <span class='ocrx_word' id='word_1_299' title='bbox 1171 2847 1324 2919; x_wconf 48' lang='lat' dir='ltr'>saginatum</span> <span class='ocrx_word' id='word_1_300' title='bbox 1340 2862 1369 2902; x_wconf 87' lang='lat' dir='ltr'>ut</span> 
     </span>
    </p>
   </div>
   <div class='ocr_carea' id='block_1_8' title="bbox 324 2923 1368 3068">
    <p class='ocr_par' dir='ltr' id='par_1_8' title="bbox 324 2923 1368 3068">
     <span class='ocr_line' id='line_1_30' title="bbox 324 2923 1368 2999; baseline 0.002 -22"><span class='ocrx_word' id='word_1_301' title='bbox 324 2943 401 2998; x_wconf 75' lang='lat' dir='ltr'>popm</span> <span class='ocrx_word' id='word_1_302' title='bbox 414 2925 534 2977; x_wconf 87' lang='lat' dir='ltr'>solebant</span> <span class='ocrx_word' id='word_1_303' title='bbox 545 2927 707 2976; x_wconf 82' lang='lat' dir='ltr'>victimarum</span> <span class='ocrx_word' id='word_1_304' title='bbox 719 2924 840 2977; x_wconf 84' lang='lat' dir='ltr'>carnibus</span> <span class='ocrx_word' id='word_1_305' title='bbox 850 2925 947 2997; x_wconf 83' lang='lat' dir='ltr'>expleri</span> <span class='ocrx_word' id='word_1_306' title='bbox 960 2947 966 2977; x_wconf 73' lang='grc' dir='ltr'><strong><em>ε</em></strong></span> <span class='ocrx_word' id='word_1_307' title='bbox 978 2923 1033 2992; x_wconf 81' lang='lat' dir='ltr'>uel,</span> <span class='ocrx_word' id='word_1_308' title='bbox 1045 2925 1091 2997; x_wconf 89' lang='lat' dir='ltr'>qui</span> <span class='ocrx_word' id='word_1_309' title='bbox 1100 2938 1140 2978; x_wconf 89' lang='lat' dir='ltr'>tot</span> <span class='ocrx_word' id='word_1_310' title='bbox 1148 2944 1223 2996; x_wconf 70' lang='lat' dir='ltr'>pene</span> <span class='ocrx_word' id='word_1_311' title='bbox 1232 2927 1307 2979; x_wconf 75' lang='lat' dir='ltr'>oaedit</span> <span class='ocrx_word' id='word_1_312' title='bbox 1322 2947 1368 2999; x_wconf 89' lang='lat' dir='ltr'>pe-</span> 
     </span>
     <span class='ocr_line' id='line_1_31' title="bbox 325 2994 1368 3068; baseline 0.004 -21"><span class='ocrx_word' id='word_1_313' title='bbox 325 2997 406 3048; x_wconf 86' lang='lat' dir='ltr'>cudes</span> <span class='ocrx_word' id='word_1_314' title='bbox 418 2995 452 3048; x_wconf 90' lang='lat' dir='ltr'>ad</span> <span class='ocrx_word' id='word_1_315' title='bbox 464 3013 579 3048; x_wconf 87' lang='lat' dir='ltr'>mensam</span> <span class='ocrx_word' id='word_1_316' title='bbox 589 2994 783 3062; x_wconf 83' lang='lat' dir='ltr'>instruendam,</span> <span class='ocrx_word' id='word_1_317' title='bbox 796 3009 860 3068; x_wconf 88' lang='lat' dir='ltr'>quot</span> <span class='ocrx_word' id='word_1_318' title='bbox 872 3015 961 3068; x_wconf 74' lang='lat' dir='ltr'>popm,</span> <span class='ocrx_word' id='word_1_319' title='bbox 975 3014 1110 3048; x_wconf 83' lang='lat' dir='ltr'>sacrorum</span> <span class='ocrx_word' id='word_1_320' title='bbox 1120 3014 1208 3048; x_wconf 83' lang='lat' dir='ltr'>causa.</span> <span class='ocrx_word' id='word_1_321' title='bbox 1218 3027 1257 3040; x_wconf 89' lang='lat'>-</span> <span class='ocrx_word' id='word_1_322' title='bbox 1265 2999 1368 3051; x_wconf 62' lang='lat' dir='ltr'>Turnat</span> 
     </span>
    </p>
   </div>
   <div class='ocr_carea' id='block_1_9' title="bbox 325 3072 1234 3148">
    <p class='ocr_par' dir='ltr' id='par_1_9' title="bbox 325 3072 1234 3148">
     <span class='ocr_line' id='line_1_32' title="bbox 325 3072 1234 3148; baseline 0 -22"><span class='ocrx_word' id='word_1_323' title='bbox 325 3085 430 3128; x_wconf 82' lang='lat' dir='ltr'>omento</span> <span class='ocrx_word' id='word_1_324' title='bbox 435 3095 444 3138; x_wconf 81' lang='lat'>,-</span> <span class='ocrx_word' id='word_1_325' title='bbox 461 3073 579 3128; x_wconf 85' lang='lat' dir='ltr'>subsiliat</span> <span class='ocrx_word' id='word_1_326' title='bbox 592 3072 670 3146; x_wconf 81' lang='lat' dir='ltr'>adipe</span> <span class='ocrx_word' id='word_1_327' title='bbox 683 3086 709 3127; x_wconf 90' lang='lat' dir='ltr'>et</span> <span class='ocrx_word' id='word_1_328' title='bbox 719 3075 819 3147; x_wconf 74' lang='lat' dir='ltr'>pingui.</span> <span class='ocrx_word' id='word_1_329' title='bbox 839 3077 949 3148; x_wconf 78' lang='lat' dir='ltr'>Respice</span> <span class='ocrx_word' id='word_1_330' title='bbox 962 3075 996 3127; x_wconf 81' lang='lat' dir='ltr'>ad</span> <span class='ocrx_word' id='word_1_331' title='bbox 1006 3074 1059 3128; x_wconf 87' lang='lat' dir='ltr'>Sat.</span> <span class='ocrx_word' id='word_1_332' title='bbox 1072 3075 1234 3144; x_wconf 68' lang='lat' dir='ltr'>11‚n01.47.</span> 
     </span>
    </p>
   </div>
   <div class='ocr_carea' id='block_1_10' title="bbox 321 3197 1367 3911">
    <p class='ocr_par' dir='ltr' id='par_1_10' title="bbox 321 3197 1367 3911">
     <span class='ocr_line' id='line_1_33' title="bbox 360 3197 1367 3273; baseline 0.004 -23"><span class='ocrx_word' id='word_1_333' title='bbox 360 3201 426 3252; x_wconf 85' lang='lat' dir='ltr'>Nor.</span> <span class='ocrx_word' id='word_1_334' title='bbox 439 3201 482 3271; x_wconf 83' lang='lat'>75,</span> <span class='ocrx_word' id='word_1_335' title='bbox 496 3197 537 3270; x_wconf 89' lang='grc'>76.</span> <span class='ocrx_word' id='word_1_336' title='bbox 551 3198 639 3252; x_wconf 84' lang='lat' dir='ltr'>Vende</span> <span class='ocrx_word' id='word_1_337' title='bbox 647 3200 764 3252; x_wconf 82' lang='lat' dir='ltr'>unimam</span> <span class='ocrx_word' id='word_1_338' title='bbox 777 3199 862 3270; x_wconf 79' lang='lat' dir='ltr'>lucro,</span> <span class='ocrx_word' id='word_1_339' title='bbox 873 3219 997 3268; x_wconf 77' lang='lat' dir='ltr'>mercare,</span> <span class='ocrx_word' id='word_1_340' title='bbox 1008 3213 1087 3273; x_wconf 80' lang='lat' dir='ltr'>utque</span> <span class='ocrx_word' id='word_1_341' title='bbox 1098 3199 1276 3256; x_wconf 76' lang='lat' dir='ltr'>excutesolm</span> <span class='ocrx_word' id='word_1_342' title='bbox 1286 3203 1367 3256; x_wconf 82' lang='lat' dir='ltr'>Omne</span> 
     </span>
     <span class='ocr_line' id='line_1_34' title="bbox 325 3279 1364 3349; baseline 0.004 -19"><span class='ocrx_word' id='word_1_343' title='bbox 325 3279 393 3332; x_wconf 84' lang='lat' dir='ltr'>lutus</span> <span class='ocrx_word' id='word_1_344' title='bbox 400 3279 684 3333; x_wconf 71' lang='lat' dir='ltr'>mundi-Concludit</span> <span class='ocrx_word' id='word_1_345' title='bbox 690 3298 836 3333; x_wconf 86' lang='lat' dir='ltr'>sermonem</span> <span class='ocrx_word' id='word_1_346' title='bbox 843 3281 876 3334; x_wconf 94' lang='lat' dir='ltr'>de</span> <span class='ocrx_word' id='word_1_347' title='bbox 888 3281 1015 3334; x_wconf 79' lang='lat' dir='ltr'>servando</span> <span class='ocrx_word' id='word_1_348' title='bbox 1025 3283 1052 3332; x_wconf 90' lang='lat' dir='ltr'>in</span> <span class='ocrx_word' id='word_1_349' title='bbox 1059 3300 1108 3334; x_wconf 85' lang='lat' dir='ltr'>usu</span> <span class='ocrx_word' id='word_1_350' title='bbox 1119 3279 1269 3334; x_wconf 82' lang='lat' dir='ltr'>divitiarum</span> <span class='ocrx_word' id='word_1_351' title='bbox 1277 3281 1364 3349; x_wconf 85' lang='lat' dir='ltr'>modo,</span> 
     </span>
     <span class='ocr_line' id='line_1_35' title="bbox 324 3359 1364 3436; baseline 0.003 -24"><span class='ocrx_word' id='word_1_352' title='bbox 324 3359 506 3432; x_wconf 85' lang='lat' dir='ltr'>invehiturque</span> <span class='ocrx_word' id='word_1_353' title='bbox 519 3363 546 3414; x_wconf 89' lang='lat' dir='ltr'>iu</span> <span class='ocrx_word' id='word_1_354' title='bbox 561 3379 668 3429; x_wconf 81' lang='lat' dir='ltr'>svaros,</span> <span class='ocrx_word' id='word_1_355' title='bbox 678 3360 773 3432; x_wconf 90' lang='lat' dir='ltr'>quibus</span> <span class='ocrx_word' id='word_1_356' title='bbox 789 3360 854 3415; x_wconf 89' lang='lat' dir='ltr'>nihil</span> <span class='ocrx_word' id='word_1_357' title='bbox 872 3361 949 3415; x_wconf 77' lang='lat' dir='ltr'>affert</span> <span class='ocrx_word' id='word_1_358' title='bbox 962 3361 1027 3414; x_wconf 91' lang='lat' dir='ltr'>boni</span> <span class='ocrx_word' id='word_1_359' title='bbox 1045 3381 1108 3415; x_wconf 85' lang='lat' dir='ltr'>auus</span> <span class='ocrx_word' id='word_1_360' title='bbox 1124 3361 1209 3430; x_wconf 78' lang='lat' dir='ltr'>furor,</span> <span class='ocrx_word' id='word_1_361' title='bbox 1231 3381 1364 3436; x_wconf 76' lang='lat' dir='ltr'>nunquam</span> 
     </span>
     <span class='ocr_line' id='line_1_36' title="bbox 324 3437 1363 3513; baseline 0.003 -22"><span class='ocrx_word' id='word_1_362' title='bbox 324 3440 473 3492; x_wconf 80' lang='lat' dir='ltr'>exsatiatus.</span> <span class='ocrx_word' id='word_1_363' title='bbox 487 3469 523 3479; x_wconf 91' lang='lat'>-</span> <span class='ocrx_word' id='word_1_364' title='bbox 543 3437 632 3494; x_wconf 84' lang='lat' dir='ltr'>Vende</span> <span class='ocrx_word' id='word_1_365' title='bbox 642 3443 759 3494; x_wconf 85' lang='lat' dir='ltr'>animam</span> <span class='ocrx_word' id='word_1_366' title='bbox 777 3440 864 3504; x_wconf 62' lang='lat' dir='ltr'>tucrof</span> <span class='ocrx_word' id='word_1_367' title='bbox 877 3441 1028 3494; x_wconf 74' lang='lat' dir='ltr'>Grecotutn</span> <span class='ocrx_word' id='word_1_368' title='bbox 1041 3454 1080 3494; x_wconf 82' lang='lat' dir='ltr'>est</span> <span class='ocrx_word' id='word_1_369' title='bbox 1099 3440 1199 3494; x_wconf 86' lang='lat' dir='ltr'>dictum</span> <span class='ocrx_word' id='word_1_370' title='bbox 1212 3442 1363 3513; x_wconf 76' lang='lat' dir='ltr'>vulgatum</span> 
     </span>
     <span class='ocr_line' id='line_1_37' title="bbox 324 3514 1364 3591; baseline 0.004 -21"><span class='ocrx_word' id='word_1_371' title='bbox 324 3518 434 3572; x_wconf 70' lang='grc' dir='ltr'>θανάτου</span> <span class='ocrx_word' id='word_1_372' title='bbox 446 3519 507 3572; x_wconf 74' lang='lat' dir='ltr'>clrior</span> <span class='ocrx_word' id='word_1_373' title='bbox 518 3514 544 3571; x_wconf 82' lang='lat' dir='ltr'>ri</span> <span class='ocrx_word' id='word_1_374' title='bbox 556 3517 644 3587; x_wconf 75' lang='lat' dir='ltr'>ripdor,</span> <span class='ocrx_word' id='word_1_375' title='bbox 658 3519 699 3573; x_wconf 84' lang='lat' dir='ltr'>rel</span> <span class='ocrx_word' id='word_1_376' title='bbox 712 3521 801 3591; x_wconf 88' lang='lat' dir='ltr'>potius</span> <span class='ocrx_word' id='word_1_377' title='bbox 814 3519 915 3574; x_wconf 80' lang='lat' dir='ltr'>Gallica</span> <span class='ocrx_word' id='word_1_378' title='bbox 931 3533 1022 3574; x_wconf 84' lang='lat' dir='ltr'>nostra</span> <span class='ocrx_word' id='word_1_379' title='bbox 1035 3519 1152 3574; x_wconf 85' lang='lat' dir='ltr'>locutio:</span> <span class='ocrx_word' id='word_1_380' title='bbox 1167 3521 1210 3574; x_wconf 83' lang='lat' dir='ltr'>des</span> <span class='ocrx_word' id='word_1_381' title='bbox 1223 3522 1294 3574; x_wconf 69' lang='grc' dir='ltr'><strong><em>ἄπιος</em></strong></span> <span class='ocrx_word' id='word_1_382' title='bbox 1308 3541 1364 3574; x_wconf 83' lang='lat' dir='ltr'>veu-</span> 
     </span>
     <span class='ocr_line' id='line_1_38' title="bbox 323 3595 1363 3672; baseline 0.003 -23"><span class='ocrx_word' id='word_1_383' title='bbox 323 3599 383 3650; x_wconf 82' lang='lat' dir='ltr'>dues</span> <span class='ocrx_word' id='word_1_384' title='bbox 393 3600 410 3648; x_wconf 81' lang='grc' dir='ltr'><em>ὰ</em></span> <span class='ocrx_word' id='word_1_385' title='bbox 422 3595 537 3651; x_wconf 73' lang='lat' dir='ltr'>t&#39;inurts.</span> <span class='ocrx_word' id='word_1_386' title='bbox 550 3629 587 3639; x_wconf 98' lang='lat'>—</span> <span class='ocrx_word' id='word_1_387' title='bbox 600 3602 728 3662; x_wconf 69' lang='lat' dir='ltr'>Metram</span> <span class='ocrx_word' id='word_1_388' title='bbox 743 3601 844 3672; x_wconf 88' lang='lat' dir='ltr'>respice</span> <span class='ocrx_word' id='word_1_389' title='bbox 859 3600 893 3652; x_wconf 80' lang='lat' dir='ltr'>ad</span> <span class='ocrx_word' id='word_1_390' title='bbox 907 3601 960 3656; x_wconf 85' lang='lat' dir='ltr'>Sat.</span> <span class='ocrx_word' id='word_1_391' title='bbox 978 3602 1017 3665; x_wconf 84' lang='lat' dir='ltr'>V,</span> <span class='ocrx_word' id='word_1_392' title='bbox 1032 3619 1070 3653; x_wconf 85' lang='lat' dir='ltr'>vs.</span> <span class='ocrx_word' id='word_1_393' title='bbox 1088 3601 1144 3654; x_wconf 77' lang='lat'>135.</span> <span class='ocrx_word' id='word_1_394' title='bbox 1154 3630 1190 3642; x_wconf 93' lang='lat'>-</span> <span class='ocrx_word' id='word_1_395' title='bbox 1199 3601 1299 3662; x_wconf 65' lang='lat' dir='ltr'>Solus,-</span> <span class='ocrx_word' id='word_1_396' title='bbox 1312 3600 1363 3652; x_wconf 88' lang='lat' dir='ltr'>oal-</span> 
     </span>
     <span class='ocr_line' id='line_1_39' title="bbox 323 3675 1363 3746; baseline 0.005 -19"><span class='ocrx_word' id='word_1_397' title='bbox 323 3675 406 3742; x_wconf 85' lang='lat' dir='ltr'>lidus,</span> <span class='ocrx_word' id='word_1_398' title='bbox 419 3679 568 3746; x_wconf 73' lang='lat' dir='ltr'>ingeniosus</span> <span class='ocrx_word' id='word_1_399' title='bbox 581 3680 608 3729; x_wconf 95' lang='lat' dir='ltr'>in</span> <span class='ocrx_word' id='word_1_400' title='bbox 621 3678 695 3730; x_wconf 89' lang='lat' dir='ltr'>lucro</span> <span class='ocrx_word' id='word_1_401' title='bbox 713 3679 851 3731; x_wconf 74' lang='lat' dir='ltr'>furiendo!</span> <span class='ocrx_word' id='word_1_402' title='bbox 864 3683 900 3732; x_wconf 85' lang='lat' dir='ltr'>sio</span> <span class='ocrx_word' id='word_1_403' title='bbox 912 3679 962 3733; x_wconf 87' lang='lat' dir='ltr'>loo.</span> <span class='ocrx_word' id='word_1_404' title='bbox 977 3683 1021 3732; x_wconf 86' lang='lat' dir='ltr'>eit.</span> <span class='ocrx_word' id='word_1_405' title='bbox 1035 3681 1087 3734; x_wconf 84' lang='lat' dir='ltr'>Sat.</span> <span class='ocrx_word' id='word_1_406' title='bbox 1104 3682 1143 3746; x_wconf 89' lang='lat' dir='ltr'>V,</span> <span class='ocrx_word' id='word_1_407' title='bbox 1155 3679 1219 3733; x_wconf 89' lang='lat' dir='ltr'>disit</span> <span class='ocrx_word' id='word_1_408' title='bbox 1230 3693 1300 3733; x_wconf 81' lang='lat' dir='ltr'>verte</span> <span class='ocrx_word' id='word_1_409' title='bbox 1315 3679 1363 3732; x_wconf 79' lang='lat' dir='ltr'>ali·</span> 
     </span>
     <span class='ocr_line' id='line_1_40' title="bbox 321 3757 1361 3830; baseline 0.008 -24"><span class='ocrx_word' id='word_1_410' title='bbox 321 3757 393 3826; x_wconf 81' lang='lat' dir='ltr'>quid.</span> <span class='ocrx_word' id='word_1_411' title='bbox 405 3785 440 3797; x_wconf 91' lang='lat'>·-·</span> <span class='ocrx_word' id='word_1_412' title='bbox 453 3757 552 3808; x_wconf 79' lang='lat' dir='ltr'>Excute</span> <span class='ocrx_word' id='word_1_413' title='bbox 563 3757 646 3810; x_wconf 86' lang='lat' dir='ltr'>Omne</span> <span class='ocrx_word' id='word_1_414' title='bbox 657 3758 725 3811; x_wconf 79' lang='lat' dir='ltr'>latus</span> <span class='ocrx_word' id='word_1_415' title='bbox 739 3761 832 3812; x_wconf 84' lang='lat' dir='ltr'>mundi</span> <span class='ocrx_word' id='word_1_416' title='bbox 836 3780 846 3822; x_wconf 90' lang='lat'>,·</span> <span class='ocrx_word' id='word_1_417' title='bbox 865 3773 951 3813; x_wconf 79' lang='lat' dir='ltr'>totuin</span> <span class='ocrx_word' id='word_1_418' title='bbox 963 3759 1054 3812; x_wconf 85' lang='lat' dir='ltr'>orbem</span> <span class='ocrx_word' id='word_1_419' title='bbox 1068 3777 1197 3830; x_wconf 56' lang='lat' dir='ltr'>percara,</span> <span class='ocrx_word' id='word_1_420' title='bbox 1208 3773 1235 3812; x_wconf 86' lang='lat' dir='ltr'>et</span> <span class='ocrx_word' id='word_1_421' title='bbox 1248 3773 1361 3826; x_wconf 67' lang='lat' dir='ltr'>scrutate</span> 
     </span>
     <span class='ocr_line' id='line_1_41' title="bbox 322 3835 1276 3911; baseline 0.006 -27"><span class='ocrx_word' id='word_1_422' title='bbox 322 3853 414 3888; x_wconf 87' lang='lat' dir='ltr'>ornnes</span> <span class='ocrx_word' id='word_1_423' title='bbox 428 3853 496 3889; x_wconf 84' lang='lat' dir='ltr'>ores.</span> <span class='ocrx_word' id='word_1_424' title='bbox 508 3837 637 3888; x_wconf 83' lang='lat' dir='ltr'>Convenit</span> <span class='ocrx_word' id='word_1_425' title='bbox 651 3835 718 3890; x_wconf 69' lang='lat' dir='ltr'>latter</span> <span class='ocrx_word' id='word_1_426' title='bbox 733 3855 794 3890; x_wconf 86' lang='lat' dir='ltr'>cum</span> <span class='ocrx_word' id='word_1_427' title='bbox 808 3849 911 3905; x_wconf 63' lang='lat' dir='ltr'>auus,</span> <span class='ocrx_word' id='word_1_428' title='bbox 922 3857 957 3892; x_wconf 90' lang='lat' dir='ltr'>ne</span> <span class='ocrx_word' id='word_1_429' title='bbox 970 3837 1102 3892; x_wconf 84' lang='lat' dir='ltr'>claudicet</span> <span class='ocrx_word' id='word_1_430' title='bbox 1112 3838 1276 3911; x_wconf 83' lang='lat' dir='ltr'>metaphora.</span> 
     </span>
    </p>
   </div>
   <div class='ocr_carea' id='block_1_11' title="bbox 321 3982 1359 4121">
    <p class='ocr_par' dir='ltr' id='par_1_11' title="bbox 321 3982 1359 4121">
     <span class='ocr_line' id='line_1_42' title="bbox 352 3982 1359 4050; baseline 0.009 -24"><span class='ocrx_word' id='word_1_431' title='bbox 352 3982 413 4028; x_wconf 72' lang='lat' dir='ltr'>Vin.</span> <span class='ocrx_word' id='word_1_432' title='bbox 426 3997 464 4045; x_wconf 93' lang='grc'>77.</span> <span class='ocrx_word' id='word_1_433' title='bbox 482 3983 626 4046; x_wconf 79' lang='lat' dir='ltr'>Cappadocus</span> <span class='ocrx_word' id='word_1_434' title='bbox 637 3985 708 4050; x_wconf 57' lang='lat' dir='ltr'>rupida</span> <span class='ocrx_word' id='word_1_435' title='bbox 718 3987 813 4048; x_wconf 75' lang='lat' dir='ltr'>pinques</span> <span class='ocrx_word' id='word_1_436' title='bbox 822 3989 911 4050; x_wconf 77' lang='lat' dir='ltr'>purim</span> <span class='ocrx_word' id='word_1_437' title='bbox 922 3995 1017 4034; x_wconf 85' lang='lat' dir='ltr'>outustu.</span> <span class='ocrx_word' id='word_1_438' title='bbox 1030 4013 1062 4024; x_wconf 94' lang='lat'><em>-</em></span> <span class='ocrx_word' id='word_1_439' title='bbox 1072 3989 1109 4034; x_wconf 86' lang='lat' dir='ltr'>Sic</span> <span class='ocrx_word' id='word_1_440' title='bbox 1119 3988 1199 4034; x_wconf 85' lang='lat' dir='ltr'>lerunt</span> <span class='ocrx_word' id='word_1_441' title='bbox 1211 3989 1277 4034; x_wconf 80' lang='lat' dir='ltr'>MMS</span> <span class='ocrx_word' id='word_1_442' title='bbox 1295 3988 1359 4035; x_wconf 84' lang='lat' dir='ltr'>Codi-</span> 
     </span>
     <span class='ocr_line' id='line_1_43' title="bbox 321 4051 1358 4121; baseline 0.008 -27"><span class='ocrx_word' id='word_1_443' title='bbox 321 4063 359 4095; x_wconf 85' lang='lat' dir='ltr'>cer</span> <span class='ocrx_word' id='word_1_444' title='bbox 372 4051 432 4108; x_wconf 67' lang='lat'>⁸048</span> <span class='ocrx_word' id='word_1_445' title='bbox 442 4065 465 4098; x_wconf 83' lang='lat' dir='ltr'>et</span> <span class='ocrx_word' id='word_1_446' title='bbox 473 4051 546 4116; x_wconf 64' lang='lat'><strong>8273:</strong></span> <span class='ocrx_word' id='word_1_447' title='bbox 560 4054 592 4100; x_wconf 85' lang='lat' dir='ltr'>tie</span> <span class='ocrx_word' id='word_1_448' title='bbox 605 4065 670 4100; x_wconf 85' lang='lat' dir='ltr'>retus</span> <span class='ocrx_word' id='word_1_449' title='bbox 678 4053 760 4118; x_wconf 73' lang='lat' dir='ltr'>legisse</span> <span class='ocrx_word' id='word_1_450' title='bbox 770 4056 861 4104; x_wconf 83' lang='lat' dir='ltr'>ridetur</span> <span class='ocrx_word' id='word_1_451' title='bbox 873 4057 1023 4116; x_wconf 68' lang='lat' dir='ltr'>nebettam,</span> <span class='ocrx_word' id='word_1_452' title='bbox 1036 4059 1078 4121; x_wconf 82' lang='lat' dir='ltr'>qui</span> <span class='ocrx_word' id='word_1_453' title='bbox 1086 4071 1167 4106; x_wconf 84' lang='lat' dir='ltr'>monet</span> <span class='ocrx_word' id='word_1_454' title='bbox 1175 4071 1201 4114; x_wconf 77' lang='lat' dir='ltr'>‚et</span> <span class='ocrx_word' id='word_1_455' title='bbox 1207 4059 1302 4106; x_wconf 82' lang='lat' dir='ltr'>alteram</span> <span class='ocrx_word' id='word_1_456' title='bbox 1312 4073 1358 4105; x_wconf 77' lang='lat' dir='ltr'>erse</span> 
     </span>
    </p>
   </div>
   <div class='ocr_carea' id='block_1_12' title="bbox 0 0 1524 4932">
    <p class='ocr_par' dir='ltr' id='par_1_12' title="bbox 0 0 1524 4932">
     <span class='ocr_line' id='line_1_44' title="bbox 0 0 1524 4932; baseline 0 4"><span class='ocrx_word' id='word_1_457' title='bbox 0 0 1524 4932; x_wconf 95' lang='lat' dir='ltr'> </span> 
     </span>
    </p>
   </div>
  </div>
 </body>
</html>
