3026 4944
399 477 569 542 sarran
594 435 757 545 uulua,

75 606 208 676 Laudant
219 607 389 672 convivae:
402 628 494 675 nuuc
504 627 573 672 nou
585 629 606 672 e
615 607 772 674 manibus
784 606 866 692 illis,

75 724 159 786 Nunc
168 713 410 785 nonetumulo
421 715 658 812 fortunataque
668 715 783 786 favilla

77 834 240 896 desecetur
249 825 900 912 violae?—Ridee,ait,etnimisuncis
1067 848 1104 916 4ο

77 940 197 1008 Naribus
209 937 376 1030 indulges.
389 944 441 1005 An
454 940 533 1022 erit,
547 941 607 1032 qui
617 937 704 1006 velle
715 956 847 1008 recuset
940 970 941 974 ¹

75 1056 112 1121 Os
120 1051 229 1145 populi
241 1043 422 1137 meruisse3
436 1065 486 1132 et,
497 1049 598 1118 cedro
610 1049 712 1142 digna
722 1049 868 1134 locutus,

71 1167 221 1258 Linquere
232 1183 296 1230 nec
307 1159 482 1230 scombros
493 1163 933 1247 metuentiacermina,nec
943 1163 1047 1236 thus?

71 1316 109 1326 -
117 1276 271 1370 Quisquis
283 1297 335 1356 es,
348 1295 370 1339 o
381 1272 483 1339 modo
495 1297 597 1368 quem
609 1297 651 1340 ex
662 1273 805 1342 adverso
816 1273 927 1344 dicere
938 1278 1022 1361 feci,

71 1391 134 1452 Non
145 1409 220 1477 ego,
233 1409 341 1480 quum
354 1383 478 1468 scribo,
492 1387 521 1453 ai
533 1384 619 1452 forte
631 1384 714 1480 quid
725 1387 837 1478 aptius
850 1390 934 1472 exit,
1070 1401 1105 1472 45

71 1496 216 1583 [Quando
228 1494 300 1563 baec
312 1519 388 1562 rara
399 1497 469 1562 avis
481 1499 551 1581 est)
564 1497 592 1563 si
608 1493 689 1590 quid
700 1511 815 1564 tamen
826 1501 937 1590 aptius
950 1501 1035 1582 exit,

71 1606 201 1674 Laudari
211 1622 378 1689 metuem3
391 1608 605 1701 nequeenim
615 1606 699 1674 mibi
711 1631 834 1678 cornea
845 1608 930 1676 fibra
941 1625 1001 1678 est.

71 1716 122 1787 Sed
134 1719 213 1787 recti
226 1717 398 1812 finemque
411 1733 667 1812 extremumque
680 1741 753 1786 esee
766 1743 885 1789 recuso

71 1833 259 1898 ducatuum
270 1846 304 1896 et
317 1850 426 1896 annun.
440 1833 525 1896 Nam
538 1850 636 1896 uacca
647 1825 712 1896 boc
724 1846 843 1898 excute
855 1847 980 1900 totum:

71 1937 848 2026 Qudnonintusbabetinonhicestlliasdttl
1072 1955 1107 2010 50

71 2053 156 2120 Ebria
167 2055 320 2120 veratro?
331 2075 417 2134 non,
431 2053 459 2118 si
471 2075 538 2146 qua
550 2048 691 2143 elegidia
703 2051 798 2119 crudi

71 2169 234 2232 dictarunt
244 2167 421 2256 proceres?
432 2188 516 2244 non,
530 2161 694 2258 quidquid
706 2163 852 2259 denique
862 2163 956 2233 lectis

71 2345 150 2405 [uam
166 2325 209 2383 sic
226 2334 369 2405 exceptus
387 2322 450 2383 est?
468 2325 579 2384 Nonne
597 2324 676 2383 cinis
695 2322 760 2405 ejus
780 2323 905 2384 mollius
926 2322 1108 2404 requiescit?

71 2422 168 2480 lonne
183 2419 261 2501 lapis
273 2422 327 2501 qui
342 2422 441 2501 surgit
458 2421 492 2480 in
511 2419 685 2501 sepultura,
701 2419 799 2480 le'vior
812 2421 965 2480 incumbit
976 2419 1108 2502 jacenti?

71 2517 191 2576 audant
201 2518 313 2598 excepti
322 2517 468 2577 convivio
478 2529 508 2576 et
517 2518 597 2598 pasti
609 2514 768 2576 homines:
782 2538 887 2576 nonne
898 2515 973 2575 binc
982 2520 1040 2576 erit
1051 2520 1108 2576 im·

71 2611 330 2672 nontalislllonne
338 2610 460 2671 tumulo
469 2611 559 2670 flores
569 2611 782 2684 innascentur‚
790 2611 990 2690 orienturque
999 2631 1033 2670 ex
1044 2611 1108 2694 ejus

71 2711 234 2770 cecissimo
246 2708 359 2770 busto?
372 2743 410 2754 -
426 2710 562 2784 locaris,
577 2708 657 2769 dicet
674 2705 750 2768 mibi
767 2707 975 2782 adversarius,
990 2722 1019 2768 et
1033 2711 1108 2769 risui

71 2809 145 2867 ,imis
158 2807 312 2889 indulges.
326 2809 465 2883 Etenim,
478 2830 519 2868 en
531 2822 574 2868 eet
586 2803 751 2888 quisquam
766 2806 947 2884 hominum,
960 2810 1014 2889 qui
1027 2809 1108 2869 nolit

71 2909 163 2967 uereri
174 2908 294 2968 famam
305 2923 335 2967 et
344 2907 464 2978 laudes3
482 2909 552 2988 qui,
564 2906 695 2966 simodo
706 2906 781 2986 quid
791 2906 966 2967 condiderit
975 2907 1107 2988 dignum

71 3005 199 3065 eser-vm
209 3004 338 3064 cedrino
346 3002 520 3079 oleo,nolit
529 3001 589 3063 hoc
596 3005 767 3063 consecrari
777 3003 815 3062 ad
827 3003 1106 3083 immortalitatem,

71 3103 132 3161 :ita
148 3101 261 3162 haberi
272 3103 305 3160 in
319 3103 432 3182 pretio,
447 3115 482 3161 ut
493 3122 593 3181 neque
605 3100 852 3160 salsamentarioa
863 3114 994 3178 metuet,
1007 3123 1107 3183 neque

71 3198 231 3259 rorarios?
246 3235 286 3245 -
302 3199 391 3273 Otu,
405 3201 543 3280 quisquis
556 3221 601 3274 ee,
616 3219 709 3278 quem
723 3219 780 3278 ego
793 3196 871 3257 mihi
890 3199 982 3260 statui
998 3199 1106 3259 adver-

71 3299 167 3355 trium
185 3311 219 3355 et
235 3317 356 3355 mecum
375 3296 470 3356 modo
484 3295 727 3378 colloquentem,
742 3296 765 3355 ai
780 3294 855 3376 quid
873 3294 1017 3370 forsitan,
1030 3296 1105 3356 dum

71 3394 169 3468 cibo,
186 3395 263 3452 satis
280 3392 476 3474 probandum
496 3392 644 3452 ediderim
660 3395 856 3472 (quanquam
873 3391 940 3452 haec
956 3395 1020 3452 avie
1036 3415 1106 3453 rare

71 3507 100 3565 t,
114 3503 152 3550 ut
162 3493 211 3550 ait
219 3489 416 3570 pmoerbium)
428 3490 479 3550 sed
489 3491 513 3549 si
525 3489 600 3570 quid
610 3489 671 3548 tale
680 3488 844 3563 ediderim,
858 3491 961 3550 nonis
973 3511 1040 3550 eum
1051 3493 1106 3571 qui

71 3589 172 3649 udari
183 3591 317 3649 timeam
327 3611 335 3660 3
346 3592 536 3670 nequeenim
546 3585 735 3648 coreetmibi
746 3587 903 3669 lapideum
911 3634 919 3664 ,
927 3589 1011 3668 quod
1020 3589 1107 3649 nulla

71 3690 146 3748 rasit
162 3686 261 3746 laude
277 3687 407 3746 titillari.
430 3689 707 3748 verumenimvero
729 3707 808 3767 nego
833 3700 949 3745 rectum
976 3687 1107 3768 pendere

71 3807 74 3843 2
87 3783 145 3844 his
158 3783 440 3844 acclamationibus
455 3783 589 3866 pulchre,
604 3783 690 3858 benc,
706 3803 783 3864 quaa
795 3797 830 3842 tu
842 3796 962 3842 tautum
971 3785 1108 3864 jactitas,

71 3903 140 3963 que
155 3883 200 3941 iis
215 3883 387 3942 terminari.
408 3882 541 3964 Explora
554 3884 638 3942 enim
655 3883 725 3940 istas
737 3901 826 3941 voces
839 3879 932 3961 paulo
945 3882 1108 3954 attentius,

71 3981 167 4060 ¹quid
180 3981 362 4062 significent
374 3982 521 4042 intueare.
538 3983 594 4042 Cui
608 3981 694 4063 operi
707 4001 773 4040 non
784 3979 983 4039 tribuuntur?
996 3981 1108 4038 Nonne

71 4077 94 4134 ti
115 4075 217 4136 lliadi
236 4078 432 4152 tribuuntur,
452 4098 546 4157 quam
562 4077 683 4158 scripsit
700 4077 814 4150 Attius,
832 4075 936 4133 ebrius
951 4071 1108 4132 elleboro?

71 4194 161 4235 nune
174 4175 244 4234 istis
254 4174 411 4238 versiculis
420 4171 527 4256 elegis,
540 4195 618 4255 quoe
628 4173 820 4234 dictaverunt
831 4189 971 4254 proceres
982 4191 1107 4252 gravem

134 4272 216 4370 III,
926 4293 944 4338 2
