2986 4924
364 482 430 550 216
537 481 987 550 vuermnucrrorsrs
1010 483 1072 576 eq
1097 481 1232 590 sore

396 613 465 664 Nou.
475 609 523 676 66,
536 609 580 682 57.
597 611 657 664 ΟΜ
670 607 784 682 lsocflet.
793 609 910 662 -Idmn
920 609 1039 684 crosfiet.
1047 610 1171 680 -Quid,
1183 611 1257 684 quusi
1267 618 1407 684 moyseum?

360 693 463 764 Nempe
476 690 544 743 diem
557 692 645 744 donas.
655 719 692 731 -·
704 690 833 744 Solemnis
847 689 893 742 illa
904 703 943 742 est
957 688 1029 762 epud
1043 691 1162 742 Persium
1174 689 1271 759 ligura,
1282 689 1405 761 dirilngis-

361 791 428 824 mus.
442 773 491 824 Hic
502 770 557 822 vult
572 767 732 841 exprimere,
746 785 775 822 ut
787 770 821 823 dc
835 769 878 824 die
889 773 915 822 in
928 771 999 823 diem
1010 770 1137 822 different
1150 769 1278 822 desidiosi
1294 771 1404 824 studium

360 851 550 924 philosophiae:
561 852 637 922 lingit
647 853 727 922 igitur
738 852 789 904 sibi
800 850 963 904 succlamare
975 869 1058 904 unum
1071 863 1085 904 e
1097 851 1200 904 multis:
1216 853 1278 904 Cras
1286 851 1340 904 lrec
1354 851 1404 924 fiet.

359 931 449 984 -Gui
459 935 517 1004 ipse
531 937 638 1004 reponit
650 954 655 984 :
670 933 738 985 idem
750 930 869 1005 erosfiet.
877 931 1031 998 -Subjicit
1041 949 1104 982 vero
1117 929 1266 984 desidiosus
1276 930 1406 984 reluctans

358 1027 387 1066 et
400 1012 542 1084 indignans
556 1033 562 1064 ε
580 1013 660 1084 Quid,
677 1013 751 1085 quusi
763 1031 889 1084 moyseum
897 1052 907 1079 ,
920 1027 970 1064 etc.
985 1041 1021 1052 -
1033 1009 1149 1065 Similem
1165 1008 1249 1064 habet
1266 1025 1293 1063 et
1304 1024 1406 1065 senten·

359 1094 422 1144 tiam
435 1104 462 1144 et
475 1093 612 1145 sententiae
620 1090 858 1144 formenrblertial.
870 1091 909 1156 V,
922 1089 972 1158 58,
990 1105 1000 1140 r
1013 1108 1071 1163 sqq:
1084 1088 1145 1142 Vid.
1154 1102 1225 1143 nost.
1235 1089 1286 1143 Ed.
1297 1104 1363 1143 tom.
1373 1093 1405 1156 11,

359 1191 387 1242 P·
400 1189 442 1242 77·

564 1287 618 1328 Cras
627 1287 648 1328 te
657 1283 780 1338 victurum,
790 1263 915 1336 maletus,
924 1282 1054 1338 Posthunre,
1065 1253 1158 1341 semper.

603 1353 641 1396 Dic
651 1353 719 1406 milri,
727 1365 779 1395 eros
787 1351 857 1405 istud,
867 1351 996 1405 Pathum,
1005 1349 1094 1408 quando
1104 1349 1172 1394 venit!
1185 1383 1191 1394 .
1207 1383 1214 1393 .
1230 1382 1236 1393 .
1253 1383 1258 1393 .

359 1454 478 1524 Apparet
495 1471 557 1506 sero
572 1471 603 1506 ex
622 1453 736 1524 Epicteti
752 1449 923 1516 Euchiridio,
939 1469 999 1523 cep,
1013 1451 1085 1519 LlX,
1101 1469 1133 1502 ex
1146 1450 1250 1502 Arriani
1268 1451 1405 1504 Dissertst.

358 1532 393 1582 tv
399 1569 407 1597 ,
423 1548 467 1594 ra,
480 1534 598 1603 itemque
613 1532 743 1584 eScnecae
755 1530 828 1583 libris
839 1529 967 1582 familiare
983 1529 1065 1583 fuisse
1077 1531 1104 1580 in
1116 1547 1162 1580 orc
1176 1530 1329 1584 Stoicorum
1345 1549 1406 1601 pre·

358 1624 465 1683 ceptum
476 1632 483 1662 =
494 1611 576 1663 Parce
588 1610 706 1683 tempori.
715 1641 753 1653 -
761 1611 842 1682 Quid,
856 1611 929 1684 quasi
942 1611 1087 1684 moyseum?
1100 1621 1139 1661 est
1152 1609 1315 1680 impatientis
1327 1623 1354 1662 et
1370 1613 1406 1661 in·

358 1691 491 1763 dignantis
503 1711 569 1759 vox,
583 1691 657 1764 qnod
668 1690 719 1744 sibi
731 1711 764 1744 ne
776 1694 854 1744 unius
868 1691 973 1763 quidem
986 1690 1055 1755 diei,
1068 1686 1149 1762 'quod
1163 1701 1216 1741 tem
1227 1707 1342 1761 parsum
1356 1703 1406 1757 est,

359 1771 497 1825 concessio
510 1769 562 1824 liet.
575 1773 678 1844 Nesope
683 1792 693 1834 ,·
707 1770 857 1843 emphatice
870 1772 945 1842 qnasi
955 1768 1062 1822 dixisset
1075 1791 1080 1821 :
1092 1768 1158 1822 nihil
1169 1769 1293 1841 amplius.

389 1895 451 1940 Vsu.
464 1893 503 1950 67.
515 1894 571 1950 Sed,
582 1909 653 1959 quum
668 1891 710 1940 lus
720 1891 794 1941 altero
806 1896 875 1942 venit.
885 1918 918 1930 -
927 1893 1022 1956 Legitur
1032 1893 1057 1939 in
1068 1892 1155 1940 Codice
1168 1891 1337 1940 Acbaintriuno
1348 1909 1354 1938 ε
1366 1895 1408 1941 Sed

353 1967 404 2027 jam
418 1962 460 2010 lue
475 1963 548 2010 altem
564 1965 638 2022 verriu
653 1981 705 2028 qum
724 1966 779 2012 satis
798 1977 821 2010 et
839 1967 890 2028 ipss
905 1966 1015 2011 convenit
1031 1963 1114 2020 lectio,
1132 1963 1208 2010 suiuus
1226 1975 1305 2011 tanen
1321 1963 1406 2012 babere

357 2035 449 2084 videtur
460 2037 612 2100 simplicitatis
621 2050 644 2084 et
655 2037 783 2085 letiniutis.

393 2133 459 2184 Nor.
470 2132 513 2203 67.
526 2133 592 2202 Sed,
600 2151 681 2208 quum
696 2131 743 2184 lus
753 2129 836 2185 altere
848 2133 1038 2197 uenit-Sed,
1051 2144 1155 2203 spectet
1163 2131 1198 2184 ad
1206 2132 1250 2197 id,
1261 2132 1338 2206 qnod
1346 2132 1406 2186 sub-

359 2212 466 2266 auditur
480 2211 604 2285 quidem,
618 2215 680 2267 setis
693 2233 756 2267 sero
769 2213 923 2285 suppletur,
938 2212 1031 2265 ‹lilntio
1044 2214 1123 2266 nnius
1136 2211 1189 2266 diei
1200 2231 1283 2285 parva
1298 2214 1406 2285 quidem

357 2313 407 2368 per
419 2311 447 2348 se
460 2311 501 2346 res
515 2307 572 2357 est;
585 2294 641 2360 sed,
655 2307 707 2347 etc.
721 2323 758 2334 -
768 2295 827 2347 Ierx
838 2294 937 2357 alteru,¹
952 2294 1009 2346 dies
1023 2293 1158 2362 secunda,
1175 2312 1233 2365 que
1247 2296 1404 2368 insequitur.

386 2405 448 2448 Van.
460 2399 498 2448 6⁸.
509 2404 563 2448 Jom
573 2417 623 2449 cros
634 2401 763 2449 lrestemum
775 2404 962 2463 consumpsimus.
973 2427 1004 2438 -
1014 2402 1111 2464 legitrrr
1122 2402 1154 2446 sic
1162 2399 1202 2447 hic
1212 2416 1293 2448 sersus
1306 2402 1335 2448 in
1349 2403 1406 2449 notis

357 2475 431 2520 Servii
442 2473 472 2520 sul
487 2472 569 2536 Virqil.
580 2473 690 2521 llineitlos
699 2475 735 2521 V:
749 2495 760 2517 ι
769 2477 823 2522 Jom
834 2489 885 2521 crus
896 2471 1025 2519 intentum
1032 2507 1040 2530 ,
1052 2470 1111 2518 heu!
1121 2475 1310 2536 consumpsimus.
1322 2493 1335 2513 s

391 2588 458 2640 Nor.
473 2585 516 2640 68.
527 2587 589 2638 Jem
602 2605 658 2640 cras
668 2587 813 2642 lestemum
825 2579 1035 2656 consumpsimus.
1047 2615 1083 2627 —
1096 2585 1199 2653 Mune,
1207 2603 1279 2653 cras,
1292 2599 1403 2640 caetera·

356 2685 409 2738 quc
422 2664 450 2744 id
461 2685 545 2738 genus
560 2665 686 2719 adverbia
701 2667 893 2740 elegentissime
906 2685 957 2738 pro
976 2665 1128 2718 nominibus
1146 2663 1319 2737 usurpantur.
1336 2669 1403 2719 Pers.

357 2767 444 2819 snper.
460 2749 510 2812 lll,
529 2763 559 2799 r:
576 2751 656 2800 stam
668 2745 768 2799 clerum
786 2765 865 2799 marre
881 2749 1017 2801 fenestras.
1030 2769 1041 2794 ι
1059 2776 1096 2787 —
1112 2748 1174 2798 Jom
1184 2751 1405 2818 consumpsissem

345 2829 408 2897 'jam
430 2826 504 2878 nulle
521 2840 561 2878 est
578 2827 625 2878 illc
643 2845 722 2898 quum
741 2827 791 2879 tibi
809 2826 921 2879 concedi
944 2825 1097 2899 postulabas
1115 2825 1186 2888 ‹lies3
1205 2826 1243 2879 sic
1259 2825 1405 2881 hodiernus

355 2922 459 2976 semper
475 2905 596 2976 perditur
612 2905 684 2966 dies;
703 2907 741 2957 sic
754 2917 812 2957 tote
830 2903 915 2957 effluit
932 2908 993 2958 sita.
1013 2905 1105 2957 Senec.
1121 2908 1160 2958 De
1175 2906 1304 2957 Brevitate
1324 2907 1404 2959 Vite:

358 2985 900 3058 eMcsimurnvivendiimpedimentumest
909 2990 1057 3058 expectatio
1066 2986 1268 3059 quaependetex
1276 2992 1405 3043 crastino.

354 3063 446 3121 P‘erelis
458 3067 629 3118 hodiernum:
644 3066 717 3138 quod
728 3067 756 3118 in
768 3085 847 3118 manu
860 3069 972 3118 fortune
983 3069 1098 3138 positum
1112 3080 1167 3133 est,
1181 3066 1316 3139 disporris3
1334 3068 1406 3141 qnod

353 3147 382 3197 in
399 3159 459 3213 tue,
478 3143 621 3199 dimittis.»
637 3147 753 3216 Epicuro
768 3143 824 3198 hec
840 3145 964 3198 tribuitur
982 3147 1110 3198 sententia
1123 3167 1130 3196 ε
1145 3133 1266 3200 irruimus
1280 3145 1332 3207 βίος
1348 3163 1405 3213 pu-

336 3225 435 3313 ·tsqu'i
446 3221 639 3295 nuperimunt.
649 3225 793 3297 (Omnium
807 3228 859 3279 vite
874 3225 1002 3278 diletione
1014 3225 1201 3298 disperditur).

387 3349 456 3402 Nor.
469 3349 513 3421 69.
532 3351 600 3404 Ecce
617 3351 692 3404 aliud
705 3370 759 3404 cres
777 3352 868 3424 Eperit
886 3351 931 3404 bos
949 3371 1047 3414 annos,
1069 3361 1096 3402 et
1112 3369 1212 3423 semper
1224 3349 1338 3422 paulum
1357 3352 1404 3404 erit

354 3427 476 3481 ultra.-
487 3429 556 3482 Eece
567 3429 642 3483 eliud
657 3451 726 3495 cram
742 3431 853 3484 vividius
864 3432 963 3484 dictum
981 3433 1057 3484 etita
1076 3446 1107 3484 ut
1123 3433 1223 3504 optime
1241 3429 1404 3503 intelligatur

353 3514 504 3581 quamcito
528 3524 632 3585 tempus
653 3511 792 3578 elebatur,
809 3532 893 3585 quern
916 3515 1059 3585 improviso
1081 3531 1137 3566 cros
1157 3526 1236 3584 atque
1258 3510 1337 3563 uliud
1350 3529 1404 3564 cros

353 3587 431 3641 adsit.
448 3621 484 3631 -
501 3593 593 3665 qurit
611 3591 657 3646 bos
673 3612 773 3656 onnos3
794 3591 892 3646 dicitur
907 3593 987 3666 sperit
1004 3591 1039 3644 ab
1059 3610 1109 3666 opo
1129 3611 1183 3644 non
1202 3592 1236 3643 ab
1256 3609 1359 3662 egero,
1373 3605 1404 3642 ut

351 3672 452 3724 Pretaeo
463 3672 568 3744 placet;
581 3672 686 3726 videtur
695 3673 796 3726 locutio
809 3689 835 3726 et
844 3673 955 3727 viridior
965 3686 991 3726 et
1000 3673 1146 3746 probandas
1157 3675 1241 3744 magis
1251 3672 1402 3738 latinitatis,

352 3754 373 3804 si
383 3765 486 3824 tempus
494 3754 567 3807 verbi
577 3757 705 3826 sirpotius
714 3755 876 3828 perlectum,
885 3773 964 3826 quem
972 3772 1097 3827 presens.
1109 3755 1164 3806 Hos
1171 3771 1268 3814 eunos5
1281 3755 1402 3805 notarim

351 3831 424 3884 verbi
431 3832 486 3900 lios,
496 3833 551 3885 scil.
561 3833 606 3886 lios
612 3847 769 3907 presentes,
776 3834 907 3888 bosdatos
913 3855 920 3899 ;
930 3834 1003 3907 quod
1010 3853 1095 3887 meum
1102 3835 1256 3906 opinionem
1261 3833 1403 3884 confirmat

350 3911 385 3965 ‹le
397 3915 491 3987 sperit,
509 3916 638 3982 emiserit,
651 3917 835 3981 transmiserit,
850 3918 965 3969 truserit.
975 3918 1056 3968 -Et
1066 3933 1166 3986 semper
1173 3913 1287 3985 paulum
1303 3913 1401 3966 eritul·

352 4007 392 4044 tra
401 3994 460 4057 ,sub
474 3994 537 4048 sudi
548 4014 618 4052 cras:
630 3997 730 4049 scilicet
742 4011 767 4049 et
779 4017 917 4070 nunquam
929 3997 1022 4062 ederit,
1036 4015 1123 4068 neque
1133 3999 1219 4068 veniet
1227 4033 1236 4062 ,
1244 4008 1319 4047 tuum
1332 4013 1400 4061 cros,

351 4073 399 4132 sed
418 4093 523 4148 semper
541 4079 592 4128 erit
608 4076 749 4148 paululum
764 4076 888 4144 ulterius,
903 4081 937 4130 itu
957 4090 987 4130 nt
1003 4095 1140 4148 nunquam
1158 4077 1314 4146 contingam
1329 4073 1401 4147 qnod

350 4153 497 4226 insequenti
509 4159 706 4228 comparatione
720 4154 872 4212 felicissime
883 4175 972 4210 rursus
984 4157 1122 4229 expressit.
1134 4156 1181 4208 llic
1196 4173 1308 4222 sensus,
1321 4171 1400 4226 quem
