3148 4950
520 568 713 678 luni
748 564 1015 678 pensu
1050 561 1354 674 rnnccr

835 809 1008 914 VITA

638 1043 896 1122 locronn
924 1040 1228 1120 surrento.

816 1261 1037 1282 ψ

409 1415 526 1509 Annos
544 1442 673 1500 Persius
688 1442 822 1498 Flaccus
838 1452 928 1498 natus
941 1450 999 1498 est¹
1019 1440 1118 1521 pridie
1135 1441 1253 1500 Nonas
1271 1439 1452 1512 Decembris,

409 1538 504 1598 Fabio
514 1539 645 1610 Persico,
656 1539 689 1595 1..
702 1535 838 1610 Vitellio,
848 1535 1034 1595 consulibus.
1044 1538 1180 1597 Decessit
1195 1551 1348 1597 omarum
1359 1534 1455 1594 Kalen-

408 1635 462 1696 das
472 1634 612 1696 Decemb.
625 1633 735 1692 Publio
745 1633 861 1708 Mario,
876 1632 978 1692 Asinio
990 1633 1095 1709 Gallo,
1107 1635 1308 1694 consulibus.
1326 1635 1414 1692 Natus
1423 1631 1451 1688 in

408 1732 532 1791 Etruria
539 1730 713 1806 volaterris,
722 1730 819 1810 Eques
829 1731 994 1804 Romanus,
1002 1731 1152 1810 sanguine
1162 1744 1194 1789 et
1205 1727 1363 1790 affinitate
1372 1725 1450 1810 primi

409 1826 528 1888 ordinis
543 1828 614 1886 viris
628 1825 827 1906 conjunctus,
845 1826 970 1886 decessit
985 1827 1022 1886 ad
1042 1841 1193 1888 octavum
1215 1827 1396 1887 milliarium
1408 1826 1450 1882 via

409 1924 523 2005 Appia,
542 1925 575 1982 in
596 1923 718 2004 praediis
731 1923 801 1983 suis.
822 1926 912 1983 Pater
925 1921 988 2003 ejus
1008 1923 1134 1984 Flaccus
1158 1925 1324 2008 pupillum
1341 1921 1449 2004 reliquit

409 2022 565 2095 moriens,
590 2040 742 2080 annorum
763 2020 827 2080 fere
849 2041 908 2079 sex.
937 2019 1044 2079 Fulvia
1068 2021 1215 2082 Sisennia
1239 2037 1342 2082 mater
1360 2019 1448 2100 nupsit

399 2130 514 2198 postca
532 2117 640 2192 Fusio,
654 2114 759 2196 Equiti
779 2117 921 2176 Romano
937 2139 944 2172 :
962 2129 992 2174 et
1012 2137 1083 2176 eum
1100 2138 1232 2200 quoque
1254 2118 1361 2178 extulit
1379 2117 1446 2176 intra

409 2233 520 2294 paucos
536 2233 642 2273 annos.
658 2212 780 2272 Studuit
797 2212 921 2273 Flaccus
934 2233 1029 2293 usque
1042 2213 1082 2272 ad
1098 2235 1225 2276 annum
1241 2213 1446 2275 duodecimum

409 2309 592 2369 volaterris:
610 2307 683 2368 inde
698 2310 801 2368 Romae
816 2309 897 2390 apud
912 2311 1148 2389 grammaticum
1164 2313 1346 2373 Remmium
1364 2307 1444 2368 Pale·

410 2427 550 2485 manem,
566 2421 596 2466 et
610 2406 693 2488 apud
710 2405 871 2465 Rhetorem
892 2407 1070 2487 Virginium
1089 2408 1236 2469 Flavum.
1259 2410 1363 2486 Quum
1382 2413 1445 2464 esset

411 2519 568 2567 annorum
580 2504 729 2582 sedecim,
745 2505 878 2565 amicitia
895 2507 987 2586 coepit
1001 2508 1046 2564 uti
1066 2509 1174 2566 Annaei
1195 2507 1349 2580 Cornuti,
1365 2505 1402 2561 ita
1416 2509 1443 2558 ut

410 2601 450 2664 ab
473 2625 510 2665 eo
531 2625 685 2685 nusquam
706 2601 903 2673 discederet23
923 2623 939 2660 a
961 2621 1021 2682 quo
1043 2601 1190 2663 inductus
1211 2596 1442 2683 aliquatenusio
1533 2625 1534 2674 3

410 2700 641 2784 philosophiam
656 2712 708 2760 est.
718 2701 839 2759 Amicos
849 2697 956 2756 habuit
967 2719 984 2756 a
996 2701 1097 2779 prima
1107 2701 1315 2762 adolescentia
1327 2696 1441 2757 Casium
1533 2681 1534 2698 ¹

410 2793 556 2857 Bassum3
567 2812 706 2879 poetam,
719 2809 748 2855 et
761 2794 963 2876 Calpurnium
978 2795 1119 2870 Suraml,
1132 2799 1188 2877 qui
1204 2818 1244 2858 eo
1258 2788 1442 2875 vivojuvenis

410 2891 546 2952 decessit.
568 2892 672 2952 Coluit
689 2904 723 2951 ut
742 2906 861 2973 patrem
876 2891 1038 2952 Servilium
1054 2893 1245 2954 Nonianum.
1265 2895 1324 2955 Per
1341 2891 1441 2949 cornu·

410 3001 479 3048 tum
497 2991 643 3069 cognovit
660 2990 810 3049 Annaeum
830 2989 922 3048 etiam
940 2990 1116 3060 Lucanum,
1137 3010 1316 3072 aequoevurn
1338 2981 1440 3044 audito·

411 3105 474 3146 rem
490 3087 631 3146 Cornuti.
646 3087 723 3144 Nam
739 3086 894 3148 Cornutus
907 3086 961 3148 illo
979 3099 1117 3170 tempore
1130 3092 1269 3171 tragicus
1283 3087 1354 3157 fuit,
1368 3089 1438 3140 sectoe

411 3183 534 3257 Stoicae,
549 3185 602 3262 qui
614 3182 708 3242 libros
720 3180 924 3266 philosophiae
937 3184 1070 3264 reliquit.
1084 3183 1139 3244 Sed
1155 3187 1300 3247 Lucanus
1310 3180 1380 3242 adeo
1391 3173 1440 3234 ml·

410 3279 539 3340 rebatur
550 3281 659 3362 scripta
671 3280 787 3358 Flacci,
799 3293 835 3341 ut
848 3284 897 3341 vix
914 3282 1053 3342 retineret
1067 3303 1112 3357 se,
1124 3282 1177 3342 illo
1192 3285 1351 3351 recitante,
1361 3295 1377 3333 a
1389 3269 1438 3330 0Ῐᾶ-

411 3395 507 3452 more,
517 3373 605 3457 [quin
620 3377 694 3436 ailla
703 3398 763 3438 esse
769 3393 990 3460 verapoemata
998 3405 1011 3434 o
1026 3375 1181 3460 diceret⁵.]
1192 3368 1437 3455 Serocognovitet

449 3585 470 3620 r.
490 3569 576 3622 Natus
594 3580 647 3634 est,
665 3583 715 3622 etc.
730 3571 766 3622 A.
788 3573 817 3622 U.
841 3571 908 3640 787:
954 3574 1051 3624 Noster
1059 3573 1163 3623 satiram
1172 3583 1271 3624 sertam
1278 3555 1435 3629 nuncupauit

411 3645 522 3699 decessit
543 3665 604 3698 anu.
626 3648 686 3701 815.
710 3648 803 3700 Publio
823 3651 908 3701 Mario
955 3667 1032 3720 quam
1045 3647 1120 3715 ride,
1133 3650 1155 3700 si
1167 3659 1250 3700 vacat.
1266 3645 1312 3695 Eo.
1428 3706 1433 3716 Ι

411 3745 460 3798 pro
481 3727 577 3778 Rubrio
605 3726 751 3778 emendavit
779 3727 849 3798 Lips.
876 3727 909 3779 ad
990 3727 1062 3792 lita
1072 3725 1184 3778 Wolfins
1194 3743 1243 3796 pro
1253 3707 1433 3776 Staturumrul’¹

410 3803 495 3858 Tacit.
508 3803 603 3857 Annal.
615 3806 688 3871 Xll',
704 3805 745 3871 48.
954 3805 1041 3858 nullus
1055 3825 1155 3859 sensns.
1412 3867 1417 3878 .

448 3903 472 3939 a.
488 3887 632 3958 Nusquam.
651 3887 793 3939 Auctorem
807 3885 909 3940 dedisse
990 3887 1014 3939 5.
1030 3879 1126 3955 Quin..
1138 3887 1241 3938 diceret.
1253 3883 1347 3934 Desunt
1355 3873 1402 3923 lec
1410 3881 1431 3951 ψ

412 3979 535 4036 putamus
548 3984 691 4037 nunquam.
954 3965 1037 4016 MMS.
1055 3977 1080 4015 et
1095 3963 1252 4036 quibusdam
1271 3956 1383 4010 ridentur
1396 3959 1432 4006 mr

448 4045 471 4096 3.
486 4046 590 4096 cresium
606 4045 717 4097 Bassum.
731 4046 774 4097 Est
787 4043 855 4096 idern
867 4047 909 4097 cui
955 4061 1003 4095 nus
1021 4057 1088 4114 apta.
