3176 4954
361 406 425 472 382
594 407 629 470 C.
655 402 844 468 LUCILII
869 401 1162 467 FRAGMENTA

859 529 901 590 ll.

357 657 486 722 Cetera
495 655 695 736 contemnit,
708 670 742 720 et
752 655 786 719 in
798 675 902 719 usura
913 656 1026 720 omnia
1040 654 1136 746 ponit

358 769 433 834 Non
443 787 564 857 magna
576 791 583 830 :
595 765 771 858 proprium
784 787 865 831 vero
876 762 923 831 nil
935 767 1104 832 neminem
1116 762 1250 832 hebere.

851 897 909 959 Ill.

359 1019 517 1089 Villicum
528 1023 766 1088 Aristocmtem
777 1017 1016 1090 mediastinum
1026 1039 1128 1116 etque
1139 1021 1322 1090 bubulcum

357 1129 663 1200 Commanduoetus
675 1133 840 1225 compit,
852 1129 896 1200 ad
907 1133 1009 1200 incita
1018 1131 1140 1224 adegit.

850 1247 907 1310 lV.

358 1357 553 1446 Nupturum
564 1369 614 1436 te,
628 1369 750 1448 nupta,
763 1376 884 1446 negas,
897 1351 988 1447 quod
1001 1355 1114 1420 vivere
1124 1351 1280 1445 Ulyssem

359 1466 489 1558 Speras.

859 1581 899 1641 V.

359 1703 393 1769 Si
407 1724 475 1769 non
487 1704 527 1785 it,
541 1705 667 1795 capito,
680 1705 803 1798 inquit,
816 1727 895 1770 eum
907 1729 915 1770 :
929 1706 1002 1772 etsi
1013 1702 1170 1786 mlvimr,
1186 1723 1265 1793 ergo

359 1812 456 1882 Eudo
468 1837 606 1882 manum
617 1811 730 1907 jacito,

851 1929 910 1992 Vl.

360 2053 395 2121 Si
405 2075 532 2122 messes
545 2053 626 2122 facis
638 2057 779 2138 invisae,
791 2059 819 2122 si
832 2053 943 2124 vendi'
955 2059 1128 2123 Lavernae,

289 2323 292 2329 .
360 2280 463 2344 ceptus,
481 2287 531 2326 otc.
550 2275 637 2328 Locus
656 2291 696 2329 est
715 2278 788 2350 apud
807 2282 861 2332 Ηο-
907 2275 1176 2352 quodsintomnibus
1189 2275 1407 2327 frustrotni.l'os·

361 2351 861 2411 memm0d.t.-1>eneemoninulum
905 2370 946 2410 set
966 2375 1020 2408 non
1041 2353 1208 2406 incommode
1229 2355 1323 2424 reponi
1346 2372 1407 2406 cum

360 2435 862 2505 svum.1]tsupm·1)enuasvem‚
905 2437 982 2490 loen.
999 2435 1132 2501 Marsis,
1154 2437 1190 2486 ait
1213 2435 1303 2486 [lousa
1322 2435 1407 2506 capito

361 2513 496 2582 minoio,
515 2516 558 2568 hic
579 2526 616 2569 est
633 2517 778 2572 rhinoceros
793 2518 863 2572 uelut
905 2535 955 2588 pm
964 2515 1067 2588 πρᾶο,-
1079 2526 1105 2566 et
1119 2531 1207 2586 rapere
1219 2515 1247 2564 io
1253 2513 1316 2584 jus,
1328 2511 1406 2565 Pleu·

361 2591 507 2666 AEthiopue.
521 2617 532 2642 ι
905 2609 949 2663 to,
961 2595 1087 2660 lloretio,
1100 2591 1156 2645 aliis
1168 2591 1270 2664 oppido
1281 2611 1360 2664 Qum
1369 2592 1409 2644 Is-

396 2671 428 2722 Il.
445 2673 549 2724 Nonius
565 2693 571 2722 ι
588 2674 744 2746 Proprium,
761 2677 877 2746 signifi„
905 2673 1014 2725 miliare.
1029 2671 1080 2725 sed
1092 2671 1181 2724 obstat
1196 2673 1244 2724 XII
1261 2671 1408 2724 tabularum

361 2762 404 2802 cat
415 2767 518 2803 rursum
529 2765 697 2822 perpetum
707 2756 769 2806 Duo
778 2754 861 2807 abnu-
909 2751 1068 2814 sonoritas,
1079 2768 1191 2822 quorun
1201 2748 1269 2804 tluu
1278 2749 1349 2820 leges
1357 2749 1408 2802 huc

361 2829 769 2900 tivamsgisnegsntGraecorum
779 2852 862 2902 more,
906 2830 967 2883 loco
987 2829 1118 2882 conclusit
1136 2840 1162 2881 et
1180 2830 1309 2900 expressit
1328 2829 1409 2880 Luci·

362 2906 426 2958 dicit
435 2909 505 2958 enim
513 2908 629 2961 Lucilius
640 2931 646 2960 :
663 2913 809 2982 sapientem
820 2913 863 2963 ni-
907 2909 972 2962 lius:
986 2909 1023 2961 Sl.
1031 2909 1092 2961 VIS.
1100 2907 1300 2961 VOCATIONI.
1309 2906 1406 2958 FVA'I'.

361 2984 399 3037 hi!
412 2988 566 3057 proprium,
583 2987 610 3038 id
629 3001 684 3056 est,
703 3004 863 3061 perpetuum
906 2989 1092 3042 TFsTthnl
1108 3009 1115 3039 ε
1134 2989 1258 3040 lGlTVll.
1275 2988 1333 3038 EM.
1351 2986 1409 3037 GA-

362 3063 633 3133 sobobscurum,
648 3067 786 3122 sedusms
802 3081 863 3122 ten·
906 3069 993 3121 l’l'IO.
1017 3079 1044 3119 ot
1063 3089 1070 3118 e
1094 3067 1132 3119 Sl.
1156 3066 1332 3118 csnvrwn.
1356 3064 1410 3116 m

362 3155 418 3195 tem
429 3145 480 3195 Irui
491 3165 499 3208 ;
512 3163 564 3198 uon
574 3163 686 3224 moyse,
701 3146 730 3198 id
741 3161 796 3214 ost,
806 3148 864 3200 ‹Iiu-
906 3146 1033 3198 DEMVE.
1054 3145 1182 3197 S'l'llVl'l'.
1198 3146 1335 3196 Msnvst.
1352 3143 1411 3196 un-

362 3233 438 3274 turne
454 3235 480 3274 et
494 3222 590 3276 stabili.
907 3223 1410 3288 DOIACI'IO.-Etsieoloitur‚etc‚ln

397 3303 442 3354 Ill.
463 3305 567 3358 Nonius
587 3326 593 3356 ε
617 3307 785 3360 Mediastinos
809 3325 864 3360 non
908 3302 1221 3356 mendocubsthoecrox
1233 3302 1306 3374 opud
1318 3302 1410 3355 mss·

363 3377 447 3432 dum
457 3380 626 3447 balnearum,
637 3383 682 3435 sed
693 3383 788 3436 tedium
798 3403 864 3456 qno-
909 3386 990 3450 uum,
1004 3383 1050 3435 lib.
1058 3385 1078 3435 I.
1089 3383 1244 3448 Columnis,
1254 3385 1350 3453 inquit,
1360 3382 1412 3452 pri-

361 3477 415 3530 qse
422 3463 555 3514 urinietros
560 3475 588 3514 et
595 3476 732 3516 curatores
742 3465 862 3538 legimus.
909 3483 951 3518 ms
963 3463 1061 3536 syllsbs
1071 3477 1194 3535 correpto
1205 3463 1328 3514 effertur:
1338 3462 1409 3512 venit

399 3539 441 3590 tv.
455 3541 619 3608 Priscianus,
630 3541 675 3594 lib.
691 3543 728 3594 IX
740 3565 747 3594 ι
763 3543 864 3595 «Luci-
907 3545 978 3595 euim
990 3561 1006 3594 s
1017 3541 1097 3594 verbo
1111 3541 1275 3607 calumnior,
1287 3539 1338 3590 hoc
1351 3551 1408 3604 est,

363 3615 414 3670 lius
422 3619 450 3670 in
459 3619 530 3680 ¹lIVll
540 3619 574 3671 ael
585 3618 743 3693 Penelopam
755 3641 864 3675 conver·
902 3623 1023 3694 frustror.

362 3714 409 3748 sus
422 3698 475 3748 ait:
486 3698 638 3770 Nuptiarum
648 3711 687 3766 te,
702 3714 800 3773 nupta,
812 3717 862 3754 etc.
943 3704 985 3754 Vl.
996 3701 1196 3780 Nomlauerno
1207 3699 1261 3750 Des
1271 3736 1279 3764 ‚
1291 3695 1334 3748 cni
1343 3713 1409 3768 sup-

361 3774 453 3828 Inhoc
462 3795 569 3849 qnoque
579 3779 863 3846 subaudiendumesse,
907 3780 1007 3852 plicant
1021 3783 1101 3834 fures.
1111 3810 1145 3822 -
1153 3778 1185 3831 Si
1197 3796 1285 3831 moues
1297 3776 1409 3842 invises,

363 3853 462 3923 idest,
482 3869 628 3927 rupturum
649 3875 723 3924 esso,
741 3876 796 3910 non
815 3877 865 3910 nu·
907 3856 1192 3912 etc.Dousinnselitio
1205 3873 1292 3909 muros
1304 3873 1356 3927 pro
1371 3856 1412 3906 in·

364 3947 441 4007 ptum
455 3937 510 4002 iro,
522 3940 695 4002 γαρηθήαιιθαι
705 3961 717 3985 s
907 3940 972 3992 uisos
985 3939 1102 4012 profert,
1117 3951 1178 3989 cum
1191 3935 1258 3988 fles.
1272 3933 1354 3986 lunio
1369 3935 1409 3985 in·

399 4018 432 4067 V.
444 4017 562 4070 Nonius:
576 4015 705 4084 calator,
716 4017 815 4070 dictum
825 4030 863 4069 est
907 4016 974 4069 visos
992 4017 1169 4069 restituimus=
1183 4013 1253 4066 hunc
1269 4013 1410 4066 lectionem

367 4093 517 4161 Maur,
527 4095 629 4150 dictu
640 4115 657 4148 s
668 4096 747 4150 cslris
762 4099 864 4163 mimis,
907 4109 1035 4168 seqmrtus
1049 4110 1089 4150 est
1102 4115 1127 4148 r.
1145 4093 1180 4148 cl.
1198 4093 1348 4148 Acesinus.
1364 4093 1407 4144 ro.
