3116 4934
419 463 485 531 586
825 462 1061 526 Fausiana

444 587 534 676 thid.
551 589 632 664 Hoc,
643 584 722 669 qnod
732 585 849 667 Ιοᾳυον,
864 585 932 646 inde
944 599 993 646 est.
1005 620 1044 634 -
1056 588 1093 646 ln
1106 585 1318 651 choriambico
1330 594 1447 652 carmine

414 685 455 744 ad
470 687 668 760 Leuconoen,
680 684 763 744 libro
778 685 899 768 primo,
916 705 958 745 vs.
970 684 1008 746 6:

603 881 629 966 ὲ
642 882 646 892 .
660 879 683 894 ..
696 849 757 893 Dum
767 847 900 912 loquimur,
914 847 1001 908 fugerit
1010 846 1088 893 invida

629 929 671 966 tu.

461 1053 526 1113 156.
541 1050 682 1112 Alternus
695 1050 814 1111 oberres.
828 1051 941 1132 —Qui
955 1053 1037 1112 inter
1048 1053 1124 1112 vitia
1139 1052 1286 1130 fluctuat,
1300 1054 1390 1114 modo
1401 1053 1453 1115 boc

418 1149 571 1232 probans,
587 1147 682 1209 modo
697 1146 774 1208 illud
784 1193 793 1222 ,
800 1149 945 1232 suqitivus
959 1163 988 1211 et
1004 1171 1066 1211 erm
1083 1165 1285 1234 nuncupatur
1298 1151 1403 1212 Flacco
1412 1153 1453 1211 Sa·

419 1247 479 1307 tira
492 1243 565 1306 libri
580 1245 673 1328 primi
687 1245 826 1328 septima.

462 1345 526 1405 161.
541 1345 641 1421 Daue,
659 1347 733 1419 cito,
747 1343 799 1405 lroc
817 1341 915 1404 credas
924 1341 1032 1428 jubeo,
1043 1343 1145 1426 finire.
1156 1379 1195 1390 -
1209 1346 1292 1423 Quia
1306 1345 1453 1408 Menandri

418 1441 503 1502 bunc
517 1441 622 1503 locum
638 1463 655 1501 a
674 1443 818 1502 Terentio
833 1462 1008 1524 expressum
1027 1443 1087 1502 suis
1106 1443 1209 1503 Satiris
1227 1457 1258 1502 et
1278 1443 1415 1504 Horatius
1431 1457 1454 1502 et

418 1541 538 1602 Persius
555 1541 766 1616 inseruerunt,
780 1563 843 1600 non
857 1542 922 1601 sine
936 1539 1095 1625 voluptate
1111 1541 1242 1602 studiosi
1254 1539 1365 1602 horum
1376 1543 1454 1600 trium

420 1640 603 1700 eximiorum
619 1653 779 1722 poetarum
798 1639 890 1700 rerba
912 1640 993 1700 inter
1012 1662 1043 1702 se
1057 1641 1291 1717 contenderint,
1308 1639 1385 1723 apud
1404 1641 1454 1700 Ho-

420 1741 534 1798 ratium
548 1759 750 1822 personarum
765 1741 893 1800 nomina
906 1761 969 1798 non
983 1753 1146 1822 ponuntur
1156 1764 1164 1800 ι
1176 1741 1299 1800 Persius
1308 1760 1374 1822 quae
1386 1737 1454 1820 apud

420 1835 629 1896 Menandrum
644 1836 763 1896 invenit
775 1837 917 1897 retinuit:
929 1837 1089 1897 Terentius
1100 1850 1136 1897 ut
1151 1835 1217 1896 fieri
1230 1836 1310 1897 solet
1322 1835 1454 1897 acomicis

421 1933 549 1994 nomina
560 1934 704 2007 mutavit,
716 1955 814 2015 quum
823 1934 988 1994 Menandri
999 1935 1119 1996 fabulas
1130 1957 1208 2017 pene
1221 1935 1259 1995 ad
1272 1934 1397 1995 verbnm
1407 1952 1457 1990 reo

422 2043 513 2106 teret,
535 2051 643 2091 omnes
664 2030 723 2090 hoc
745 2047 906 2094 servarunt
924 2047 960 2094 ut
981 2047 1104 2094 amator
1121 2032 1244 2112 juvenis
1266 2053 1332 2093 non
1353 2030 1454 2090 monitu

422 2127 622 2210 cujusquam,
642 2128 692 2188 sed
711 2151 746 2188 ex
757 2129 990 2208 indignatione,
1008 2131 1091 2212 quod
1110 2143 1187 2191 esset
1205 2130 1361 2204 exclusus,
1375 2147 1454 2206 φιιιω

422 2225 506 2284 bona
522 2240 625 2284 mente
639 2224 738 2285 redire
754 2225 787 2285 in
809 2227 943 2305 gratiam
964 2226 1143 2298 meditetur,
1164 2225 1269 2303 itaque
1290 2245 1353 2284 non
1370 2223 1455 2280 Daras

423 2319 675 2396 Chaerestratum‚
696 2333 750 2381 aut
772 2323 926 2382 Parmeno
949 2321 1125 2382 Phaedrlam
1146 2322 1329 2406 compellat,
1344 2319 1391 2379 sed
1405 2319 1456 2376 rice

424 2439 520 2478 versa.
534 2421 680 2481 Horatius
698 2420 794 2480 Satira
806 2421 895 2480 tertia
912 2419 983 2479 libri
997 2419 1040 2494 ll,
1054 2440 1097 2479 vs.
1112 2419 1187 2497 259:

609 2579 860 2714 bicliniuitddiodistat,
872 2651 919 2710 agit
928 2649 969 2694 nbi
979 2661 1072 2704 secum,
1083 2658 1122 2693 eat
1131 2662 1218 2692 annon.

424 2781 502 2842 ibid.
522 2785 618 2842 Finine
633 2781 743 2842 dolores
754 2786 915 2843 Proetert'tos
927 2779 1055 2841 meditor.
1067 2813 1105 2826 -
1115 2781 1273 2841 Sententia
1289 2791 1333 2840 est
1347 2777 1454 2837 Menan·

425 2878 490 2952 dri,
508 2879 601 2938 verba
621 2880 756 2950 Horatii,
770 2878 811 2938 ib.
827 2899 869 2938 vs.
887 2880 943 2938 263
959 2901 965 2936 z

613 3080 690 3093 .....
704 3051 737 3092 An
747 3047 826 3108 potius
834 3046 934 3093 mediter
942 3045 1010 3092 linire
1019 3045 1131 3093 dolores?

426 3160 585 3218 Terentius
597 3182 604 3218 ε

616 3337 692 3350 .....
705 3307 740 3351 An
753 3308 828 3367 potius
840 3307 871 3351 ita
881 3321 917 3350 me
928 3319 1072 3365 comparem,

613 3376 665 3420 Non
677 3378 765 3438 perpeti
775 3377 922 3420 meretricum
941 3372 1112 3420 contumelias?

473 3520 536 3598 164.
546 3529 594 3582 An
604 3545 663 3584 rem
673 3527 800 3606 patriam
812 3545 925 3584 rumore
935 3527 1048 3582 sinistro
1058 3525 1162 3582 Limen
1171 3521 1213 3581 od
1222 3513 1458 3598 obscoenmsur

428 3641 507 3702 qam.
519 3654 557 3665 -
568 3622 606 3682 ln
618 3621 711 3681 simili
726 3621 875 3680 sententia
888 3619 1019 3680 verbum
1032 3621 1190 3702 infringere
1203 3617 1304 3702 posuit
1316 3609 1456 3678 Horatius,

430 3719 483 3778 etsi
495 3717 612 3779 diversa
625 3719 771 3794 notione,
786 3717 883 3799 Epod.
901 3717 961 3790 x1‚
977 3737 1031 3776 αις

619 3889 654 3933 Ad
666 3903 712 3934 non
724 3890 810 3932 amicos
820 3886 865 3932 beu
879 3886 935 3931 mihi
946 3900 1036 3947 postu,
1046 3897 1068 3930 et
1078 3885 1137 3940 heu,

649 3960 736 4004 Limina
747 3957 818 4014 dura,
829 3958 914 4022 quibus
921 3957 1013 4004 lnurbos
1023 3969 1047 4002 et
1056 3954 1138 4016 infregi
1148 3953 1216 4000 latos.

479 4109 542 4167 ¹65.
559 4109 638 4167 num
651 4105 795 4188 carysteo
809 4106 880 4166 naas
893 4107 998 4167 narsus
1013 4117 1083 4166 aaa
1090 4105 1171 4189 som
1184 4066 1456 4171 arremarenses
