<?xml version="1.0" encoding="UTF-8"?>
<!DOCTYPE html PUBLIC "-//W3C//DTD XHTML 1.0 Transitional//EN"
    "http://www.w3.org/TR/xhtml1/DTD/xhtml1-transitional.dtd">
<html xmlns="http://www.w3.org/1999/xhtml" xml:lang="en" lang="en">
 <head>
  <title>
</title>
<meta http-equiv="Content-Type" content="text/html;charset=utf-8" />
  <meta name='ocr-system' content='tesseract 3.04.00' />
  <meta name='ocr-capabilities' content='ocr_page ocr_carea ocr_par ocr_line ocrx_word'/>
</head>
<body>
  <div class='ocr_page' id='page_1' title='image "./sexdecimsatir00lemagoog_0209.png"; bbox 0 0 2986 4924; ppageno 0'>
   <div class='ocr_carea' id='block_1_1' title="bbox 271 632 1023 1006">
    <p class='ocr_par' dir='ltr' id='par_1_1' title="bbox 271 632 1023 1006">
     <span class='ocr_line' id='line_1_1' title="bbox 271 632 1023 775; baseline 0.029 -25"><span class='ocrx_word' id='word_1_1' title='bbox 271 632 541 755; x_wconf 78' lang='lat' dir='ltr'><strong>VARIAE</strong></span> <span class='ocrx_word' id='word_1_2' title='bbox 572 635 1023 775; x_wconf 60' lang='lat' dir='ltr'>‘LECTIONES</span> 
     </span>
     <span class='ocr_line' id='line_1_2' title="bbox 518 872 983 1006; baseline 0.015 -6"><span class='ocrx_word' id='word_1_3' title='bbox 518 927 591 1002; x_wconf 81' lang='lat' dir='ltr'><em>ar</em></span> <span class='ocrx_word' id='word_1_4' title='bbox 617 929 773 1006; x_wconf 80' lang='lat' dir='ltr'><em>Norn</em></span> <span class='ocrx_word' id='word_1_5' title='bbox 979 872 983 880; x_wconf 36' lang='lat'>¹</span> 
     </span>
    </p>
   </div>
   <div class='ocr_carea' id='block_1_2' title="bbox 368 1155 919 1252">
    <p class='ocr_par' dir='ltr' id='par_1_2' title="bbox 368 1155 919 1252">
     <span class='ocr_line' id='line_1_3' title="bbox 368 1155 919 1252; baseline 0.024 -27"><span class='ocrx_word' id='word_1_6' title='bbox 368 1163 417 1226; x_wconf 82' lang='lat' dir='ltr'><em>iu</em></span> <span class='ocrx_word' id='word_1_7' title='bbox 440 1155 655 1232; x_wconf 71' lang='lat' dir='ltr'><em>seriniis</em></span> <span class='ocrx_word' id='word_1_8' title='bbox 677 1167 919 1252; x_wconf 77' lang='lat' dir='ltr'><em>Qurnriu.</em></span> 
     </span>
    </p>
   </div>
   <div class='ocr_carea' id='block_1_3' title="bbox 110 1625 1172 4150">
    <p class='ocr_par' dir='ltr' id='par_1_3' title="bbox 114 1625 1172 2321">
     <span class='ocr_line' id='line_1_4' title="bbox 117 1625 1171 1753; baseline 0.027 -39"><span class='ocrx_word' id='word_1_9' title='bbox 117 1667 148 1716; x_wconf 81' lang='lat' dir='ltr'><em>be</em></span> <span class='ocrx_word' id='word_1_10' title='bbox 161 1653 257 1714; x_wconf 72' lang='lat' dir='ltr'><em>Serius</em></span> <span class='ocrx_word' id='word_1_11' title='bbox 271 1677 377 1725; x_wconf 74' lang='lat' dir='ltr'><em>quinas.</em></span> <span class='ocrx_word' id='word_1_12' title='bbox 393 1625 484 1734; x_wconf 78' lang='lat' dir='ltr'><em>Quor&gt;</em></span> <span class='ocrx_word' id='word_1_13' title='bbox 495 1665 522 1716; x_wconf 91' lang='lat' dir='ltr'><em>in</em></span> <span class='ocrx_word' id='word_1_14' title='bbox 534 1652 586 1717; x_wconf 90' lang='lat' dir='ltr'><em>boc</em></span> <span class='ocrx_word' id='word_1_15' title='bbox 601 1684 723 1721; x_wconf 76' lang='lat' dir='ltr'>sermone</span> <span class='ocrx_word' id='word_1_16' title='bbox 738 1668 866 1724; x_wconf 84' lang='lat' dir='ltr'><em>tractatur</em></span> <span class='ocrx_word' id='word_1_17' title='bbox 879 1689 1075 1753; x_wconf 71' lang='lat' dir='ltr'><strong>argumentum,</strong></span> <span class='ocrx_word' id='word_1_18' title='bbox 1090 1693 1171 1746; x_wconf 74' lang='lat' dir='ltr'><em>unum</em></span> 
     </span>
     <span class='ocr_line' id='line_1_5' title="bbox 114 1741 1172 1840; baseline 0.028 -51"><span class='ocrx_word' id='word_1_19' title='bbox 114 1743 259 1814; x_wconf 71' lang='lat' dir='ltr'><strong><em>sapientem</em></strong></span> <span class='ocrx_word' id='word_1_20' title='bbox 277 1761 327 1794; x_wconf 83' lang='lat' dir='ltr'><em>esse</em></span> <span class='ocrx_word' id='word_1_21' title='bbox 343 1741 470 1807; x_wconf 80' lang='lat' dir='ltr'><em>liberum,</em></span> <span class='ocrx_word' id='word_1_22' title='bbox 487 1744 636 1816; x_wconf 80' lang='lat' dir='ltr'><em>insipientes</em></span> <span class='ocrx_word' id='word_1_23' title='bbox 652 1766 740 1801; x_wconf 85' lang='lat' dir='ltr'><em>omnes</em></span> <span class='ocrx_word' id='word_1_24' title='bbox 754 1769 837 1805; x_wconf 86' lang='lat' dir='ltr'><em>servos</em></span> <span class='ocrx_word' id='word_1_25' title='bbox 848 1773 911 1826; x_wconf 86' lang='lat' dir='ltr'><em>esse,</em></span> <span class='ocrx_word' id='word_1_26' title='bbox 928 1775 959 1808; x_wconf 86' lang='lat' dir='ltr'><em>ex</em></span> <span class='ocrx_word' id='word_1_27' title='bbox 972 1774 1172 1840; x_wconf 70' lang='lat' dir='ltr'><em>eorumgenere</em></span> 
     </span>
     <span class='ocr_line' id='line_1_6' title="bbox 115 1815 1170 1924; baseline 0.031 -55"><span class='ocrx_word' id='word_1_28' title='bbox 115 1815 176 1888; x_wconf 79' lang='lat' dir='ltr'><em>init,</em></span> <span class='ocrx_word' id='word_1_29' title='bbox 190 1841 250 1894; x_wconf 78' lang='lat' dir='ltr'><em>quae</em></span> <span class='ocrx_word' id='word_1_30' title='bbox 259 1821 344 1874; x_wconf 87' lang='lat' dir='ltr'><em>multa</em></span> <span class='ocrx_word' id='word_1_31' title='bbox 357 1823 384 1874; x_wconf 89' lang='lat' dir='ltr'><em>in</em></span> <span class='ocrx_word' id='word_1_32' title='bbox 394 1822 491 1875; x_wconf 87' lang='lat' dir='ltr'><em>sobolis</em></span> <span class='ocrx_word' id='word_1_33' title='bbox 503 1838 581 1898; x_wconf 87' lang='lat' dir='ltr'><em>atque</em></span> <span class='ocrx_word' id='word_1_34' title='bbox 595 1827 623 1877; x_wconf 83' lang='lat' dir='ltr'><em>itt</em></span> <span class='ocrx_word' id='word_1_35' title='bbox 633 1831 688 1880; x_wconf 89' lang='lat' dir='ltr'><em>otio</em></span> <span class='ocrx_word' id='word_1_36' title='bbox 700 1827 924 1907; x_wconf 88' lang='lat' dir='ltr'><em>philosophorum</em></span> <span class='ocrx_word' id='word_1_37' title='bbox 935 1840 1112 1918; x_wconf 83' lang='lat' dir='ltr'><em>agitabantur,</em></span> <span class='ocrx_word' id='word_1_38' title='bbox 1127 1855 1170 1924; x_wconf 78' lang='lat' dir='ltr'><em>ei,</em></span> 
     </span>
     <span class='ocr_line' id='line_1_7' title="bbox 116 1900 1170 2000; baseline 0.026 -44"><span class='ocrx_word' id='word_1_39' title='bbox 116 1917 143 1956; x_wconf 87' lang='lat' dir='ltr'><em>ut</em></span> <span class='ocrx_word' id='word_1_40' title='bbox 157 1906 195 1956; x_wconf 81' lang='lat' dir='ltr'><em>ait</em></span> <span class='ocrx_word' id='word_1_41' title='bbox 210 1903 330 1970; x_wconf 78' lang='lat' dir='ltr'><em>Tullius,</em></span> <span class='ocrx_word' id='word_1_42' title='bbox 346 1900 430 1956; x_wconf 66' lang='lat' dir='ltr'><em>terreri</em></span> <span class='ocrx_word' id='word_1_43' title='bbox 444 1903 610 1959; x_wconf 83' lang='lat' dir='ltr'>dicebantur.</span> <span class='ocrx_word' id='word_1_44' title='bbox 621 1909 676 1962; x_wconf 83' lang='lat' dir='ltr'><em>Has</em></span> <span class='ocrx_word' id='word_1_45' title='bbox 689 1909 774 1964; x_wconf 88' lang='lat' dir='ltr'><em>theses</em></span> <span class='ocrx_word' id='word_1_46' title='bbox 792 1932 805 1965; x_wconf 97' lang='lat' dir='ltr'><em>e</em></span> <span class='ocrx_word' id='word_1_47' title='bbox 822 1914 972 1970; x_wconf 82' lang='lat' dir='ltr'><em>scholarum</em></span> <span class='ocrx_word' id='word_1_48' title='bbox 989 1921 1141 2000; x_wconf 69' lang='lat' dir='ltr'><em>disciplina,</em></span> <span class='ocrx_word' id='word_1_49' title='bbox 1156 1957 1170 1988; x_wconf 80' lang='lat' dir='ltr'><em>e</em></span> 
     </span>
     <span class='ocr_line' id='line_1_8' title="bbox 115 1977 1172 2068; baseline 0.025 -33"><span class='ocrx_word' id='word_1_50' title='bbox 115 1977 254 2038; x_wconf 76' lang='lat' dir='ltr'><em>Socraticis</em></span> <span class='ocrx_word' id='word_1_51' title='bbox 267 1984 365 2037; x_wconf 78' lang='lat' dir='ltr'><em>chartis</em></span> <span class='ocrx_word' id='word_1_52' title='bbox 378 1983 537 2056; x_wconf 89' lang='lat' dir='ltr'><em>depromere</em></span> <span class='ocrx_word' id='word_1_53' title='bbox 556 1999 583 2036; x_wconf 91' lang='lat' dir='ltr'><em>et</em></span> <span class='ocrx_word' id='word_1_54' title='bbox 600 1987 629 2038; x_wconf 91' lang='lat' dir='ltr'><em>in</em></span> <span class='ocrx_word' id='word_1_55' title='bbox 644 1985 783 2060; x_wconf 85' lang='lat' dir='ltr'><em>publicum</em></span> <span class='ocrx_word' id='word_1_56' title='bbox 802 1993 898 2047; x_wconf 82' lang='lat' dir='ltr'><em>efferre</em></span> <span class='ocrx_word' id='word_1_57' title='bbox 914 2016 969 2050; x_wconf 90' lang='lat' dir='ltr'><em>non</em></span> <span class='ocrx_word' id='word_1_58' title='bbox 985 2005 1066 2057; x_wconf 86' lang='lat' dir='ltr'><em>semel</em></span> <span class='ocrx_word' id='word_1_59' title='bbox 1082 2017 1172 2068; x_wconf 75' lang='lat' dir='ltr'><em>conati</em></span> 
     </span>
     <span class='ocr_line' id='line_1_9' title="bbox 116 2063 1172 2156; baseline 0.023 -39"><span class='ocrx_word' id='word_1_60' title='bbox 116 2079 176 2117; x_wconf 87' lang='lat' dir='ltr'><em>sunt</em></span> <span class='ocrx_word' id='word_1_61' title='bbox 184 2077 273 2136; x_wconf 78' lang='lat' dir='ltr'><em>poetae</em></span> <span class='ocrx_word' id='word_1_62' title='bbox 288 2077 313 2116; x_wconf 90' lang='lat' dir='ltr'><em>et</em></span> <span class='ocrx_word' id='word_1_63' title='bbox 322 2077 453 2125; x_wconf 79' lang='lat' dir='ltr'><em>oratores3</em></span> <span class='ocrx_word' id='word_1_64' title='bbox 467 2077 548 2136; x_wconf 88' lang='lat' dir='ltr'><em>atque</em></span> <span class='ocrx_word' id='word_1_65' title='bbox 560 2063 626 2119; x_wconf 85' lang='lat' dir='ltr'><em>adeo</em></span> <span class='ocrx_word' id='word_1_66' title='bbox 641 2065 693 2120; x_wconf 85' lang='lat' dir='ltr'><em>hoc</em></span> <span class='ocrx_word' id='word_1_67' title='bbox 704 2071 804 2140; x_wconf 89' lang='lat' dir='ltr'><em>ipsum,</em></span> <span class='ocrx_word' id='word_1_68' title='bbox 817 2073 888 2146; x_wconf 90' lang='lat' dir='ltr'><em>quod</em></span> <span class='ocrx_word' id='word_1_69' title='bbox 900 2097 972 2132; x_wconf 88' lang='lat' dir='ltr'><em>nuno</em></span> <span class='ocrx_word' id='word_1_70' title='bbox 982 2086 1023 2135; x_wconf 91' lang='lat' dir='ltr'><em>sui</em></span> <span class='ocrx_word' id='word_1_71' title='bbox 1031 2079 1101 2156; x_wconf 78' lang='lat' dir='ltr'><em>juris</em></span> <span class='ocrx_word' id='word_1_72' title='bbox 1107 2093 1172 2149; x_wconf 77' lang='lat' dir='ltr'><em>facit</em></span> 
     </span>
     <span class='ocr_line' id='line_1_10' title="bbox 114 2135 1170 2233; baseline 0.028 -35"><span class='ocrx_word' id='word_1_73' title='bbox 114 2135 229 2210; x_wconf 70' lang='lat' dir='ltr'><em>Persius,</em></span> <span class='ocrx_word' id='word_1_74' title='bbox 238 2148 297 2216; x_wconf 84' lang='lat' dir='ltr'><em>jam</em></span> <span class='ocrx_word' id='word_1_75' title='bbox 309 2159 387 2197; x_wconf 82' lang='lat' dir='ltr'><em>antea</em></span> <span class='ocrx_word' id='word_1_76' title='bbox 402 2145 494 2197; x_wconf 88' lang='lat' dir='ltr'><em>Cicero</em></span> <span class='ocrx_word' id='word_1_77' title='bbox 509 2145 535 2196; x_wconf 91' lang='lat' dir='ltr'><em>in</em></span> <span class='ocrx_word' id='word_1_78' title='bbox 551 2157 706 2203; x_wconf 82' lang='lat' dir='ltr'><em>communes</em></span> <span class='ocrx_word' id='word_1_79' title='bbox 718 2141 868 2223; x_wconf 69' lang='lat' dir='ltr'><em>coniecerat</em></span> <span class='ocrx_word' id='word_1_80' title='bbox 884 2149 974 2228; x_wconf 84' lang='lat' dir='ltr'><em>locus,</em></span> <span class='ocrx_word' id='word_1_81' title='bbox 989 2156 1118 2228; x_wconf 72' lang='lat' dir='ltr'><em>Par—ador.</em></span> <span class='ocrx_word' id='word_1_82' title='bbox 1133 2167 1170 2233; x_wconf 77' lang='lat'><em>111&#39;</em></span> 
     </span>
     <span class='ocr_line' id='line_1_11' title="bbox 116 2215 1096 2321; baseline 0.033 -49"><span class='ocrx_word' id='word_1_83' title='bbox 116 2228 182 2290; x_wconf 70' lang='lat' dir='ltr'><em>01V3</em></span> <span class='ocrx_word' id='word_1_84' title='bbox 195 2215 323 2278; x_wconf 78' lang='lat' dir='ltr'><em>Horatius</em></span> <span class='ocrx_word' id='word_1_85' title='bbox 332 2217 443 2278; x_wconf 81' lang='lat' dir='ltr'><em>satiricis</em></span> <span class='ocrx_word' id='word_1_86' title='bbox 455 2228 508 2277; x_wconf 89' lang='lat' dir='ltr'><em>suis</em></span> <span class='ocrx_word' id='word_1_87' title='bbox 518 2239 692 2298; x_wconf 76' lang='lat' dir='ltr'><em>usurpaverat</em></span> <span class='ocrx_word' id='word_1_88' title='bbox 701 2232 885 2304; x_wconf 80' lang='lat' dir='ltr'><em>sermonibus,</em></span> <span class='ocrx_word' id='word_1_89' title='bbox 897 2236 951 2292; x_wconf 87' lang='lat' dir='ltr'><em>Sat.</em></span> <span class='ocrx_word' id='word_1_90' title='bbox 961 2243 998 2310; x_wconf 87' lang='lat'><em>11,</em></span> <span class='ocrx_word' id='word_1_91' title='bbox 1008 2246 1024 2298; x_wconf 84' lang='lat'>3</span> <span class='ocrx_word' id='word_1_92' title='bbox 1035 2262 1061 2300; x_wconf 90' lang='lat' dir='ltr'><em>et</em></span> <span class='ocrx_word' id='word_1_93' title='bbox 1073 2269 1096 2321; x_wconf 88' lang='lat'><em>7.</em></span> 
     </span>
    </p>

    <p class='ocr_par' dir='ltr' id='par_1_4' title="bbox 110 2305 1170 4150">
     <span class='ocr_line' id='line_1_12' title="bbox 148 2305 1169 2398; baseline 0.024 -42"><span class='ocrx_word' id='word_1_94' title='bbox 148 2307 203 2375; x_wconf 90' lang='lat' dir='ltr'><em>Qui</em></span> <span class='ocrx_word' id='word_1_95' title='bbox 219 2323 283 2358; x_wconf 83' lang='lat' dir='ltr'><em>rero</em></span> <span class='ocrx_word' id='word_1_96' title='bbox 297 2306 378 2376; x_wconf 90' lang='lat' dir='ltr'><em>primi</em></span> <span class='ocrx_word' id='word_1_97' title='bbox 394 2305 513 2356; x_wconf 90' lang='lat' dir='ltr'><em>omnium</em></span> <span class='ocrx_word' id='word_1_98' title='bbox 527 2309 760 2376; x_wconf 83' lang='lat' dir='ltr'><em>pronuntiaverint</em></span> <span class='ocrx_word' id='word_1_99' title='bbox 777 2326 913 2384; x_wconf 83' lang='lat' dir='ltr'><em>auctores,</em></span> <span class='ocrx_word' id='word_1_100' title='bbox 930 2338 1011 2372; x_wconf 79' lang='lat' dir='ltr'><em>unum</em></span> <span class='ocrx_word' id='word_1_101' title='bbox 1026 2329 1169 2398; x_wconf 69' lang='lat' dir='ltr'><em>sapientem</em></span> 
     </span>
     <span class='ocr_line' id='line_1_13' title="bbox 115 2381 1170 2474; baseline 0.024 -41"><span class='ocrx_word' id='word_1_102' title='bbox 115 2401 163 2438; x_wconf 76' lang='lat' dir='ltr'><em>esse</em></span> <span class='ocrx_word' id='word_1_103' title='bbox 184 2383 313 2447; x_wconf 78' lang='lat' dir='ltr'><em>liberum,</em></span> <span class='ocrx_word' id='word_1_104' title='bbox 342 2381 414 2434; x_wconf 89' lang='lat' dir='ltr'><em>baud</em></span> <span class='ocrx_word' id='word_1_105' title='bbox 431 2384 466 2434; x_wconf 87' lang='lat' dir='ltr'><em>ita</em></span> <span class='ocrx_word' id='word_1_106' title='bbox 489 2381 567 2436; x_wconf 82' lang='lat' dir='ltr'><em>facile</em></span> <span class='ocrx_word' id='word_1_107' title='bbox 584 2385 657 2439; x_wconf 85' lang='lat' dir='ltr'><em>dictu</em></span> <span class='ocrx_word' id='word_1_108' title='bbox 678 2401 732 2454; x_wconf 87' lang='lat' dir='ltr'><em>est,</em></span> <span class='ocrx_word' id='word_1_109' title='bbox 757 2409 840 2461; x_wconf 86' lang='lat' dir='ltr'><em>quum</em></span> <span class='ocrx_word' id='word_1_110' title='bbox 862 2381 890 2444; x_wconf 88' lang='lat' dir='ltr'><em>in</em></span> <span class='ocrx_word' id='word_1_111' title='bbox 911 2415 943 2448; x_wconf 86' lang='lat' dir='ltr'><em>ea</em></span> <span class='ocrx_word' id='word_1_112' title='bbox 962 2397 1082 2474; x_wconf 83' lang='lat' dir='ltr'><em>doctrina</em></span> <span class='ocrx_word' id='word_1_113' title='bbox 1103 2415 1170 2466; x_wconf 72' lang='lat' dir='ltr'><em>con.</em></span> 
     </span>
     <span class='ocr_line' id='line_1_14' title="bbox 117 2452 1170 2562; baseline 0.025 -45"><span class='ocrx_word' id='word_1_114' title='bbox 117 2463 228 2517; x_wconf 84' lang='lat' dir='ltr'><em>sentiant</em></span> <span class='ocrx_word' id='word_1_115' title='bbox 236 2452 679 2536; x_wconf 83' lang='lat' dir='ltr'><em>omninmfermepbiiosophorum</em></span> <span class='ocrx_word' id='word_1_116' title='bbox 687 2471 833 2536; x_wconf 72' lang='lat' dir='ltr'><em>sententies,</em></span> <span class='ocrx_word' id='word_1_117' title='bbox 840 2485 932 2526; x_wconf 90' lang='lat' dir='ltr'><em>utnon</em></span> <span class='ocrx_word' id='word_1_118' title='bbox 940 2475 1066 2536; x_wconf 89' lang='lat' dir='ltr'><em>libertatis</em></span> <span class='ocrx_word' id='word_1_119' title='bbox 1075 2489 1170 2562; x_wconf 82' lang='lat' dir='ltr'><em>modo,</em></span> 
     </span>
     <span class='ocr_line' id='line_1_15' title="bbox 116 2543 1169 2627; baseline 0.022 -31"><span class='ocrx_word' id='word_1_120' title='bbox 116 2544 298 2596; x_wconf 83' lang='lat' dir='ltr'><em>verumetiam</em></span> <span class='ocrx_word' id='word_1_121' title='bbox 311 2543 393 2594; x_wconf 91' lang='lat' dir='ltr'><em>totius</em></span> <span class='ocrx_word' id='word_1_122' title='bbox 402 2544 460 2594; x_wconf 76' lang='lat' dir='ltr'><em>vit&#39;ae</em></span> <span class='ocrx_word' id='word_1_123' title='bbox 472 2543 677 2596; x_wconf 86' lang='lat' dir='ltr'><em>fundamentum</em></span> <span class='ocrx_word' id='word_1_124' title='bbox 693 2549 728 2599; x_wconf 91' lang='lat' dir='ltr'><em>sit</em></span> <span class='ocrx_word' id='word_1_125' title='bbox 743 2549 881 2620; x_wconf 79' lang='lat' dir='ltr'><em>sapientia.</em></span> <span class='ocrx_word' id='word_1_126' title='bbox 894 2555 1004 2627; x_wconf 85' lang='lat' dir='ltr'><em>Propria</em></span> <span class='ocrx_word' id='word_1_127' title='bbox 1017 2575 1103 2618; x_wconf 85' lang='lat' dir='ltr'><em>tamen</em></span> <span class='ocrx_word' id='word_1_128' title='bbox 1115 2591 1169 2625; x_wconf 72' lang='lat' dir='ltr'><em>ma.</em></span> 
     </span>
     <span class='ocr_line' id='line_1_16' title="bbox 113 2615 1169 2726; baseline 0.027 -50"><span class='ocrx_word' id='word_1_129' title='bbox 113 2629 152 2700; x_wconf 79' lang='lat' dir='ltr'><em>gis</em></span> <span class='ocrx_word' id='word_1_130' title='bbox 162 2615 334 2678; x_wconf 78' lang='lat' dir='ltr'><em>essevidetur</em></span> <span class='ocrx_word' id='word_1_131' title='bbox 341 2627 501 2690; x_wconf 82' lang='lat' dir='ltr'><em>stoicorum,</em></span> <span class='ocrx_word' id='word_1_132' title='bbox 514 2645 628 2696; x_wconf 86' lang='lat' dir='ltr'><em>quorum</em></span> <span class='ocrx_word' id='word_1_133' title='bbox 637 2624 664 2678; x_wconf 92' lang='lat' dir='ltr'><em>in</em></span> <span class='ocrx_word' id='word_1_134' title='bbox 674 2628 843 2699; x_wconf 79' lang='lat' dir='ltr'><em>dogmatibus</em></span> <span class='ocrx_word' id='word_1_135' title='bbox 855 2652 924 2705; x_wconf 77' lang='lat' dir='ltr'><em>supe</em></span> <span class='ocrx_word' id='word_1_136' title='bbox 932 2640 1026 2709; x_wconf 75' lang='lat' dir='ltr'><em>sapius</em></span> <span class='ocrx_word' id='word_1_137' title='bbox 1036 2641 1169 2726; x_wconf 79' lang='lat' dir='ltr'><em>recurrat,</em></span> 
     </span>
     <span class='ocr_line' id='line_1_17' title="bbox 112 2701 1169 2789; baseline 0.023 -35"><span class='ocrx_word' id='word_1_138' title='bbox 112 2703 277 2757; x_wconf 79' lang='lat' dir='ltr'><em>variantibus</em></span> <span class='ocrx_word' id='word_1_139' title='bbox 287 2701 426 2774; x_wconf 85' lang='lat' dir='ltr'><em>paululum</em></span> <span class='ocrx_word' id='word_1_140' title='bbox 436 2702 517 2756; x_wconf 88' lang='lat' dir='ltr'><em>titulis</em></span> <span class='ocrx_word' id='word_1_141' title='bbox 530 2707 608 2776; x_wconf 84' lang='lat' dir='ltr'><em>etque</em></span> <span class='ocrx_word' id='word_1_142' title='bbox 620 2706 780 2760; x_wconf 88' lang='lat' dir='ltr'><em>nominibus.</em></span> <span class='ocrx_word' id='word_1_143' title='bbox 791 2709 924 2782; x_wconf 74' lang='lat' dir='ltr'><em>Diogenes</em></span> <span class='ocrx_word' id='word_1_144' title='bbox 933 2715 1065 2789; x_wconf 84' lang='lat' dir='ltr'><em>Laertius,</em></span> <span class='ocrx_word' id='word_1_145' title='bbox 1079 2729 1106 2779; x_wconf 89' lang='lat' dir='ltr'><em>in</em></span> <span class='ocrx_word' id='word_1_146' title='bbox 1118 2734 1169 2788; x_wconf 68' lang='lat' dir='ltr'><em>vira</em></span> 
     </span>
     <span class='ocr_line' id='line_1_18' title="bbox 114 2773 1168 2872; baseline 0.028 -37"><span class='ocrx_word' id='word_1_147' title='bbox 114 2773 227 2836; x_wconf 74' lang='lat' dir='ltr'><em>Zenonis</em></span> <span class='ocrx_word' id='word_1_148' title='bbox 240 2783 353 2848; x_wconf 77' lang='lat' dir='ltr'><em>OEttioei,</em></span> <span class='ocrx_word' id='word_1_149' title='bbox 369 2781 417 2834; x_wconf 90' lang='lat' dir='ltr'><em>ubi</em></span> <span class='ocrx_word' id='word_1_150' title='bbox 428 2780 552 2837; x_wconf 85' lang='lat' dir='ltr'><em>describit</em></span> <span class='ocrx_word' id='word_1_151' title='bbox 561 2786 675 2837; x_wconf 88' lang='lat' dir='ltr'><em>stoicum</em></span> <span class='ocrx_word' id='word_1_152' title='bbox 689 2790 849 2858; x_wconf 85' lang='lat' dir='ltr'><em>sapientem:</em></span> <span class='ocrx_word' id='word_1_153' title='bbox 859 2789 954 2858; x_wconf 70' lang='lat' dir='ltr'><em>,scirem</em></span> <span class='ocrx_word' id='word_1_154' title='bbox 972 2795 1102 2872; x_wconf 70' lang='lat' dir='ltr'><em>ttrttrpr&#39;·</em></span> <span class='ocrx_word' id='word_1_155' title='bbox 1113 2813 1168 2872; x_wconf 65' lang='lat' dir='ltr'><em>roris</em></span> 
     </span>
     <span class='ocr_line' id='line_1_19' title="bbox 114 2857 1168 2946; baseline 0.032 -46"><span class='ocrx_word' id='word_1_156' title='bbox 114 2863 140 2916; x_wconf 61' lang='lat' dir='ltr'><em>s,</em></span> <span class='ocrx_word' id='word_1_157' title='bbox 158 2858 264 2929; x_wconf 67' lang='lat' dir='ltr'><em>estuve</em></span> <span class='ocrx_word' id='word_1_158' title='bbox 280 2861 383 2920; x_wconf 58' lang='grc' dir='ltr'><em>ἑώλους.</em></span> <span class='ocrx_word' id='word_1_159' title='bbox 400 2857 465 2915; x_wconf 59' lang='lat' dir='ltr'><em>{ires</em></span> <span class='ocrx_word' id='word_1_160' title='bbox 482 2861 531 2933; x_wconf 71' lang='lat' dir='ltr'><em>&#39;peip</em></span> <span class='ocrx_word' id='word_1_161' title='bbox 542 2861 583 2918; x_wconf 79' lang='lat' dir='ltr'><em>stit</em></span> <span class='ocrx_word' id='word_1_162' title='bbox 600 2863 741 2934; x_wconf 68' lang='lat' dir='ltr'><em>brutrp‘er,</em></span> <span class='ocrx_word' id='word_1_163' title='bbox 757 2860 863 2934; x_wconf 63' lang='lat' dir='ltr'><em>ifrveirtt</em></span> <span class='ocrx_word' id='word_1_164' title='bbox 882 2871 1064 2944; x_wconf 62' lang='grc' dir='ltr'><em>αὐτοπραγίας,</em></span> <span class='ocrx_word' id='word_1_165' title='bbox 1083 2885 1123 2942; x_wconf 62' lang='lat' dir='ltr'><em>ei,</em></span> <span class='ocrx_word' id='word_1_166' title='bbox 1142 2890 1168 2946; x_wconf 61' lang='lat' dir='ltr'><em>t}</em></span> 
     </span>
     <span class='ocr_line' id='line_1_20' title="bbox 111 2935 1168 3024; baseline 0.032 -39"><span class='ocrx_word' id='word_1_167' title='bbox 111 2935 231 3004; x_wconf 48' lang='lat' dir='ltr'><em>tereste,</em></span> <span class='ocrx_word' id='word_1_168' title='bbox 244 2937 347 3011; x_wconf 72' lang='lat' dir='ltr'><em>eripiens</em></span> <span class='ocrx_word' id='word_1_169' title='bbox 357 2941 536 3010; x_wconf 64' lang='grc' dir='ltr'><em>αὐτοπραγίας,</em></span> <span class='ocrx_word' id='word_1_170' title='bbox 547 2947 627 2994; x_wconf 66' lang='lat' dir='ltr'><em>eto...</em></span> <span class='ocrx_word' id='word_1_171' title='bbox 638 2941 843 3024; x_wconf 71' lang='lat' dir='ltr'><em>(solumqueesse</em></span> <span class='ocrx_word' id='word_1_172' title='bbox 852 2949 977 3020; x_wconf 80' lang='lat' dir='ltr'><em>liberum,</em></span> <span class='ocrx_word' id='word_1_173' title='bbox 987 2952 1168 3023; x_wconf 70' lang='lat' dir='ltr'><em>malesanum</em></span> 
     </span>
     <span class='ocr_line' id='line_1_21' title="bbox 111 3009 1167 3108; baseline 0.023 -33"><span class='ocrx_word' id='word_1_174' title='bbox 111 3042 201 3076; x_wconf 83' lang='lat' dir='ltr'><em>seruos.</em></span> <span class='ocrx_word' id='word_1_175' title='bbox 215 3021 278 3075; x_wconf 79' lang='lat' dir='ltr'><em>Esse</em></span> <span class='ocrx_word' id='word_1_176' title='bbox 293 3009 364 3074; x_wconf 83' lang='lat' dir='ltr'><em>euim</em></span> <span class='ocrx_word' id='word_1_177' title='bbox 382 3021 525 3074; x_wconf 78' lang='lat' dir='ltr'><em>libertatem</em></span> <span class='ocrx_word' id='word_1_178' title='bbox 535 3041 608 3096; x_wconf 86' lang='lat' dir='ltr'><em>posse</em></span> <span class='ocrx_word' id='word_1_179' title='bbox 622 3021 723 3097; x_wconf 84' lang='lat' dir='ltr'><em>aliquid</em></span> <span class='ocrx_word' id='word_1_180' title='bbox 736 3045 785 3098; x_wconf 85' lang='lat' dir='ltr'><em>per</em></span> <span class='ocrx_word' id='word_1_181' title='bbox 796 3046 821 3080; x_wconf 87' lang='lat' dir='ltr'><em>se</em></span> <span class='ocrx_word' id='word_1_182' title='bbox 836 3049 925 3103; x_wconf 69' lang='lat' dir='ltr'><em>epau,</em></span> <span class='ocrx_word' id='word_1_183' title='bbox 943 3039 1091 3108; x_wconf 83' lang='lat' dir='ltr'><em>seruitutem</em></span> <span class='ocrx_word' id='word_1_184' title='bbox 1108 3067 1167 3104; x_wconf 83' lang='lat' dir='ltr'><em>vero</em></span> 
     </span>
     <span class='ocr_line' id='line_1_22' title="bbox 110 3100 1167 3198; baseline 0.024 -50"><span class='ocrx_word' id='word_1_185' title='bbox 110 3123 164 3156; x_wconf 70' lang='lat' dir='ltr'><em>non</em></span> <span class='ocrx_word' id='word_1_186' title='bbox 176 3100 278 3175; x_wconf 75' lang='lat' dir='ltr'><em>passe.)</em></span> <span class='ocrx_word' id='word_1_187' title='bbox 289 3101 366 3152; x_wconf 87' lang='lat' dir='ltr'><em>Unde</em></span> <span class='ocrx_word' id='word_1_188' title='bbox 382 3103 462 3152; x_wconf 83' lang='lat' dir='ltr'><em>etiam</em></span> <span class='ocrx_word' id='word_1_189' title='bbox 478 3121 568 3172; x_wconf 89' lang='lat' dir='ltr'><em>regem</em></span> <span class='ocrx_word' id='word_1_190' title='bbox 584 3121 639 3156; x_wconf 90' lang='lat' dir='ltr'><em>esse</em></span> <span class='ocrx_word' id='word_1_191' title='bbox 654 3123 731 3158; x_wconf 87' lang='lat' dir='ltr'><em>suum</em></span> <span class='ocrx_word' id='word_1_192' title='bbox 746 3107 889 3178; x_wconf 86' lang='lat' dir='ltr'><em>sapientem</em></span> <span class='ocrx_word' id='word_1_193' title='bbox 907 3115 984 3166; x_wconf 88' lang='lat' dir='ltr'><em>stoici</em></span> <span class='ocrx_word' id='word_1_194' title='bbox 994 3117 1045 3172; x_wconf 88' lang='lat' dir='ltr'><em>sibi</em></span> <span class='ocrx_word' id='word_1_195' title='bbox 1059 3142 1167 3198; x_wconf 75' lang='lat' dir='ltr'><em>omega.</em></span> 
     </span>
     <span class='ocr_line' id='line_1_23' title="bbox 112 3171 1166 3275; baseline 0.028 -43"><span class='ocrx_word' id='word_1_196' title='bbox 112 3171 183 3234; x_wconf 87' lang='lat' dir='ltr'><em>bant.</em></span> <span class='ocrx_word' id='word_1_197' title='bbox 201 3181 241 3233; x_wconf 89' lang='lat' dir='ltr'><em>ld.</em></span> <span class='ocrx_word' id='word_1_198' title='bbox 257 3179 334 3232; x_wconf 77' lang='lat' dir='ltr'><em>ibide</em></span> <span class='ocrx_word' id='word_1_199' title='bbox 351 3177 377 3230; x_wconf 83' lang='lat' dir='ltr'><em>sti</em></span> <span class='ocrx_word' id='word_1_200' title='bbox 390 3174 461 3245; x_wconf 64' lang='lat' dir='ltr'><em>piros</em></span> <span class='ocrx_word' id='word_1_201' title='bbox 476 3177 501 3232; x_wconf 68' lang='lat' dir='ltr'><em>ii</em></span> <span class='ocrx_word' id='word_1_202' title='bbox 517 3178 645 3251; x_wconf 71' lang='lat' dir='ltr'><em>istudipste</em></span> <span class='ocrx_word' id='word_1_203' title='bbox 657 3176 714 3237; x_wconf 77' lang='lat' dir='ltr'><em>sites</em></span> <span class='ocrx_word' id='word_1_204' title='bbox 726 3184 780 3242; x_wconf 78' lang='lat' dir='ltr'><em>coir</em></span> <span class='ocrx_word' id='word_1_205' title='bbox 796 3186 892 3252; x_wconf 56' lang='lat' dir='ltr'><em>sisset,</em></span> <span class='ocrx_word' id='word_1_206' title='bbox 906 3189 972 3245; x_wconf 66' lang='lat' dir='ltr'><em>dui</em></span> <span class='ocrx_word' id='word_1_207' title='bbox 982 3195 1023 3247; x_wconf 72' lang='lat' dir='ltr'><em>triti</em></span> <span class='ocrx_word' id='word_1_208' title='bbox 1036 3196 1166 3275; x_wconf 65' lang='grc' dir='ltr'><em>βασιλὸας,</em></span> 
     </span>
     <span class='ocr_line' id='line_1_24' title="bbox 113 3252 1166 3354; baseline 0.025 -46"><span class='ocrx_word' id='word_1_209' title='bbox 113 3275 161 3315; x_wconf 77' lang='lat' dir='ltr'><em>erc.</em></span> <span class='ocrx_word' id='word_1_210' title='bbox 174 3254 442 3335; x_wconf 76' lang='lat' dir='ltr'><em>(nequesoiummodo</em></span> <span class='ocrx_word' id='word_1_211' title='bbox 457 3260 548 3315; x_wconf 83' lang='lat' dir='ltr'><em>liberos</em></span> <span class='ocrx_word' id='word_1_212' title='bbox 558 3280 608 3316; x_wconf 85' lang='lat' dir='ltr'><em>esse</em></span> <span class='ocrx_word' id='word_1_213' title='bbox 621 3252 760 3336; x_wconf 81' lang='lat' dir='ltr'><em>sapientes,</em></span> <span class='ocrx_word' id='word_1_214' title='bbox 779 3287 867 3319; x_wconf 85' lang='lat' dir='ltr'><em>verum</em></span> <span class='ocrx_word' id='word_1_215' title='bbox 884 3268 963 3344; x_wconf 82' lang='lat' dir='ltr'><em>etiam</em></span> <span class='ocrx_word' id='word_1_216' title='bbox 979 3269 1166 3354; x_wconf 63' lang='lat' dir='ltr'><em>repesj.Pau10</em></span> 
     </span>
     <span class='ocr_line' id='line_1_25' title="bbox 112 3338 1166 3440; baseline 0.028 -46"><span class='ocrx_word' id='word_1_217' title='bbox 112 3338 187 3394; x_wconf 82' lang='lat' dir='ltr'><em>aliter</em></span> <span class='ocrx_word' id='word_1_218' title='bbox 199 3342 353 3413; x_wconf 89' lang='lat' dir='ltr'><em>concipitur</em></span> <span class='ocrx_word' id='word_1_219' title='bbox 368 3353 551 3413; x_wconf 81' lang='lat' dir='ltr'><em>argumentum</em></span> <span class='ocrx_word' id='word_1_220' title='bbox 570 3341 642 3416; x_wconf 85' lang='lat' dir='ltr'><em>apud</em></span> <span class='ocrx_word' id='word_1_221' title='bbox 662 3343 727 3398; x_wconf 85' lang='lat' dir='ltr'><em>aiios</em></span> <span class='ocrx_word' id='word_1_222' title='bbox 747 3366 778 3398; x_wconf 85' lang='lat' dir='ltr'><em>au</em></span> <span class='ocrx_word' id='word_1_223' title='bbox 798 3346 870 3419; x_wconf 90' lang='lat' dir='ltr'><em>apud</em></span> <span class='ocrx_word' id='word_1_224' title='bbox 886 3349 1039 3411; x_wconf 84' lang='lat' dir='ltr'><em>Laertium:</em></span> <span class='ocrx_word' id='word_1_225' title='bbox 1057 3365 1166 3440; x_wconf 87' lang='lat' dir='ltr'><em>Cicero,</em></span> 
     </span>
     <span class='ocr_line' id='line_1_26' title="bbox 112 3415 1165 3502; baseline 0.018 -30"><span class='ocrx_word' id='word_1_226' title='bbox 112 3419 241 3474; x_wconf 66' lang='lat' dir='ltr'><em>paradox.</em></span> <span class='ocrx_word' id='word_1_227' title='bbox 249 3423 284 3486; x_wconf 91' lang='lat' dir='ltr'><em>V,</em></span> <span class='ocrx_word' id='word_1_228' title='bbox 295 3423 323 3472; x_wconf 90' lang='lat' dir='ltr'><em>in</em></span> <span class='ocrx_word' id='word_1_229' title='bbox 334 3418 411 3472; x_wconf 88' lang='lat' dir='ltr'><em>titulo</em></span> <span class='ocrx_word' id='word_1_230' title='bbox 423 3442 429 3471; x_wconf 77' lang='grc' dir='ltr'><strong><em>ι</em></strong></span> <span class='ocrx_word' id='word_1_231' title='bbox 444 3415 527 3472; x_wconf 78' lang='lat' dir='ltr'><em>solum</em></span> <span class='ocrx_word' id='word_1_232' title='bbox 544 3423 687 3493; x_wconf 82' lang='lat' dir='ltr'><em>sapientem</em></span> <span class='ocrx_word' id='word_1_233' title='bbox 701 3429 751 3475; x_wconf 85' lang='lat' dir='ltr'><em>esse</em></span> <span class='ocrx_word' id='word_1_234' title='bbox 763 3422 887 3495; x_wconf 71' lang='lat' dir='ltr'><em>liberum,</em></span> <span class='ocrx_word' id='word_1_235' title='bbox 903 3431 929 3480; x_wconf 79' lang='lat' dir='ltr'><em>et</em></span> <span class='ocrx_word' id='word_1_236' title='bbox 941 3451 1044 3487; x_wconf 82' lang='lat' dir='ltr'><em>omnem</em></span> <span class='ocrx_word' id='word_1_237' title='bbox 1056 3444 1165 3502; x_wconf 66' lang='lat' dir='ltr'><em>stultum</em></span> 
     </span>
     <span class='ocr_line' id='line_1_27' title="bbox 111 3498 1167 3590; baseline 0.027 -38"><span class='ocrx_word' id='word_1_238' title='bbox 111 3519 227 3562; x_wconf 65' lang='lat' dir='ltr'><em>sentum</em></span> <span class='ocrx_word' id='word_1_239' title='bbox 238 3498 315 3550; x_wconf 84' lang='lat' dir='ltr'><em>Philo</em></span> <span class='ocrx_word' id='word_1_240' title='bbox 324 3498 448 3566; x_wconf 83' lang='lat' dir='ltr'><em>Judaeus,</em></span> <span class='ocrx_word' id='word_1_241' title='bbox 460 3498 486 3550; x_wconf 91' lang='lat' dir='ltr'><em>in</em></span> <span class='ocrx_word' id='word_1_242' title='bbox 498 3502 582 3572; x_wconf 90' lang='lat' dir='ltr'><em>operis</em></span> <span class='ocrx_word' id='word_1_243' title='bbox 590 3500 680 3554; x_wconf 77' lang='lat' dir='ltr'><em>tituto:</em></span> <span class='ocrx_word' id='word_1_244' title='bbox 692 3499 727 3554; x_wconf 79' lang='lat' dir='ltr'><em>irs</em></span> <span class='ocrx_word' id='word_1_245' title='bbox 736 3505 784 3561; x_wconf 67' lang='lat' dir='ltr'><em>trit</em></span> <span class='ocrx_word' id='word_1_246' title='bbox 795 3505 907 3564; x_wconf 78' lang='lat' dir='ltr'><em>iriorsiur</em></span> <span class='ocrx_word' id='word_1_247' title='bbox 917 3509 1028 3585; x_wconf 74' lang='lat' dir='ltr'><em>issiitpst</em></span> <span class='ocrx_word' id='word_1_248' title='bbox 1041 3520 1051 3590; x_wconf 85' lang='lat'>(</span> <span class='ocrx_word' id='word_1_249' title='bbox 1057 3522 1167 3583; x_wconf 75' lang='lat' dir='ltr'><em>tiberem</em></span> 
     </span>
     <span class='ocr_line' id='line_1_28' title="bbox 112 3578 1166 3667; baseline 0.026 -40"><span class='ocrx_word' id='word_1_250' title='bbox 112 3600 174 3646; x_wconf 67' lang='grc' dir='ltr'><em>ωε,</em></span> <span class='ocrx_word' id='word_1_251' title='bbox 185 3583 208 3634; x_wconf 77' lang='lat' dir='ltr'><em>si</em></span> <span class='ocrx_word' id='word_1_252' title='bbox 218 3579 275 3652; x_wconf 75' lang='lat' dir='ltr'><em>guis</em></span> <span class='ocrx_word' id='word_1_253' title='bbox 291 3578 382 3634; x_wconf 85' lang='lat' dir='ltr'><em>uirtuti</em></span> <span class='ocrx_word' id='word_1_254' title='bbox 395 3581 522 3650; x_wconf 83' lang='lat' dir='ltr'><em>studeat.)</em></span> <span class='ocrx_word' id='word_1_255' title='bbox 540 3585 667 3636; x_wconf 76' lang='lat' dir='ltr'><em>praterea</em></span> <span class='ocrx_word' id='word_1_256' title='bbox 680 3604 735 3638; x_wconf 90' lang='lat' dir='ltr'><em>non</em></span> <span class='ocrx_word' id='word_1_257' title='bbox 753 3586 819 3639; x_wconf 89' lang='lat' dir='ltr'><em>alius</em></span> <span class='ocrx_word' id='word_1_258' title='bbox 835 3589 932 3644; x_wconf 77' lang='lat' dir='ltr'><em>schotae</em></span> <span class='ocrx_word' id='word_1_259' title='bbox 952 3615 1031 3667; x_wconf 89' lang='lat' dir='ltr'><em>quam</em></span> <span class='ocrx_word' id='word_1_260' title='bbox 1048 3605 1166 3666; x_wconf 65' lang='lat' dir='ltr'><em>Porticus</em></span> 
     </span>
     <span class='ocr_line' id='line_1_29' title="bbox 112 3651 1168 3750; baseline 0.024 -41"><span class='ocrx_word' id='word_1_261' title='bbox 112 3658 160 3710; x_wconf 76' lang='lat' dir='ltr'><em>fuit</em></span> <span class='ocrx_word' id='word_1_262' title='bbox 175 3651 221 3710; x_wconf 88' lang='lat' dir='ltr'><em>ilia</em></span> <span class='ocrx_word' id='word_1_263' title='bbox 239 3677 298 3732; x_wconf 72' lang='lat' dir='ltr'><em>quae</em></span> <span class='ocrx_word' id='word_1_264' title='bbox 313 3661 435 3733; x_wconf 83' lang='lat' dir='ltr'><em>inopere</em></span> <span class='ocrx_word' id='word_1_265' title='bbox 446 3659 525 3711; x_wconf 87' lang='lat' dir='ltr'><em>Persii</em></span> <span class='ocrx_word' id='word_1_266' title='bbox 544 3680 559 3711; x_wconf 82' lang='lat' dir='ltr'><em>a</em></span> <span class='ocrx_word' id='word_1_267' title='bbox 573 3681 639 3714; x_wconf 87' lang='lat' dir='ltr'><em>vers.</em></span> <span class='ocrx_word' id='word_1_268' title='bbox 658 3663 705 3715; x_wconf 79' lang='lat'><em>115</em></span> <span class='ocrx_word' id='word_1_269' title='bbox 719 3663 752 3715; x_wconf 87' lang='lat' dir='ltr'><em>ad</em></span> <span class='ocrx_word' id='word_1_270' title='bbox 765 3666 813 3716; x_wconf 84' lang='lat'><em>123</em></span> <span class='ocrx_word' id='word_1_271' title='bbox 828 3666 978 3740; x_wconf 85' lang='lat' dir='ltr'><em>diligentius</em></span> <span class='ocrx_word' id='word_1_272' title='bbox 993 3696 1114 3750; x_wconf 78' lang='lat' dir='ltr'><em>expressa</em></span> <span class='ocrx_word' id='word_1_273' title='bbox 1128 3705 1168 3743; x_wconf 69' lang='lat' dir='ltr'><em>est</em></span> 
     </span>
     <span class='ocr_line' id='line_1_30' title="bbox 114 3725 1049 3822; baseline 0.019 -35"><span class='ocrx_word' id='word_1_274' title='bbox 114 3725 248 3803; x_wconf 78' lang='lat' dir='ltr'><em>doctrina,</em></span> <span class='ocrx_word' id='word_1_275' title='bbox 259 3737 375 3809; x_wconf 78' lang='lat' dir='ltr'><em>oequaiia</em></span> <span class='ocrx_word' id='word_1_276' title='bbox 387 3756 437 3789; x_wconf 87' lang='lat' dir='ltr'><em>esse</em></span> <span class='ocrx_word' id='word_1_277' title='bbox 443 3751 550 3808; x_wconf 83' lang='lat' dir='ltr'><em>peecata</em></span> <span class='ocrx_word' id='word_1_278' title='bbox 560 3741 664 3805; x_wconf 86' lang='lat' dir='ltr'><em>omnia,</em></span> <span class='ocrx_word' id='word_1_279' title='bbox 673 3743 894 3813; x_wconf 78' lang='lat' dir='ltr'><em>queamdmodum</em></span> <span class='ocrx_word' id='word_1_280' title='bbox 906 3753 1049 3822; x_wconf 77' lang='lat' dir='ltr'><em>rectefacta</em></span> 
     </span>
     <span class='ocr_line' id='line_1_31' title="bbox 114 3815 1169 3912; baseline 0.024 -48"><span class='ocrx_word' id='word_1_281' title='bbox 114 3825 177 3868; x_wconf 83' lang='lat' dir='ltr'><em>teste</em></span> <span class='ocrx_word' id='word_1_282' title='bbox 194 3815 316 3886; x_wconf 88' lang='lat' dir='ltr'><em>Diogene</em></span> <span class='ocrx_word' id='word_1_283' title='bbox 327 3816 449 3882; x_wconf 87' lang='lat' dir='ltr'><em>Laertio,</em></span> <span class='ocrx_word' id='word_1_284' title='bbox 470 3815 561 3869; x_wconf 70' lang='lat' dir='ltr'><em>extulit</em></span> <span class='ocrx_word' id='word_1_285' title='bbox 574 3818 748 3892; x_wconf 72' lang='lat' dir='ltr'><em>Chrysippus,</em></span> <span class='ocrx_word' id='word_1_286' title='bbox 765 3825 852 3874; x_wconf 68' lang='lat' dir='ltr'><em>in&#39;1v0</em></span> <span class='ocrx_word' id='word_1_287' title='bbox 867 3831 1026 3886; x_wconf 87' lang='lat' dir='ltr'><em>naturalium</em></span> <span class='ocrx_word' id='word_1_288' title='bbox 1046 3849 1169 3912; x_wconf 71' lang='lat' dir='ltr'><em>quaestjo.</em></span> 
     </span>
     <span class='ocr_line' id='line_1_32' title="bbox 115 3895 1170 3994; baseline 0.026 -52"><span class='ocrx_word' id='word_1_289' title='bbox 115 3911 192 3957; x_wconf 85' lang='lat' dir='ltr'><em>num;</em></span> <span class='ocrx_word' id='word_1_290' title='bbox 206 3895 285 3966; x_wconf 88' lang='lat' dir='ltr'><em>Diog.</em></span> <span class='ocrx_word' id='word_1_291' title='bbox 303 3895 389 3948; x_wconf 79' lang='lat' dir='ltr'><em>baert.</em></span> <span class='ocrx_word' id='word_1_292' title='bbox 401 3897 454 3948; x_wconf 81' lang='lat' dir='ltr'><em>vit.</em></span> <span class='ocrx_word' id='word_1_293' title='bbox 468 3897 581 3950; x_wconf 86' lang='lat' dir='ltr'><em>Zenonis</em></span> <span class='ocrx_word' id='word_1_294' title='bbox 598 3922 604 3950; x_wconf 93' lang='lat'><strong>:</strong></span> <span class='ocrx_word' id='word_1_295' title='bbox 620 3896 736 3970; x_wconf 75' lang='lat' dir='ltr'><em>ipirssrrs</em></span> <span class='ocrx_word' id='word_1_296' title='bbox 749 3902 829 3960; x_wconf 74' lang='lat' dir='ltr'><em>eisaie</em></span> <span class='ocrx_word' id='word_1_297' title='bbox 844 3903 887 3958; x_wconf 74' lang='lat' dir='ltr'><em>ira</em></span> <span class='ocrx_word' id='word_1_298' title='bbox 899 3905 1004 3976; x_wconf 66' lang='lat' dir='ltr'><em>ipsicius</em></span> <span class='ocrx_word' id='word_1_299' title='bbox 1015 3915 1049 3970; x_wconf 77' lang='lat' dir='ltr'><em>rii</em></span> <span class='ocrx_word' id='word_1_300' title='bbox 1060 3919 1170 3994; x_wconf 60' lang='lat' dir='ltr'><em>ripeffl‘.</em></span> 
     </span>
     <span class='ocr_line' id='line_1_33' title="bbox 113 3973 1167 4069; baseline 0.03 -48"><span class='ocrx_word' id='word_1_301' title='bbox 113 3991 182 4037; x_wconf 65' lang='lat' dir='ltr'><em>pne</em></span> <span class='ocrx_word' id='word_1_302' title='bbox 201 3973 356 4048; x_wconf 76' lang='lat' dir='ltr'><em>(placetque</em></span> <span class='ocrx_word' id='word_1_303' title='bbox 372 3974 427 4028; x_wconf 83' lang='lat' dir='ltr'><em>iliis</em></span> <span class='ocrx_word' id='word_1_304' title='bbox 442 3976 555 4049; x_wconf 81' lang='lat' dir='ltr'><em>oequaiia</em></span> <span class='ocrx_word' id='word_1_305' title='bbox 575 3976 664 4031; x_wconf 83' lang='lat' dir='ltr'><em>baberi</em></span> <span class='ocrx_word' id='word_1_306' title='bbox 677 3983 808 4054; x_wconf 82' lang='lat' dir='ltr'><em>peccata).</em></span> <span class='ocrx_word' id='word_1_307' title='bbox 824 3985 861 4037; x_wconf 84' lang='lat' dir='ltr'><em>Ex</em></span> <span class='ocrx_word' id='word_1_308' title='bbox 879 3985 973 4060; x_wconf 90' lang='lat' dir='ltr'><em>quibus</em></span> <span class='ocrx_word' id='word_1_309' title='bbox 991 3995 1167 4069; x_wconf 77' lang='lat' dir='ltr'><em>colligendum</em></span> 
     </span>
     <span class='ocr_line' id='line_1_34' title="bbox 118 4054 1121 4150; baseline 0.027 -46"><span class='ocrx_word' id='word_1_310' title='bbox 118 4065 171 4119; x_wconf 86' lang='lat' dir='ltr'><em>est,</em></span> <span class='ocrx_word' id='word_1_311' title='bbox 181 4054 252 4107; x_wconf 85' lang='lat' dir='ltr'><em>hanc</em></span> <span class='ocrx_word' id='word_1_312' title='bbox 264 4074 370 4108; x_wconf 88' lang='lat' dir='ltr'><em>omnem</em></span> <span class='ocrx_word' id='word_1_313' title='bbox 380 4057 528 4109; x_wconf 86' lang='lat' dir='ltr'><em>Persianam</em></span> <span class='ocrx_word' id='word_1_314' title='bbox 540 4059 748 4131; x_wconf 86' lang='lat' dir='ltr'><em>disputationem</em></span> <span class='ocrx_word' id='word_1_315' title='bbox 760 4065 879 4120; x_wconf 86' lang='lat' dir='ltr'><em>Porticus</em></span> <span class='ocrx_word' id='word_1_316' title='bbox 889 4072 965 4124; x_wconf 87' lang='lat' dir='ltr'><em>inniti</em></span> <span class='ocrx_word' id='word_1_317' title='bbox 975 4077 1121 4150; x_wconf 75' lang='lat' dir='ltr'><em>principiis.</em></span> 
     </span>
    </p>
   </div>
   <div class='ocr_carea' id='block_1_4' title="bbox 149 4135 1180 4236">
    <p class='ocr_par' dir='ltr' id='par_1_5' title="bbox 149 4135 1180 4236">
     <span class='ocr_line' id='line_1_35' title="bbox 149 4135 1180 4236; baseline 0.035 -50"><span class='ocrx_word' id='word_1_318' title='bbox 149 4136 208 4187; x_wconf 82' lang='lat' dir='ltr'><em>Jam</em></span> <span class='ocrx_word' id='word_1_319' title='bbox 218 4155 282 4188; x_wconf 82' lang='lat' dir='ltr'><em>vero</em></span> <span class='ocrx_word' id='word_1_320' title='bbox 291 4135 494 4209; x_wconf 84' lang='lat' dir='ltr'><em>philosophicas</em></span> <span class='ocrx_word' id='word_1_321' title='bbox 504 4137 591 4194; x_wconf 78' lang='lat' dir='ltr'><em>theses</em></span> <span class='ocrx_word' id='word_1_322' title='bbox 602 4143 681 4210; x_wconf 80' lang='lat' dir='ltr'><em>istus,</em></span> <span class='ocrx_word' id='word_1_323' title='bbox 691 4145 817 4216; x_wconf 73' lang='lat' dir='ltr'><em>quaejam</em></span> <span class='ocrx_word' id='word_1_324' title='bbox 829 4163 906 4204; x_wconf 83' lang='lat' dir='ltr'><em>antea</em></span> <span class='ocrx_word' id='word_1_325' title='bbox 917 4152 966 4205; x_wconf 87' lang='lat' dir='ltr'><em>sibi</em></span> <span class='ocrx_word' id='word_1_326' title='bbox 980 4166 1180 4236; x_wconf 84' lang='lat' dir='ltr'><em>assumpserint¹</em></span> 
     </span>
    </p>
   </div>
   <div class='ocr_carea' id='block_1_5' title="bbox 233 4227 1027 4313">
    <p class='ocr_par' dir='ltr' id='par_1_6' title="bbox 233 4227 1027 4313">
     <span class='ocr_line' id='line_1_36' title="bbox 233 4227 1027 4313; baseline 0.028 -23"><span class='ocrx_word' id='word_1_327' title='bbox 233 4227 301 4293; x_wconf 85' lang='lat' dir='ltr'><em>III.</em></span> <span class='ocrx_word' id='word_1_328' title='bbox 670 4247 672 4256; x_wconf 64' lang='lat'><strong><em>⁴</em></strong></span> <span class='ocrx_word' id='word_1_329' title='bbox 989 4249 1027 4313; x_wconf 83' lang='lat'><em>13</em></span> 
     </span>
    </p>
   </div>
   <div class='ocr_carea' id='block_1_6' title="bbox 1055 3783 1167 3839">
    <p class='ocr_par' dir='ltr' id='par_1_7' title="bbox 1055 3783 1167 3839">
     <span class='ocr_line' id='line_1_37' title="bbox 1055 3783 1167 3839; baseline 0.063 -25"><span class='ocrx_word' id='word_1_330' title='bbox 1055 3801 1063 3828; x_wconf 89' lang='lat'>‚</span> <span class='ocrx_word' id='word_1_331' title='bbox 1076 3783 1167 3839; x_wconf 83' lang='lat' dir='ltr'><em>quatu,</em></span> 
     </span>
    </p>
   </div>
   <div class='ocr_carea' id='block_1_7' title="bbox 0 0 1498 4924">
    <p class='ocr_par' dir='ltr' id='par_1_8' title="bbox 0 0 1498 4924">
     <span class='ocr_line' id='line_1_38' title="bbox 0 0 1498 4924; baseline 0 0"><span class='ocrx_word' id='word_1_332' title='bbox 0 0 1498 4924; x_wconf 95' lang='lat' dir='ltr'><em> </em></span> 
     </span>
    </p>
   </div>
  </div>
 </body>
</html>
