3026 4944
359 469 412 534 tn
435 467 651 536 SATIRAM
674 469 882 536 PRIMAM.

293 595 317 640 Si
326 595 410 652 brus,
418 594 546 646 autcsrbo,
554 579 698 651 euttieptuui
705 593 808 640 filiun...

84 675 127 726 De
138 672 237 726 eodem
248 669 305 722 lton
317 670 394 742 Lupo
405 671 444 722 sic
454 671 574 724 meminit
586 671 727 737 Horatius,
739 683 788 722 sat.
801 673 836 738 ll,
850 673 938 739 r,6t=

323 758 465 816 Famosisque
474 761 533 816 Lupo
540 767 643 815 cooperto
651 757 755 802 versibus.

87 868 127 880 —
144 835 258 890 Gmrdni
266 845 402 886 vocantur
412 830 531 885 dentium
541 835 669 906 postremi
679 832 814 906 iidemque
823 833 986 889 validissimi.
1005 839 1070 893 l'lin.
1081 844 1148 898 Hist.

89 918 155 970 Nat.
167 919 203 982 ll,
217 917 267 987 373
280 917 392 981 Festus,
404 913 450 965 lib.
464 915 523 982 VH,
537 913 593 966 vult
605 917 643 966 ita
656 914 758 982 dictos,
774 915 847 988 quod
860 937 874 968 ιι
885 920 959 991 penis
971 919 1148 994 dependeant.

90 997 146 1050 cic.
160 1001 183 1048 ll
190 995 225 1047 de
238 997 345 1048 Natura
356 996 489 1045 Deorum:
508 991 661 1046 «Dentibus
672 1006 760 1044 autem
773 994 800 1044 in
814 1013 860 1045 ore
875 1003 1032 1052 constructis
1045 1005 1150 1056 mandi-

91 1093 134 1130 tur
142 1092 222 1150 atque
233 1077 269 1129 ab
281 1079 316 1130 iis
326 1088 485 1129 extenuatur
494 1086 520 1126 et
531 1074 651 1127 mollitur
660 1076 749 1139 cibus;
763 1093 855 1128 eorum
867 1075 967 1132 adversi
978 1085 1049 1134 acuti
1058 1105 1151 1140 morsu

89 1158 211 1211 dividunt
226 1177 319 1218 escas;
334 1159 422 1208 intimi
433 1169 521 1208 autem
535 1157 695 1222 conficiunt,
710 1159 757 1230 qui
768 1158 881 1231 penuini
894 1175 1031 1218 vocantur.
1042 1160 1059 1212 ι’
1069 1197 1106 1207 -
1116 1170 1150 1221 In

88 1239 153 1304 iilis,
169 1258 209 1291 sc.
223 1241 255 1290 in
268 1239 345 1310 Lupo
358 1251 384 1288 et
396 1238 424 1287 in
433 1237 531 1288 Mulio.
546 1234 662 1304 Quidam
672 1236 790 1288 referunt
801 1235 834 1289 ad
844 1239 947 1306 urbem,
957 1245 1033 1313 quusi
1043 1244 1150 1302 dixisset

88 1320 182 1372 inillis
195 1319 354 1392 quiritibus.
367 1317 440 1370 Malo
452 1320 570 1390 priorem
582 1319 819 1370 constructionem.

121 1429 192 1480 Nor.
218 1445 228 1479 t
238 1427 280 1479 16.
301 1428 386 1479 Omne
398 1425 473 1498 vafer
483 1425 576 1477 uitium
589 1425 685 1478 ridenti
694 1426 804 1480 Flaccus
815 1431 900 1482 amico
915 1431 1020 1508 Tangit.
1032 1464 1067 1475 -
1078 1437 1152 1490 ltac-

88 1526 145 1568 cus;
162 1509 223 1580 ipse
240 1507 288 1561 ille
301 1509 419 1578 Quintus
432 1508 559 1558 Horatius
574 1505 695 1574 Flaccus,
710 1505 743 1558 de
757 1528 811 1582 quo
825 1529 903 1563 nemo
915 1531 971 1565 non
984 1514 1104 1570 audierit.
1116 1550 1152 1560 -

91 1588 182 1659 Vofer,
200 1591 240 1641 ait
254 1589 394 1655 Nunnius,
412 1589 487 1662 qtrasi
503 1585 581 1640 valde
595 1585 671 1662 Afer,
688 1589 750 1660 quia
763 1590 889 1642 Afrorum
903 1593 970 1646 mira
985 1614 1089 1668 semper
1101 1597 1152 1652 fuit

89 1665 236 1736 calliditas,
250 1682 277 1720 et
291 1685 353 1740 vere
366 1666 401 1719 ad
413 1666 559 1719 fallendum
572 1668 651 1738 proni
665 1679 691 1718 et
705 1667 823 1722 solertes.
839 1699 875 1710 -
889 1671 974 1724 Omtte
986 1675 1079 1728 vitium
1091 1691 1151 1731 tun·

89 1747 140 1819 qit5
154 1747 254 1799 endem
269 1749 353 1799 ferme
365 1745 461 1812 modo,
473 1764 528 1817 quo
540 1745 637 1798 dicitur
651 1760 764 1799 tractare
776 1746 886 1800 vulnera
898 1749 939 1801 vel
954 1764 1102 1808 attrectare.
1117 1788 1153 1798 --

91 1825 181 1880 Amico
195 1827 298 1878 ridenti
303 1849 313 1888 ,·
323 1825 363 1878 vel
375 1826 527 1891 Maecenati,
539 1845 617 1898 quem
630 1828 717 1897 ipsum
732 1828 817 1898 carpit
831 1829 971 1896 Horatius,
983 1832 1024 1884 vel
1039 1833 1084 1888 alii
1096 1837 1152 1892 cui.

93 1926 205 1982 eumque
221 1911 374 1961 amicorum
387 1926 443 1958 non
457 1909 581 1959 irascenti
595 1906 673 1958 aede
688 1926 716 1960 se
729 1910 835 1960 satiram
849 1908 919 1962 ultro
934 1911 1096 1985 admittenti,
1110 1918 1152 1971 vel

94 1985 206 2059 denique
218 1986 334 2040 cuilibet
344 1985 497 2052 hominum,
509 2005 576 2056 quos
588 1987 672 2058 tangit
682 2005 773 2040 omnes
784 1989 909 2044 Horatius
923 2011 1003 2064 quam
1015 1994 1153 2050 familiari-

95 2069 145 2116 ter!
160 2066 296 2117 Nonnulli
310 2066 533 2136 interpretantur:
548 2065 620 2137 apud
631 2065 745 2116 amicum
761 2067 901 2136 ridentem,
916 2073 961 2123 cui
973 2074 1098 2128 Horatius
1110 2093 1153 2132 sa.

4 2207 5 2210 Ἴ
95 2148 155 2200 tiras
166 2153 262 2202 recitet
273 2151 413 2220 risumque
427 2161 547 2214 moveat,
563 2166 618 2199 non
632 2150 670 2202 sui
684 2149 740 2200 vitii
752 2145 944 2222 descriptione,
958 2155 1153 2213 sedulianum

95 2245 156 2281 tero
172 2249 235 2281 cum
251 2230 310 2301 ipsa
323 2229 521 2281 constructione
536 2247 603 2298 aegre
618 2226 763 2282 admodum
777 2233 901 2286 convenit
911 2231 956 2287 hic
968 2254 1070 2290 sensns.
1083 2242 1153 2293 Prn-

4 2357 5 2370 ,
96 2320 164 2360 terea
176 2307 335 2381 plns,hnbet
347 2307 511 2359 auctoritatis
524 2307 674 2380 exemplum
689 2309 809 2376 Horatii,
825 2311 898 2383 quod
912 2315 940 2368 in
955 2332 1030 2368 suam
1045 2335 1153 2375 causam

95 2389 174 2439 refert
186 2390 305 2454 Persius,
319 2390 341 2439 si
354 2399 516 2438 memoretur
526 2387 666 2452 Horatius,
679 2399 709 2438 ut
722 2389 828 2458 quisue
841 2392 922 2441 animi
933 2393 994 2444 vitia
1008 2397 1074 2466 ipsis
1086 2399 1153 2448 ami-

5 2511 6 2514 ,
97 2467 136 2518 cis
156 2469 351 2533 attrectaverit,
372 2463 455 2536 idque
474 2466 511 2516 ita
532 2464 638 2531 lecerit,
657 2477 687 2515 ut
701 2483 871 2540 nequaquam
886 2467 925 2523 illi
940 2471 1153 2541 offenderentur,

5 2597 6 2614 ζ
98 2560 185 2598 mmet
195 2565 258 2598 vero
268 2547 338 2617 ipsos
351 2544 501 2616 descriptos
513 2543 663 2596 irriderent.
684 2545 750 2610 Quae
769 2547 855 2598 satira
873 2548 1024 2606 Horatiana
1044 2555 1154 2626 propria

98 2637 138 2677 est
150 2639 178 2676 et
191 2625 301 2694 insignis
312 2622 452 2676 calliditas.
464 2625 495 2675 In
505 2641 537 2674 eo
553 2635 593 2675 est
605 2625 662 2694 ejus
677 2621 730 2674 loci
742 2622 800 2675 laus
816 2628 916 2693 omnis,
929 2629 1002 2697 quod
1013 2632 1152 2684 Horatium

96 2707 201 2758 Persius
215 2705 250 2757 ad
261 2707 347 2757 rivum
361 2705 533 2778 expresserit,
546 2703 630 2776 qualis
641 2706 689 2770 sit,
704 2703 789 2777 qualis
800 2706 924 2763 omuibus
935 2709 1078 2780 placuerit,
1087 2733 1154 2786 qua·

5 2799 7 2828 ῑ
97 2784 127 2838 lis
139 2788 405 2860 bortusnuucupetur.
414 2788 505 2839 Risum
513 2804 575 2840 vero
586 2805 691 2838 movere
701 2785 758 2838 aliis
767 2787 801 2840 de
810 2789 878 2840 vitiis
888 2788 1009 2858 aliorum,
1020 2793 1088 2850 adeo
1098 2813 1153 2852 noa

99 2877 138 2917 est
149 2869 288 2938 proprium
301 2867 417 2931 Horatii,
431 2880 460 2917 ut
472 2883 552 2918 nemo
564 2867 613 2932 sit,
625 2866 672 2936 qui
683 2864 735 2917 hoc
747 2885 803 2918 non
814 2867 899 2938 possit
910 2869 1009 2921 lacere.

132 2971 199 3028 tter.
222 2991 282 3041 ¹¹7·
298 2973 335 3026 Et
350 2972 473 3026 admisuu
487 2972 585 3026 circum
597 2971 741 3043 precordia
754 2969 828 3024 ludit
840 3003 878 3015 -
889 2974 1034 3048 Hypallape
1046 2996 1096 3049 pro
1112 2978 1154 3031 iu·

99 3051 180 3106 deado
198 3053 353 3106 admittitur
367 3053 466 3105 cirrum
482 3052 642 3124 praeordina
666 3070 705 3104 sc.
723 3052 819 3104 dmum
836 3055 979 3126 parocia
998 3058 1151 3110 amicorum.

99 3133 202 3184 Homer.
219 3131 252 3185 iri
269 3129 335 3200 spui
349 3127 518 3184 mattam
531 3161 568 3172 -
581 3132 673 3199 Ludit,
681 3135 788 3204 jocatur
800 3145 826 3184 et
837 3132 948 3186 lascivit.
960 3163 998 3176 -
1008 3137 1154 3206 Admissis,

99 3228 151 3262 uon
164 3211 305 3282 repulsus,
316 3209 381 3264 dum
392 3222 515 3283 penetrat
527 3213 620 3263 intima
632 3213 712 3263 animi
724 3211 880 3283 penetralia.

132 3317 200 3370 lint.
217 3317 277 3370 118.
295 3315 412 3372 Callidus
424 3335 528 3369 excusso
538 3315 667 3388 populum
679 3316 830 3388 uupenderc
842 3335 913 3373 naso.
922 3347 955 3360 -
966 3319 1096 3387 Callidus,
1111 3341 1154 3378 so·

100 3397 163 3464 less,
170 3400 361 3471 peritissimus;
371 3398 482 3452 collidus
488 3397 654 3470 urspendere,
666 3417 752 3469 grace
764 3397 879 3466 locutio,
891 3403 930 3452 uti
942 3401 1010 3458 tntu
1021 3423 1082 3458 cunr
1094 3404 1155 3456 inii.

100 3481 189 3532 uitivo.
201 3509 239 3520 -
250 3479 411 3550 Stupendere
422 3497 485 3532 nuso
496 3496 615 3541 exeusso‚·
627 3481 719 3531 Horat.
732 3480 785 3531 Sat.
799 3481 823 3543 l,
836 3479 866 3545 li,
881 3479 896 3532 5
908 3501 915 3530 ι
930 3500 991 3535 naso
1002 3486 1154 3555 supendere

101 3560 215 3619 adunco5
228 3557 304 3631 quod
313 3558 445 3628 significat
454 3556 574 3612 deridere
586 3555 718 3628 aliquem,
736 3558 813 3628 quia,
830 3557 870 3608 uti
886 3575 965 3629 supra
981 3559 1082 3614 (lictum
1099 3577 1155 3631 est,

101 3638 278 3692 tonualtimus
297 3657 393 3690 nasum
411 3633 531 3688 ridendo.
552 3637 682 3698 Eretum
698 3647 775 3686 vetus
792 3635 981 3708 interpretatur
1000 3640 1154 3696 scholiastes

101 3715 231 3786 pervalde
240 3727 372 3770 emuncto.
380 3713 496 3783 Quidam
505 3715 715 3786 interpretantur
722 3716 958 3769 commentantium
968 3735 1016 3790 per
1026 3739 1154 3790 succenso,

104 3798 160 3866 quia
171 3811 267 3869 caput,
281 3815 366 3868 quum
378 3795 509 3860 ridemus,
520 3795 681 3860 excutimus,
690 3806 716 3845 et
727 3812 809 3864 quum
817 3791 896 3846 alicui
907 3795 1079 3872 insultamus,
1091 3801 1155 3852 acri·

104 3887 141 3925 ter
152 3892 284 3948 arreptum
298 3881 378 3929 etiam
391 3893 485 3927 nasum
498 3875 660 3927 succutimus.
675 3873 751 3926 Unde
765 3873 809 3926 hic
820 3873 931 3931 verbum
942 3880 1042 3932 referas
1055 3881 1109 3936 sire
1121 3877 1155 3934 ad

105 3956 237 4010 Horatium
250 3963 298 4032 qui
310 3957 426 4026 deridet,
439 3959 492 4010 sive
503 3957 535 4008 ud
545 3956 676 4028 populum
690 3958 735 4025 qui
747 3954 891 4009 deridetur.
902 3959 1068 4012 probabilior
1080 3978 1155 4032 supe·

106 4035 160 4086 tior
170 4037 367 4111 interpretatio,
379 4055 433 4108 qna
446 4034 480 4088 ad
492 4038 579 4106 ipsum
591 4035 730 4088 Horatium
742 4053 794 4086 vox
805 4035 945 4089 referatur.

135 4197 192 4242 Vn.
214 4215 265 4260 ¹¹9·
279 4199 344 4245 tten'
354 4201 438 4244 mutire
448 4197 526 4260 nesus,
538 4211 579 4242 nee
589 4195 659 4252 cium,
669 4213 710 4243 nee
719 4213 770 4242 eum
781 4198 874 4244 scrobe?
883 4223 914 4236 ·-
926 4201 1054 4261 Nusquam.
1068 4225 1099 4236 -
1109 4201 1155 4246 Pro
