<?xml version="1.0" encoding="UTF-8"?>
<!DOCTYPE html PUBLIC "-//W3C//DTD XHTML 1.0 Transitional//EN"
    "http://www.w3.org/TR/xhtml1/DTD/xhtml1-transitional.dtd">
<html xmlns="http://www.w3.org/1999/xhtml" xml:lang="en" lang="en">
 <head>
  <title>
</title>
<meta http-equiv="Content-Type" content="text/html;charset=utf-8" />
  <meta name='ocr-system' content='tesseract 3.04.00' />
  <meta name='ocr-capabilities' content='ocr_page ocr_carea ocr_par ocr_line ocrx_word'/>
</head>
<body>
  <div class='ocr_page' id='page_1' title='image "./sexdecimsatir00lemagoog_0148.png"; bbox 0 0 2970 4936; ppageno 0'>
   <div class='ocr_carea' id='block_1_1' title="bbox 329 435 1200 508">
    <p class='ocr_par' dir='ltr' id='par_1_1' title="bbox 329 435 1200 508">
     <span class='ocr_line' id='line_1_1' title="bbox 329 435 1200 508; baseline -0.007 0"><span class='ocrx_word' id='word_1_1' title='bbox 329 445 389 508; x_wconf 80' lang='lat'>132</span> <span class='ocrx_word' id='word_1_2' title='bbox 500 438 656 505; x_wconf 82' lang='lat' dir='ltr'>VARIAE</span> <span class='ocrx_word' id='word_1_3' title='bbox 681 435 953 502; x_wconf 85' lang='lat' dir='ltr'>LEGTIONES</span> <span class='ocrx_word' id='word_1_4' title='bbox 977 437 1039 500; x_wconf 88' lang='lat' dir='ltr'>ET</span> <span class='ocrx_word' id='word_1_5' title='bbox 1064 437 1200 502; x_wconf 85' lang='lat' dir='ltr'>NOTAE</span> 
     </span>
    </p>
   </div>
   <div class='ocr_carea' id='block_1_2' title="bbox 322 559 1384 1112">
    <p class='ocr_par' dir='ltr' id='par_1_2' title="bbox 322 559 1384 1112">
     <span class='ocr_line' id='line_1_2' title="bbox 359 559 1382 633; baseline -0.013 -11"><span class='ocrx_word' id='word_1_6' title='bbox 359 571 436 632; x_wconf 71' lang='lat' dir='ltr'>Non,</span> <span class='ocrx_word' id='word_1_7' title='bbox 447 567 489 620; x_wconf 80' lang='lat'>58.</span> <span class='ocrx_word' id='word_1_8' title='bbox 504 565 593 616; x_wconf 79' lang='lat' dir='ltr'>Stertis</span> <span class='ocrx_word' id='word_1_9' title='bbox 608 560 713 614; x_wconf 78' lang='lat' dir='ltr'>adhue?</span> <span class='ocrx_word' id='word_1_10' title='bbox 729 559 870 632; x_wconf 72' lang='lat' dir='ltr'>lusumque</span> <span class='ocrx_word' id='word_1_11' title='bbox 885 569 977 632; x_wconf 79' lang='lat' dir='ltr'>caput,</span> <span class='ocrx_word' id='word_1_12' title='bbox 990 577 1117 633; x_wconf 67' lang='lat' dir='ltr'>compage</span> <span class='ocrx_word' id='word_1_13' title='bbox 1132 559 1224 614; x_wconf 82' lang='lat' dir='ltr'>soluto.</span> <span class='ocrx_word' id='word_1_14' title='bbox 1239 591 1275 603; x_wconf 93' lang='lat'>-</span> <span class='ocrx_word' id='word_1_15' title='bbox 1287 563 1382 616; x_wconf 71' lang='lat' dir='ltr'>Stertir</span> 
     </span>
     <span class='ocr_line' id='line_1_3' title="bbox 323 638 1381 713; baseline -0.012 -7"><span class='ocrx_word' id='word_1_16' title='bbox 323 652 426 713; x_wconf 66' lang='lat' dir='ltr'>arellius,¹</span> <span class='ocrx_word' id='word_1_17' title='bbox 444 645 599 702; x_wconf 77' lang='lat' dir='ltr'><strong>exclamatio</strong></span> <span class='ocrx_word' id='word_1_18' title='bbox 613 640 774 712; x_wconf 62' lang='lat' dir='ltr'>intl&#39;gnantis</span> <span class='ocrx_word' id='word_1_19' title='bbox 790 638 865 710; x_wconf 89' lang='lat' dir='ltr'>quod</span> <span class='ocrx_word' id='word_1_20' title='bbox 878 638 1040 692; x_wconf 87' lang='lat' dir='ltr'>desidiosum</span> <span class='ocrx_word' id='word_1_21' title='bbox 1058 643 1185 712; x_wconf 85' lang='lat' dir='ltr'>juvenem</span> <span class='ocrx_word' id='word_1_22' title='bbox 1199 659 1231 693; x_wconf 88' lang='lat' dir='ltr'>ac</span> <span class='ocrx_word' id='word_1_23' title='bbox 1245 641 1381 696; x_wconf 84' lang='lat' dir='ltr'>temulen-</span> 
     </span>
     <span class='ocr_line' id='line_1_4' title="bbox 324 718 1381 793; baseline -0.013 -5"><span class='ocrx_word' id='word_1_24' title='bbox 324 751 381 789; x_wconf 85' lang='lat' dir='ltr'>tum</span> <span class='ocrx_word' id='word_1_25' title='bbox 395 730 470 784; x_wconf 84' lang='lat' dir='ltr'>nulla</span> <span class='ocrx_word' id='word_1_26' title='bbox 482 745 524 780; x_wconf 82' lang='lat' dir='ltr'>res</span> <span class='ocrx_word' id='word_1_27' title='bbox 538 725 652 777; x_wconf 80' lang='lat' dir='ltr'>excitare</span> <span class='ocrx_word' id='word_1_28' title='bbox 666 721 765 792; x_wconf 83' lang='lat' dir='ltr'>possit,</span> <span class='ocrx_word' id='word_1_29' title='bbox 779 737 835 770; x_wconf 90' lang='lat' dir='ltr'>non</span> <span class='ocrx_word' id='word_1_30' title='bbox 849 733 927 784; x_wconf 77' lang='lat' dir='ltr'>aetas,</span> <span class='ocrx_word' id='word_1_31' title='bbox 941 737 1030 792; x_wconf 85' lang='lat' dir='ltr'>neque</span> <span class='ocrx_word' id='word_1_32' title='bbox 1040 718 1179 788; x_wconf 83' lang='lat' dir='ltr'>doctrina,</span> <span class='ocrx_word' id='word_1_33' title='bbox 1191 739 1280 793; x_wconf 87' lang='lat' dir='ltr'>neque</span> <span class='ocrx_word' id='word_1_34' title='bbox 1292 739 1381 775; x_wconf 79' lang='lat' dir='ltr'>exem·</span> 
     </span>
     <span class='ocr_line' id='line_1_5' title="bbox 323 797 1382 888; baseline -0.026 -20"><span class='ocrx_word' id='word_1_35' title='bbox 323 815 368 888; x_wconf 91' lang='lat' dir='ltr'>pla</span> <span class='ocrx_word' id='word_1_36' title='bbox 379 815 435 883; x_wconf 85' lang='lat' dir='ltr'>ejus</span> <span class='ocrx_word' id='word_1_37' title='bbox 442 805 601 882; x_wconf 86' lang='lat' dir='ltr'>juventutis,</span> <span class='ocrx_word' id='word_1_38' title='bbox 612 797 797 872; x_wconf 75' lang='lat' dir='ltr'>quaeinviqilot</span> <span class='ocrx_word' id='word_1_39' title='bbox 805 801 936 852; x_wconf 80' lang='lat' dir='ltr'>insomnia.</span> <span class='ocrx_word' id='word_1_40' title='bbox 947 829 982 838; x_wconf 93' lang='grc'><strong>-</strong></span> <span class='ocrx_word' id='word_1_41' title='bbox 991 800 1144 872; x_wconf 68' lang='lat' dir='ltr'>Laurumque</span> <span class='ocrx_word' id='word_1_42' title='bbox 1151 814 1301 872; x_wconf 39' lang='lat' dir='ltr'>caputet&amp;</span> <span class='ocrx_word' id='word_1_43' title='bbox 1315 821 1382 872; x_wconf 58' lang='lat' dir='ltr'>gn.</span> 
     </span>
     <span class='ocr_line' id='line_1_6' title="bbox 323 881 1384 967; baseline -0.021 -20"><span class='ocrx_word' id='word_1_44' title='bbox 323 893 404 967; x_wconf 85' lang='lat' dir='ltr'>phica</span> <span class='ocrx_word' id='word_1_45' title='bbox 416 887 559 958; x_wconf 83' lang='lat' dir='ltr'>descriptio</span> <span class='ocrx_word' id='word_1_46' title='bbox 572 881 654 946; x_wconf 82' lang='lat' dir='ltr'><strong>ebrii,</strong></span> <span class='ocrx_word' id='word_1_47' title='bbox 667 882 743 950; x_wconf 85' lang='lat' dir='ltr'>cnjus</span> <span class='ocrx_word' id='word_1_48' title='bbox 755 890 850 950; x_wconf 87' lang='lat' dir='ltr'>caput,</span> <span class='ocrx_word' id='word_1_49' title='bbox 869 897 943 931; x_wconf 91' lang='lat' dir='ltr'>mero</span> <span class='ocrx_word' id='word_1_50' title='bbox 955 893 1093 950; x_wconf 67' lang='lat' dir='ltr'>gravmutn</span> <span class='ocrx_word' id='word_1_51' title='bbox 1102 883 1198 952; x_wconf 70' lang='lat' dir='ltr'>,quasi</span> <span class='ocrx_word' id='word_1_52' title='bbox 1210 881 1304 935; x_wconf 62' lang='lat' dir='ltr'>luatis</span> <span class='ocrx_word' id='word_1_53' title='bbox 1315 881 1384 934; x_wconf 73' lang='lat' dir='ltr'>colli</span> 
     </span>
     <span class='ocr_line' id='line_1_7' title="bbox 322 958 1380 1039; baseline -0.014 -13"><span class='ocrx_word' id='word_1_54' title='bbox 322 971 451 1036; x_wconf 84' lang='lat' dir='ltr'>vinculis,</span> <span class='ocrx_word' id='word_1_55' title='bbox 470 965 545 1039; x_wconf 85' lang='lat' dir='ltr'>quasi</span> <span class='ocrx_word' id='word_1_56' title='bbox 562 979 687 1032; x_wconf 66' lang='lat' dir='ltr'>compage</span> <span class='ocrx_word' id='word_1_57' title='bbox 705 959 813 1010; x_wconf 86' lang='lat' dir='ltr'>cervicis</span> <span class='ocrx_word' id='word_1_58' title='bbox 829 960 902 1010; x_wconf 87' lang='lat' dir='ltr'>omni</span> <span class='ocrx_word' id='word_1_59' title='bbox 921 958 1065 1025; x_wconf 76' lang='lat' dir='ltr'>dirwluta,</span> <span class='ocrx_word' id='word_1_60' title='bbox 1082 959 1136 1012; x_wconf 81' lang='lat' dir='ltr'>lsuc</span> <span class='ocrx_word' id='word_1_61' title='bbox 1156 959 1272 1034; x_wconf 82' lang='lat' dir='ltr'>illucque</span> <span class='ocrx_word' id='word_1_62' title='bbox 1290 975 1380 1014; x_wconf 84' lang='lat' dir='ltr'>nutat.</span> 
     </span>
     <span class='ocr_line' id='line_1_8' title="bbox 323 1035 1382 1112; baseline -0.013 -7"><span class='ocrx_word' id='word_1_63' title='bbox 323 1054 413 1104; x_wconf 83' lang='lat' dir='ltr'>Graece</span> <span class='ocrx_word' id='word_1_64' title='bbox 424 1048 530 1112; x_wconf 65' lang='grc' dir='ltr'>ἔκλυτοι,</span> <span class='ocrx_word' id='word_1_65' title='bbox 544 1042 636 1094; x_wconf 87' lang='lat' dir='ltr'>Latine</span> <span class='ocrx_word' id='word_1_66' title='bbox 648 1038 766 1093; x_wconf 72' lang='lat' dir='ltr'><strong><em>dissoluti</em></strong></span> <span class='ocrx_word' id='word_1_67' title='bbox 777 1040 885 1110; x_wconf 80' lang='lat' dir='ltr'>proprie</span> <span class='ocrx_word' id='word_1_68' title='bbox 897 1035 1024 1092; x_wconf 86' lang='lat' dir='ltr'>dicuntur</span> <span class='ocrx_word' id='word_1_69' title='bbox 1038 1039 1173 1107; x_wconf 84' lang='lat' dir='ltr'>homines,</span> <span class='ocrx_word' id='word_1_70' title='bbox 1187 1041 1292 1112; x_wconf 81' lang='lat' dir='ltr'>qualem</span> <span class='ocrx_word' id='word_1_71' title='bbox 1304 1059 1382 1094; x_wconf 83' lang='lat' dir='ltr'>nnnc</span> 
     </span>
    </p>
   </div>
   <div class='ocr_carea' id='block_1_3' title="bbox 324 1126 580 1192">
    <p class='ocr_par' dir='ltr' id='par_1_3' title="bbox 324 1126 580 1192">
     <span class='ocr_line' id='line_1_9' title="bbox 324 1126 580 1192; baseline -0.043 -7"><span class='ocrx_word' id='word_1_72' title='bbox 324 1130 451 1192; x_wconf 58' lang='lat' dir='ltr'>deeribit</span> <span class='ocrx_word' id='word_1_73' title='bbox 463 1126 580 1179; x_wconf 80' lang='lat' dir='ltr'>Persius.</span> 
     </span>
    </p>
   </div>
   <div class='ocr_carea' id='block_1_4' title="bbox 322 1240 1382 1827">
    <p class='ocr_par' dir='ltr' id='par_1_4' title="bbox 322 1240 1382 1827">
     <span class='ocr_line' id='line_1_10' title="bbox 358 1240 1382 1320; baseline -0.006 -16"><span class='ocrx_word' id='word_1_74' title='bbox 358 1257 426 1308; x_wconf 80' lang='lat' dir='ltr'>Nor.</span> <span class='ocrx_word' id='word_1_75' title='bbox 446 1248 489 1320; x_wconf 82' lang='lat'>59.</span> <span class='ocrx_word' id='word_1_76' title='bbox 506 1248 605 1300; x_wconf 82' lang='lat' dir='ltr'>Oscitat</span> <span class='ocrx_word' id='word_1_77' title='bbox 616 1242 776 1308; x_wconf 78' lang='lat' dir='ltr'>hesternum,</span> <span class='ocrx_word' id='word_1_78' title='bbox 787 1240 889 1294; x_wconf 72' lang='lat' dir='ltr'>dissutis</span> <span class='ocrx_word' id='word_1_79' title='bbox 899 1243 1016 1316; x_wconf 81' lang='lat' dir='ltr'>undique</span> <span class='ocrx_word' id='word_1_80' title='bbox 1027 1243 1118 1296; x_wconf 74' lang='lat' dir='ltr'>omlis!</span> <span class='ocrx_word' id='word_1_81' title='bbox 1127 1274 1163 1284; x_wconf 91' lang='lat'><em>-</em></span> <span class='ocrx_word' id='word_1_82' title='bbox 1175 1244 1272 1298; x_wconf 79' lang='lat' dir='ltr'>Oscitat</span> <span class='ocrx_word' id='word_1_83' title='bbox 1283 1244 1382 1298; x_wconf 77' lang='lat' dir='ltr'>herter-</span> 
     </span>
     <span class='ocr_line' id='line_1_11' title="bbox 324 1321 959 1396; baseline -0.024 -9"><span class='ocrx_word' id='word_1_84' title='bbox 324 1355 388 1390; x_wconf 79' lang='lat' dir='ltr'>nom</span> <span class='ocrx_word' id='word_1_85' title='bbox 395 1357 404 1396; x_wconf 78' lang='lat'>,-</span> <span class='ocrx_word' id='word_1_86' title='bbox 419 1327 532 1386; x_wconf 86' lang='lat' dir='ltr'>subaudi</span> <span class='ocrx_word' id='word_1_87' title='bbox 543 1326 642 1386; x_wconf 80' lang='lat' dir='ltr'>vinnm.</span> <span class='ocrx_word' id='word_1_88' title='bbox 658 1325 731 1394; x_wconf 78' lang='lat' dir='ltr'>Virg.</span> <span class='ocrx_word' id='word_1_89' title='bbox 743 1321 834 1394; x_wconf 82' lang='lat' dir='ltr'>Eclog.</span> <span class='ocrx_word' id='word_1_90' title='bbox 845 1324 897 1390; x_wconf 88' lang='lat' dir='ltr'>Vl,</span> <span class='ocrx_word' id='word_1_91' title='bbox 912 1321 959 1375; x_wconf 86' lang='lat'>15:</span> 
     </span>
     <span class='ocr_line' id='line_1_12' title="bbox 524 1419 1046 1477; baseline -0.011 -9"><span class='ocrx_word' id='word_1_92' title='bbox 524 1424 627 1468; x_wconf 82' lang='lat' dir='ltr'>lnllrtum</span> <span class='ocrx_word' id='word_1_93' title='bbox 634 1419 1046 1477; x_wconf 66' lang='lat' dir='ltr'>mmmvenn‚utssmper‚iaoeho.</span> 
     </span>
     <span class='ocr_line' id='line_1_13' title="bbox 322 1501 1382 1580; baseline -0.021 -10"><span class='ocrx_word' id='word_1_94' title='bbox 322 1518 397 1570; x_wconf 85' lang='lat' dir='ltr'>Plato</span> <span class='ocrx_word' id='word_1_95' title='bbox 408 1537 414 1566; x_wconf 75' lang='grc' dir='ltr'><strong>ι</strong></span> <span class='ocrx_word' id='word_1_96' title='bbox 431 1508 572 1580; x_wconf 54' lang='lat' dir='ltr'>teporata?</span> <span class='ocrx_word' id='word_1_97' title='bbox 583 1504 610 1558; x_wconf 81' lang='lat' dir='ltr'>ia</span> <span class='ocrx_word' id='word_1_98' title='bbox 618 1505 658 1560; x_wconf 77' lang='lat' dir='ltr'>rie</span> <span class='ocrx_word' id='word_1_99' title='bbox 666 1502 818 1570; x_wconf 63' lang='lat' dir='ltr'>optentum</span> <span class='ocrx_word' id='word_1_100' title='bbox 827 1519 859 1554; x_wconf 87' lang='lat' dir='ltr'>cx</span> <span class='ocrx_word' id='word_1_101' title='bbox 871 1502 988 1554; x_wconf 77' lang='lat' dir='ltr'>hesterno</span> <span class='ocrx_word' id='word_1_102' title='bbox 998 1501 1121 1574; x_wconf 85' lang='lat' dir='ltr'>crapula;</span> <span class='ocrx_word' id='word_1_103' title='bbox 1130 1526 1185 1551; x_wconf 74' lang='lat' dir='ltr'>n-</span> <span class='ocrx_word' id='word_1_104' title='bbox 1193 1504 1382 1578; x_wconf 63' lang='lat' dir='ltr'>Amplificamf</span> 
     </span>
     <span class='ocr_line' id='line_1_14' title="bbox 324 1580 1382 1664; baseline -0.008 -16"><span class='ocrx_word' id='word_1_105' title='bbox 324 1599 415 1652; x_wconf 72' lang='lat' dir='ltr'>osciwt</span> <span class='ocrx_word' id='word_1_106' title='bbox 430 1611 479 1664; x_wconf 85' lang='lat' dir='ltr'>per</span> <span class='ocrx_word' id='word_1_107' title='bbox 493 1583 599 1643; x_wconf 63' lang='lat' dir='ltr'>liuentia</span> <span class='ocrx_word' id='word_1_108' title='bbox 617 1584 732 1655; x_wconf 78' lang='lat' dir='ltr'>undique</span> <span class='ocrx_word' id='word_1_109' title='bbox 750 1580 836 1634; x_wconf 78' lang='lat' dir='ltr'>malis.</span> <span class='ocrx_word' id='word_1_110' title='bbox 857 1583 952 1634; x_wconf 81' lang='lat' dir='ltr'>Nervis</span> <span class='ocrx_word' id='word_1_111' title='bbox 970 1583 1056 1650; x_wconf 83' lang='lat' dir='ltr'>enirn,</span> <span class='ocrx_word' id='word_1_112' title='bbox 1073 1583 1169 1655; x_wconf 84' lang='lat' dir='ltr'>quibas</span> <span class='ocrx_word' id='word_1_113' title='bbox 1186 1602 1264 1638; x_wconf 86' lang='lat' dir='ltr'>omne</span> <span class='ocrx_word' id='word_1_114' title='bbox 1277 1605 1382 1660; x_wconf 85' lang='lat' dir='ltr'>corpus</span> 
     </span>
     <span class='ocr_line' id='line_1_15' title="bbox 323 1662 1381 1736; baseline -0.021 -5"><span class='ocrx_word' id='word_1_115' title='bbox 323 1675 438 1731; x_wconf 76' lang='lat' dir='ltr'>cohaeret</span> <span class='ocrx_word' id='word_1_116' title='bbox 451 1685 478 1724; x_wconf 88' lang='lat' dir='ltr'>et</span> <span class='ocrx_word' id='word_1_117' title='bbox 492 1666 677 1736; x_wconf 71' lang='lat' dir='ltr'>adstringitur,</span> <span class='ocrx_word' id='word_1_118' title='bbox 691 1662 805 1714; x_wconf 80' lang='lat' dir='ltr'>maxime</span> <span class='ocrx_word' id='word_1_119' title='bbox 817 1662 953 1713; x_wconf 86' lang='lat' dir='ltr'>inimicum</span> <span class='ocrx_word' id='word_1_120' title='bbox 966 1674 1005 1712; x_wconf 85' lang='lat' dir='ltr'>est</span> <span class='ocrx_word' id='word_1_121' title='bbox 1016 1662 1116 1714; x_wconf 75' lang='lat' dir='ltr'>vinum.</span> <span class='ocrx_word' id='word_1_122' title='bbox 1132 1693 1165 1702; x_wconf 99' lang='lat'>-</span> <span class='ocrx_word' id='word_1_123' title='bbox 1180 1665 1272 1718; x_wconf 73' lang='lat' dir='ltr'>omnis</span> <span class='ocrx_word' id='word_1_124' title='bbox 1284 1685 1316 1719; x_wconf 58' lang='grc' dir='ltr'>οι</span> <span class='ocrx_word' id='word_1_125' title='bbox 1327 1667 1381 1720; x_wconf 83' lang='lat' dir='ltr'>de-</span> 
     </span>
     <span class='ocr_line' id='line_1_16' title="bbox 324 1738 1317 1827; baseline -0.011 -19"><span class='ocrx_word' id='word_1_126' title='bbox 324 1756 431 1827; x_wconf 82' lang='lat' dir='ltr'>scriptio</span> <span class='ocrx_word' id='word_1_127' title='bbox 446 1769 506 1804; x_wconf 87' lang='lat' dir='ltr'>cum</span> <span class='ocrx_word' id='word_1_128' title='bbox 521 1749 551 1800; x_wconf 84' lang='lat' dir='ltr'>iis</span> <span class='ocrx_word' id='word_1_129' title='bbox 566 1746 679 1798; x_wconf 83' lang='lat' dir='ltr'>maxime</span> <span class='ocrx_word' id='word_1_130' title='bbox 693 1742 838 1806; x_wconf 84' lang='lat' dir='ltr'>convenit,</span> <span class='ocrx_word' id='word_1_131' title='bbox 853 1759 910 1812; x_wconf 73' lang='lat' dir='ltr'>qua</span> <span class='ocrx_word' id='word_1_132' title='bbox 926 1758 1007 1812; x_wconf 84' lang='lat' dir='ltr'>snpra</span> <span class='ocrx_word' id='word_1_133' title='bbox 1022 1738 1185 1809; x_wconf 84' lang='lat' dir='ltr'>dictasunt,</span> <span class='ocrx_word' id='word_1_134' title='bbox 1201 1761 1269 1797; x_wconf 85' lang='lat' dir='ltr'>vers.</span> <span class='ocrx_word' id='word_1_135' title='bbox 1284 1745 1317 1796; x_wconf 79' lang='lat'>3:</span> 
     </span>
    </p>
   </div>
   <div class='ocr_carea' id='block_1_5' title="bbox 525 1834 1046 1956">
    <p class='ocr_par' dir='ltr' id='par_1_5' title="bbox 525 1834 1046 1956">
     <span class='ocr_line' id='line_1_17' title="bbox 525 1834 1046 1895; baseline -0.017 -8"><span class='ocrx_word' id='word_1_136' title='bbox 525 1877 530 1887; x_wconf 95' lang='lat'>.</span> <span class='ocrx_word' id='word_1_137' title='bbox 540 1873 558 1885; x_wconf 88' lang='lat'>..</span> <span class='ocrx_word' id='word_1_138' title='bbox 567 1874 572 1885; x_wconf 94' lang='lat'>.</span> <span class='ocrx_word' id='word_1_139' title='bbox 580 1838 717 1884; x_wconf 80' lang='lat' dir='ltr'>indomitum</span> <span class='ocrx_word' id='word_1_140' title='bbox 724 1837 785 1895; x_wconf 82' lang='lat' dir='ltr'>quod</span> <span class='ocrx_word' id='word_1_141' title='bbox 791 1837 923 1894; x_wconf 76' lang='lat' dir='ltr'>despumare</span> <span class='ocrx_word' id='word_1_142' title='bbox 929 1834 1046 1880; x_wconf 74' lang='lat' dir='ltr'>Falernum</span> 
     </span>
     <span class='ocr_line' id='line_1_18' title="bbox 525 1908 632 1956; baseline -0.019 -2"><span class='ocrx_word' id='word_1_143' title='bbox 525 1908 632 1956; x_wconf 76' lang='lat' dir='ltr'>Sufficiat.</span> 
     </span>
    </p>
   </div>
   <div class='ocr_carea' id='block_1_6' title="bbox 323 2053 1382 2260">
    <p class='ocr_par' dir='ltr' id='par_1_6' title="bbox 323 2053 1382 2260">
     <span class='ocr_line' id='line_1_19' title="bbox 355 2053 1382 2122; baseline -0.009 -12"><span class='ocrx_word' id='word_1_144' title='bbox 355 2067 416 2112; x_wconf 81' lang='lat' dir='ltr'>Van.</span> <span class='ocrx_word' id='word_1_145' title='bbox 432 2065 470 2109; x_wconf 84' lang='lat'>60.</span> <span class='ocrx_word' id='word_1_146' title='bbox 481 2062 524 2106; x_wconf 80' lang='lat' dir='ltr'>Est</span> <span class='ocrx_word' id='word_1_147' title='bbox 532 2057 621 2122; x_wconf 81' lang='lat' dir='ltr'>aliquid</span> <span class='ocrx_word' id='word_1_148' title='bbox 629 2072 674 2120; x_wconf 81' lang='lat' dir='ltr'>quo</span> <span class='ocrx_word' id='word_1_149' title='bbox 684 2055 770 2110; x_wconf 69' lang='lat' dir='ltr'>undu,</span> <span class='ocrx_word' id='word_1_150' title='bbox 780 2063 802 2100; x_wconf 84' lang='lat' dir='ltr'>et</span> <span class='ocrx_word' id='word_1_151' title='bbox 813 2055 836 2098; x_wconf 83' lang='lat' dir='ltr'>in</span> <span class='ocrx_word' id='word_1_152' title='bbox 844 2053 907 2116; x_wconf 78' lang='lat' dir='ltr'>quod</span> <span class='ocrx_word' id='word_1_153' title='bbox 915 2053 991 2117; x_wconf 66' lang='lat' dir='ltr'>diripis</span> <span class='ocrx_word' id='word_1_154' title='bbox 999 2053 1089 2100; x_wconf 62' lang='lat' dir='ltr'>atcumss</span> <span class='ocrx_word' id='word_1_155' title='bbox 1100 2077 1131 2090; x_wconf 89' lang='lat'>-</span> <span class='ocrx_word' id='word_1_156' title='bbox 1140 2053 1262 2102; x_wconf 80' lang='lat' dir='ltr'>Nonnullis</span> <span class='ocrx_word' id='word_1_157' title='bbox 1272 2053 1321 2104; x_wconf 75' lang='lat' dir='ltr'>base</span> <span class='ocrx_word' id='word_1_158' title='bbox 1330 2055 1382 2120; x_wconf 74' lang='lat' dir='ltr'>legi</span> 
     </span>
     <span class='ocr_line' id='line_1_20' title="bbox 323 2125 1382 2202; baseline -0.01 -17"><span class='ocrx_word' id='word_1_159' title='bbox 323 2138 398 2202; x_wconf 77' lang='lat' dir='ltr'>piacet</span> <span class='ocrx_word' id='word_1_160' title='bbox 407 2131 585 2194; x_wconf 63' lang='lat' dir='ltr'>interrogative,</span> <span class='ocrx_word' id='word_1_161' title='bbox 596 2138 724 2189; x_wconf 84' lang='lat' dir='ltr'>monetque</span> <span class='ocrx_word' id='word_1_162' title='bbox 735 2125 941 2186; x_wconf 67' lang='lat' dir='ltr'>interrogationem</span> <span class='ocrx_word' id='word_1_163' title='bbox 953 2139 1002 2171; x_wconf 78' lang='lat' dir='ltr'>erac</span> <span class='ocrx_word' id='word_1_164' title='bbox 1017 2126 1145 2172; x_wconf 74' lang='lat' dir='ltr'>Cornutus.</span> <span class='ocrx_word' id='word_1_165' title='bbox 1162 2126 1235 2188; x_wconf 82' lang='lat' dir='ltr'>Magis</span> <span class='ocrx_word' id='word_1_166' title='bbox 1244 2139 1322 2174; x_wconf 83' lang='lat' dir='ltr'>tamen</span> <span class='ocrx_word' id='word_1_167' title='bbox 1334 2127 1382 2174; x_wconf 82' lang='lat' dir='ltr'>ha-</span> 
     </span>
     <span class='ocr_line' id='line_1_21' title="bbox 323 2192 1382 2260; baseline -0.024 -3"><span class='ocrx_word' id='word_1_168' title='bbox 323 2211 379 2256; x_wconf 89' lang='lat' dir='ltr'>berc</span> <span class='ocrx_word' id='word_1_169' title='bbox 389 2209 451 2254; x_wconf 82' lang='lat' dir='ltr'>visus</span> <span class='ocrx_word' id='word_1_170' title='bbox 461 2217 496 2250; x_wconf 78' lang='lat' dir='ltr'>eat</span> <span class='ocrx_word' id='word_1_171' title='bbox 503 2201 569 2248; x_wconf 84' lang='lat' dir='ltr'>locus</span> <span class='ocrx_word' id='word_1_172' title='bbox 577 2197 672 2253; x_wconf 62' lang='lat' dir='ltr'>ironia),</span> <span class='ocrx_word' id='word_1_173' title='bbox 680 2199 699 2242; x_wconf 82' lang='lat' dir='ltr'>si</span> <span class='ocrx_word' id='word_1_174' title='bbox 706 2194 757 2260; x_wconf 77' lang='lat' dir='ltr'>haec</span> <span class='ocrx_word' id='word_1_175' title='bbox 763 2207 881 2257; x_wconf 87' lang='lat' dir='ltr'>ponantur</span> <span class='ocrx_word' id='word_1_176' title='bbox 888 2192 1006 2249; x_wconf 85' lang='lat' dir='ltr'>absolute,</span> <span class='ocrx_word' id='word_1_177' title='bbox 1018 2206 1045 2240; x_wconf 87' lang='lat' dir='ltr'>ut</span> <span class='ocrx_word' id='word_1_178' title='bbox 1052 2197 1076 2240; x_wconf 94' lang='lat' dir='ltr'>in</span> <span class='ocrx_word' id='word_1_179' title='bbox 1083 2193 1284 2257; x_wconf 66' lang='lat' dir='ltr'>gallicqaermone</span> <span class='ocrx_word' id='word_1_180' title='bbox 1294 2216 1300 2244; x_wconf 94' lang='lat'>:</span> <span class='ocrx_word' id='word_1_181' title='bbox 1313 2202 1382 2245; x_wconf 63' lang='lat' dir='ltr'>Vm</span> 
     </span>
    </p>
   </div>
   <div class='ocr_carea' id='block_1_7' title="bbox 323 2273 652 2332">
    <p class='ocr_par' dir='ltr' id='par_1_7' title="bbox 323 2273 652 2332">
     <span class='ocr_line' id='line_1_22' title="bbox 323 2273 652 2332; baseline -0.036 -4"><span class='ocrx_word' id='word_1_182' title='bbox 323 2297 377 2329; x_wconf 76' lang='lat' dir='ltr'>noaz</span> <span class='ocrx_word' id='word_1_183' title='bbox 388 2296 420 2327; x_wconf 82' lang='lat' dir='ltr'>un</span> <span class='ocrx_word' id='word_1_184' title='bbox 433 2278 487 2332; x_wconf 70' lang='lat' dir='ltr'>lun,-</span> <span class='ocrx_word' id='word_1_185' title='bbox 496 2291 526 2323; x_wconf 84' lang='lat' dir='ltr'>ott</span> <span class='ocrx_word' id='word_1_186' title='bbox 536 2273 598 2328; x_wconf 74' lang='grc' dir='ltr'><strong><em>ὁίεη,</em></strong></span> <span class='ocrx_word' id='word_1_187' title='bbox 608 2284 652 2318; x_wconf 88' lang='lat' dir='ltr'>etc.</span> 
     </span>
    </p>
   </div>
   <div class='ocr_carea' id='block_1_8' title="bbox 357 2360 1383 2465">
    <p class='ocr_par' dir='ltr' id='par_1_8' title="bbox 357 2360 1383 2465">
     <span class='ocr_line' id='line_1_23' title="bbox 357 2360 1383 2465; baseline -0.01 -14"><span class='ocrx_word' id='word_1_188' title='bbox 357 2399 425 2451; x_wconf 80' lang='lat' dir='ltr'>Nor.</span> <span class='ocrx_word' id='word_1_189' title='bbox 444 2394 488 2448; x_wconf 82' lang='lat' dir='ltr'>So.</span> <span class='ocrx_word' id='word_1_190' title='bbox 504 2393 551 2444; x_wconf 81' lang='lat' dir='ltr'>Est</span> <span class='ocrx_word' id='word_1_191' title='bbox 561 2386 663 2461; x_wconf 78' lang='lat' dir='ltr'>aliquid</span> <span class='ocrx_word' id='word_1_192' title='bbox 674 2398 726 2458; x_wconf 80' lang='lat' dir='ltr'>quo</span> <span class='ocrx_word' id='word_1_193' title='bbox 739 2384 837 2465; x_wconf 63' lang='lat' dir='ltr'>tendis,</span> <span class='ocrx_word' id='word_1_194' title='bbox 851 2360 877 2436; x_wconf 74' lang='lat' dir='ltr'>et</span> <span class='ocrx_word' id='word_1_195' title='bbox 891 2383 919 2436; x_wconf 84' lang='lat' dir='ltr'>iit</span> <span class='ocrx_word' id='word_1_196' title='bbox 934 2385 1008 2458; x_wconf 79' lang='lat' dir='ltr'>qood</span> <span class='ocrx_word' id='word_1_197' title='bbox 1018 2383 1110 2458; x_wconf 74' lang='lat' dir='ltr'>diripit</span> <span class='ocrx_word' id='word_1_198' title='bbox 1120 2401 1219 2438; x_wconf 77' lang='lat' dir='ltr'>arcum.</span> <span class='ocrx_word' id='word_1_199' title='bbox 1235 2391 1383 2462; x_wconf 77' lang='lat' dir='ltr'>—Aperit</span> 
     </span>
    </p>
   </div>
   <div class='ocr_carea' id='block_1_9' title="bbox 322 2459 1384 3585">
    <p class='ocr_par' dir='ltr' id='par_1_9' title="bbox 322 2459 1384 3585">
     <span class='ocr_line' id='line_1_24' title="bbox 323 2459 1383 2549; baseline -0.01 -16"><span class='ocrx_word' id='word_1_200' title='bbox 323 2475 454 2549; x_wconf 78' lang='lat' dir='ltr'>discipulo</span> <span class='ocrx_word' id='word_1_201' title='bbox 464 2473 589 2542; x_wconf 80' lang='lat' dir='ltr'>magister</span> <span class='ocrx_word' id='word_1_202' title='bbox 598 2469 701 2520; x_wconf 87' lang='lat' dir='ltr'>fontem</span> <span class='ocrx_word' id='word_1_203' title='bbox 711 2459 831 2518; x_wconf 75' lang='lat' dir='ltr'>errorum</span> <span class='ocrx_word' id='word_1_204' title='bbox 842 2466 1020 2535; x_wconf 80' lang='lat' dir='ltr'>vitiorumque</span> <span class='ocrx_word' id='word_1_205' title='bbox 1031 2469 1088 2538; x_wconf 85' lang='lat' dir='ltr'>ejus</span> <span class='ocrx_word' id='word_1_206' title='bbox 1098 2485 1170 2533; x_wconf 85' lang='lat' dir='ltr'>esse,</span> <span class='ocrx_word' id='word_1_207' title='bbox 1183 2467 1255 2539; x_wconf 90' lang='lat' dir='ltr'>quod</span> <span class='ocrx_word' id='word_1_208' title='bbox 1264 2469 1383 2539; x_wconf 76' lang='lat' dir='ltr'>vivendo</span> 
     </span>
     <span class='ocr_line' id='line_1_25' title="bbox 324 2543 1383 2626; baseline -0.011 -14"><span class='ocrx_word' id='word_1_209' title='bbox 324 2571 425 2612; x_wconf 87' lang='lat' dir='ltr'>certum</span> <span class='ocrx_word' id='word_1_210' title='bbox 437 2550 581 2626; x_wconf 77' lang='lat' dir='ltr'>sibiflncm</span> <span class='ocrx_word' id='word_1_211' title='bbox 592 2567 648 2600; x_wconf 90' lang='lat' dir='ltr'>non</span> <span class='ocrx_word' id='word_1_212' title='bbox 660 2553 802 2618; x_wconf 82' lang='lat' dir='ltr'>proponat.</span> <span class='ocrx_word' id='word_1_213' title='bbox 817 2543 870 2597; x_wconf 85' lang='lat' dir='ltr'>Alii</span> <span class='ocrx_word' id='word_1_214' title='bbox 882 2546 911 2597; x_wconf 92' lang='lat' dir='ltr'>in</span> <span class='ocrx_word' id='word_1_215' title='bbox 925 2545 975 2597; x_wconf 88' lang='lat' dir='ltr'>alia</span> <span class='ocrx_word' id='word_1_216' title='bbox 987 2564 1016 2597; x_wconf 88' lang='lat' dir='ltr'>re</span> <span class='ocrx_word' id='word_1_217' title='bbox 1027 2543 1182 2618; x_wconf 79' lang='lat' dir='ltr'>philosophi</span> <span class='ocrx_word' id='word_1_218' title='bbox 1194 2561 1296 2600; x_wconf 79' lang='lat' dir='ltr'>veteres</span> <span class='ocrx_word' id='word_1_219' title='bbox 1310 2567 1383 2601; x_wconf 90' lang='lat' dir='ltr'>sum-</span> 
     </span>
     <span class='ocr_line' id='line_1_26' title="bbox 323 2617 1383 2700; baseline -0.009 -9"><span class='ocrx_word' id='word_1_220' title='bbox 323 2637 397 2690; x_wconf 82' lang='lat' dir='ltr'>mum</span> <span class='ocrx_word' id='word_1_221' title='bbox 410 2637 527 2700; x_wconf 83' lang='lat' dir='ltr'>bonum,</span> <span class='ocrx_word' id='word_1_222' title='bbox 542 2617 687 2683; x_wconf 70' lang='lat' dir='ltr'>extremius</span> <span class='ocrx_word' id='word_1_223' title='bbox 701 2625 797 2691; x_wconf 85' lang='lat' dir='ltr'>finem,</span> <span class='ocrx_word' id='word_1_224' title='bbox 815 2621 843 2676; x_wconf 79' lang='lat' dir='ltr'>ri</span> <span class='ocrx_word' id='word_1_225' title='bbox 855 2620 920 2680; x_wconf 72' lang='lat' dir='ltr'>riter</span> <span class='ocrx_word' id='word_1_226' title='bbox 933 2637 1097 2696; x_wconf 79' lang='lat' dir='ltr'>posuemnt3</span> <span class='ocrx_word' id='word_1_227' title='bbox 1112 2624 1200 2678; x_wconf 88' lang='lat' dir='ltr'>sedin</span> <span class='ocrx_word' id='word_1_228' title='bbox 1215 2645 1247 2678; x_wconf 90' lang='lat' dir='ltr'>eo</span> <span class='ocrx_word' id='word_1_229' title='bbox 1262 2646 1383 2681; x_wconf 84' lang='lat' dir='ltr'>consen-</span> 
     </span>
     <span class='ocr_line' id='line_1_27' title="bbox 322 2703 1383 2782; baseline -0.017 -10"><span class='ocrx_word' id='word_1_230' title='bbox 322 2727 382 2772; x_wconf 84' lang='lat' dir='ltr'>&#39;sere</span> <span class='ocrx_word' id='word_1_231' title='bbox 399 2733 504 2778; x_wconf 85' lang='lat' dir='ltr'>omnes,</span> <span class='ocrx_word' id='word_1_232' title='bbox 521 2723 551 2762; x_wconf 88' lang='lat' dir='ltr'>ut</span> <span class='ocrx_word' id='word_1_233' title='bbox 567 2709 698 2760; x_wconf 78' lang='lat' dir='ltr'>sumniam</span> <span class='ocrx_word' id='word_1_234' title='bbox 715 2703 785 2782; x_wconf 81' lang='lat' dir='ltr'>illutl¹</span> <span class='ocrx_word' id='word_1_235' title='bbox 799 2703 918 2769; x_wconf 81' lang='lat' dir='ltr'>bonum,</span> <span class='ocrx_word' id='word_1_236' title='bbox 936 2705 1128 2776; x_wconf 81' lang='lat' dir='ltr'>qualecumque</span> <span class='ocrx_word' id='word_1_237' title='bbox 1144 2707 1194 2771; x_wconf 90' lang='lat' dir='ltr'>sit,</span> <span class='ocrx_word' id='word_1_238' title='bbox 1209 2725 1383 2778; x_wconf 78' lang='lat' dir='ltr'>peromnem</span> 
     </span>
     <span class='ocr_line' id='line_1_28' title="bbox 324 2781 1383 2867; baseline -0.008 -19"><span class='ocrx_word' id='word_1_239' title='bbox 324 2799 405 2848; x_wconf 75' lang='lat' dir='ltr'>uitam</span> <span class='ocrx_word' id='word_1_240' title='bbox 415 2793 528 2845; x_wconf 83' lang='lat' dir='ltr'>maxime</span> <span class='ocrx_word' id='word_1_241' title='bbox 538 2783 684 2858; x_wconf 81' lang='lat' dir='ltr'>expetatlrr.</span> <span class='ocrx_word' id='word_1_242' title='bbox 698 2781 739 2867; x_wconf 60' lang='lat' dir='ltr'>rid</span> <span class='ocrx_word' id='word_1_243' title='bbox 749 2783 828 2834; x_wconf 66' lang='lat' dir='ltr'>farem</span> <span class='ocrx_word' id='word_1_244' title='bbox 836 2781 851 2847; x_wconf 76' lang='lat'>,&#39;</span> <span class='ocrx_word' id='word_1_245' title='bbox 858 2783 965 2836; x_wconf 76' lang='lat' dir='ltr'>aiebant</span> <span class='ocrx_word' id='word_1_246' title='bbox 972 2783 1068 2851; x_wconf 82' lang='lat' dir='ltr'>Stoici,</span> <span class='ocrx_word' id='word_1_247' title='bbox 1081 2789 1131 2836; x_wconf 87' lang='lat' dir='ltr'>vita</span> <span class='ocrx_word' id='word_1_248' title='bbox 1141 2787 1226 2838; x_wconf 84' lang='lat' dir='ltr'>omnis</span> <span class='ocrx_word' id='word_1_249' title='bbox 1232 2786 1383 2859; x_wconf 84' lang='lat' dir='ltr'>dirigatur,</span> 
     </span>
     <span class='ocr_line' id='line_1_29' title="bbox 324 2860 1382 2947; baseline -0.007 -19"><span class='ocrx_word' id='word_1_250' title='bbox 324 2891 452 2947; x_wconf 87' lang='lat' dir='ltr'>tanqunm</span> <span class='ocrx_word' id='word_1_251' title='bbox 467 2869 500 2922; x_wconf 87' lang='lat' dir='ltr'>ad</span> <span class='ocrx_word' id='word_1_252' title='bbox 514 2883 626 2938; x_wconf 81' lang='lat' dir='ltr'>scopum</span> <span class='ocrx_word' id='word_1_253' title='bbox 643 2860 747 2934; x_wconf 72' lang='lat' dir='ltr'>sagitta.</span> <span class='ocrx_word' id='word_1_254' title='bbox 767 2861 958 2916; x_wconf 69' lang='lat' dir='ltr'>Unde¹Noster</span> <span class='ocrx_word' id='word_1_255' title='bbox 981 2863 1060 2915; x_wconf 86' lang='lat' dir='ltr'>simili</span> <span class='ocrx_word' id='word_1_256' title='bbox 1080 2869 1278 2936; x_wconf 85' lang='lat' dir='ltr'>comparatione</span> <span class='ocrx_word' id='word_1_257' title='bbox 1298 2867 1382 2921; x_wconf 88' lang='lat' dir='ltr'>dicit:</span> 
     </span>
     <span class='ocr_line' id='line_1_30' title="bbox 324 2941 1384 3024; baseline -0.008 -17"><span class='ocrx_word' id='word_1_258' title='bbox 324 2953 413 3024; x_wconf 74' lang='lat' dir='ltr'>diripit</span> <span class='ocrx_word' id='word_1_259' title='bbox 426 2967 524 3002; x_wconf 71' lang='lat' dir='ltr'>arnam.</span> <span class='ocrx_word' id='word_1_260' title='bbox 538 2945 636 2997; x_wconf 84' lang='lat' dir='ltr'>Seneca</span> <span class='ocrx_word' id='word_1_261' title='bbox 645 2981 653 3009; x_wconf 89' lang='lat'>‚</span> <span class='ocrx_word' id='word_1_262' title='bbox 662 2941 820 3013; x_wconf 63' lang='lat' dir='ltr'>&#39;episisxth</span> <span class='ocrx_word' id='word_1_263' title='bbox 834 2945 942 2994; x_wconf 77' lang='lat' dir='ltr'>«Unam</span> <span class='ocrx_word' id='word_1_264' title='bbox 955 2942 1050 3012; x_wconf 83' lang='lat' dir='ltr'>semel,</span> <span class='ocrx_word' id='word_1_265' title='bbox 1064 2944 1096 2997; x_wconf 83' lang='lat' dir='ltr'>ad</span> <span class='ocrx_word' id='word_1_266' title='bbox 1110 2963 1188 3017; x_wconf 85' lang='lat' dir='ltr'>quam</span> <span class='ocrx_word' id='word_1_267' title='bbox 1201 2949 1286 3012; x_wconf 85' lang='lat' dir='ltr'>vivas,</span> <span class='ocrx_word' id='word_1_268' title='bbox 1301 2967 1384 3020; x_wconf 77' lang='lat' dir='ltr'>regu-</span> 
     </span>
     <span class='ocr_line' id='line_1_31' title="bbox 324 3019 1382 3102; baseline -0.013 -19"><span class='ocrx_word' id='word_1_269' title='bbox 324 3033 378 3085; x_wconf 88' lang='lat' dir='ltr'>lam</span> <span class='ocrx_word' id='word_1_270' title='bbox 389 3028 502 3102; x_wconf 88' lang='lat' dir='ltr'>prende,</span> <span class='ocrx_word' id='word_1_271' title='bbox 515 3037 540 3076; x_wconf 91' lang='lat' dir='ltr'>et</span> <span class='ocrx_word' id='word_1_272' title='bbox 553 3022 587 3074; x_wconf 85' lang='lat' dir='ltr'>ad</span> <span class='ocrx_word' id='word_1_273' title='bbox 597 3020 667 3072; x_wconf 86' lang='lat' dir='ltr'>hanc</span> <span class='ocrx_word' id='word_1_274' title='bbox 677 3023 756 3072; x_wconf 74' lang='lat' dir='ltr'>vitam</span> <span class='ocrx_word' id='word_1_275' title='bbox 768 3019 874 3072; x_wconf 87' lang='lat' dir='ltr'>olnnem</span> <span class='ocrx_word' id='word_1_276' title='bbox 888 3038 1003 3092; x_wconf 82' lang='lat' dir='ltr'>exaeqna.</span> <span class='ocrx_word' id='word_1_277' title='bbox 1015 3047 1026 3069; x_wconf 74' lang='grc' dir='ltr'><strong><em>ι</em></strong></span> <span class='ocrx_word' id='word_1_278' title='bbox 1042 3021 1079 3074; x_wconf 90' lang='lat' dir='ltr'>ld.</span> <span class='ocrx_word' id='word_1_279' title='bbox 1092 3025 1169 3096; x_wconf 87' lang='lat' dir='ltr'>epist.</span> <span class='ocrx_word' id='word_1_280' title='bbox 1178 3023 1278 3077; x_wconf 74' lang='lat' dir='ltr'>LXXI:</span> <span class='ocrx_word' id='word_1_281' title='bbox 1293 3025 1382 3079; x_wconf 66' lang='lat' dir='ltr'>«Ideo</span> 
     </span>
     <span class='ocr_line' id='line_1_32' title="bbox 324 3099 1384 3182; baseline -0.005 -19"><span class='ocrx_word' id='word_1_282' title='bbox 324 3125 481 3182; x_wconf 83' lang='lat' dir='ltr'>peccamus,</span> <span class='ocrx_word' id='word_1_283' title='bbox 495 3104 557 3175; x_wconf 86' lang='lat' dir='ltr'>qnia</span> <span class='ocrx_word' id='word_1_284' title='bbox 570 3099 605 3152; x_wconf 82' lang='lat' dir='ltr'>dc</span> <span class='ocrx_word' id='word_1_285' title='bbox 615 3099 737 3172; x_wconf 87' lang='lat' dir='ltr'>partibus</span> <span class='ocrx_word' id='word_1_286' title='bbox 751 3102 808 3151; x_wconf 71' lang='lat' dir='ltr'>vitae</span> <span class='ocrx_word' id='word_1_287' title='bbox 821 3119 913 3153; x_wconf 84' lang='lat' dir='ltr'>omnes</span> <span class='ocrx_word' id='word_1_288' title='bbox 925 3099 1116 3169; x_wconf 80' lang='lat' dir='ltr'>deliberamus,</span> <span class='ocrx_word' id='word_1_289' title='bbox 1128 3101 1162 3154; x_wconf 84' lang='lat' dir='ltr'>de</span> <span class='ocrx_word' id='word_1_290' title='bbox 1173 3116 1229 3156; x_wconf 91' lang='lat' dir='ltr'>tota</span> <span class='ocrx_word' id='word_1_291' title='bbox 1241 3123 1321 3157; x_wconf 89' lang='lat' dir='ltr'>nemo</span> <span class='ocrx_word' id='word_1_292' title='bbox 1334 3105 1384 3159; x_wconf 86' lang='lat' dir='ltr'>tle·</span> 
     </span>
     <span class='ocr_line' id='line_1_33' title="bbox 324 3177 1382 3252; baseline -0.004 -9"><span class='ocrx_word' id='word_1_293' title='bbox 324 3191 427 3242; x_wconf 84' lang='lat' dir='ltr'>liberat.</span> <span class='ocrx_word' id='word_1_294' title='bbox 447 3186 518 3236; x_wconf 79' lang='lat' dir='ltr'>Scit-e</span> <span class='ocrx_word' id='word_1_295' title='bbox 530 3181 609 3233; x_wconf 85' lang='lat' dir='ltr'>debet</span> <span class='ocrx_word' id='word_1_296' title='bbox 623 3179 686 3251; x_wconf 84' lang='lat' dir='ltr'>quid</span> <span class='ocrx_word' id='word_1_297' title='bbox 698 3192 772 3251; x_wconf 86' lang='lat' dir='ltr'>petat</span> <span class='ocrx_word' id='word_1_298' title='bbox 785 3177 846 3246; x_wconf 86' lang='lat' dir='ltr'>ille,</span> <span class='ocrx_word' id='word_1_299' title='bbox 862 3184 906 3252; x_wconf 89' lang='lat' dir='ltr'>qui</span> <span class='ocrx_word' id='word_1_300' title='bbox 926 3185 1047 3251; x_wconf 75' lang='lat' dir='ltr'>sagittam</span> <span class='ocrx_word' id='word_1_301' title='bbox 1063 3182 1120 3234; x_wconf 85' lang='lat' dir='ltr'>vult</span> <span class='ocrx_word' id='word_1_302' title='bbox 1136 3185 1257 3249; x_wconf 88' lang='lat' dir='ltr'>mittere;</span> <span class='ocrx_word' id='word_1_303' title='bbox 1272 3199 1299 3238; x_wconf 91' lang='lat' dir='ltr'>et</span> <span class='ocrx_word' id='word_1_304' title='bbox 1313 3199 1382 3240; x_wconf 89' lang='lat' dir='ltr'>tunc</span> 
     </span>
     <span class='ocr_line' id='line_1_34' title="bbox 324 3259 1380 3340; baseline -0.009 -19"><span class='ocrx_word' id='word_1_305' title='bbox 324 3269 433 3340; x_wconf 71' lang='lat' dir='ltr'>diripere</span> <span class='ocrx_word' id='word_1_306' title='bbox 446 3279 472 3318; x_wconf 87' lang='lat' dir='ltr'>et</span> <span class='ocrx_word' id='word_1_307' title='bbox 486 3261 619 3314; x_wconf 86' lang='lat' dir='ltr'>moderari</span> <span class='ocrx_word' id='word_1_308' title='bbox 633 3278 713 3312; x_wconf 84' lang='lat' dir='ltr'>manu</span> <span class='ocrx_word' id='word_1_309' title='bbox 729 3259 842 3312; x_wconf 75' lang='lat' dir='ltr'>telum.»</span> <span class='ocrx_word' id='word_1_310' title='bbox 857 3260 950 3331; x_wconf 81' lang='lat' dir='ltr'>Virgil.</span> <span class='ocrx_word' id='word_1_311' title='bbox 966 3261 1024 3314; x_wconf 89' lang='lat' dir='ltr'>cut.</span> <span class='ocrx_word' id='word_1_312' title='bbox 1040 3263 1075 3332; x_wconf 87' lang='lat'>89</span> <span class='ocrx_word' id='word_1_313' title='bbox 1094 3262 1204 3334; x_wconf 86' lang='lat' dir='ltr'>(Lectio</span> <span class='ocrx_word' id='word_1_314' title='bbox 1218 3265 1380 3335; x_wconf 75' lang='lat' dir='ltr'>Scaligeri):</span> 
     </span>
     <span class='ocr_line' id='line_1_35' title="bbox 740 3355 974 3402; baseline 0 -2"><span class='ocrx_word' id='word_1_315' title='bbox 740 3357 786 3400; x_wconf 84' lang='lat' dir='ltr'>linc</span> <span class='ocrx_word' id='word_1_316' title='bbox 794 3355 861 3402; x_wconf 83' lang='lat' dir='ltr'>mittit</span> <span class='ocrx_word' id='word_1_317' title='bbox 869 3369 891 3402; x_wconf 89' lang='lat' dir='ltr'>et</span> <span class='ocrx_word' id='word_1_318' title='bbox 897 3370 974 3401; x_wconf 88' lang='lat' dir='ltr'>omnes</span> 
     </span>
     <span class='ocr_line' id='line_1_36' title="bbox 527 3427 751 3486; baseline -0.009 -14"><span class='ocrx_word' id='word_1_319' title='bbox 527 3430 609 3486; x_wconf 72' lang='lat' dir='ltr'>Dirigit</span> <span class='ocrx_word' id='word_1_320' title='bbox 615 3428 658 3471; x_wconf 88' lang='lat' dir='ltr'>huc</span> <span class='ocrx_word' id='word_1_321' title='bbox 665 3427 751 3470; x_wconf 54' lang='lat' dir='ltr'>sensus&lt;</span> 
     </span>
     <span class='ocr_line' id='line_1_37' title="bbox 324 3512 659 3585; baseline -0.024 -15"><span class='ocrx_word' id='word_1_322' title='bbox 324 3519 416 3570; x_wconf 83' lang='lat' dir='ltr'>Horat.</span> <span class='ocrx_word' id='word_1_323' title='bbox 429 3515 513 3585; x_wconf 88' lang='lat' dir='ltr'>Epist.</span> <span class='ocrx_word' id='word_1_324' title='bbox 525 3515 537 3566; x_wconf 95' lang='lat' dir='ltr'>l</span> <span class='ocrx_word' id='word_1_325' title='bbox 545 3553 552 3580; x_wconf 86' lang='lat'>‚</span> <span class='ocrx_word' id='word_1_326' title='bbox 565 3532 598 3579; x_wconf 82' lang='lat' dir='ltr'>a,</span> <span class='ocrx_word' id='word_1_327' title='bbox 610 3512 659 3566; x_wconf 78' lang='lat'>56:</span> 
     </span>
    </p>
   </div>
   <div class='ocr_carea' id='block_1_10' title="bbox 599 3611 941 3668">
    <p class='ocr_par' dir='ltr' id='par_1_10' title="bbox 599 3611 941 3668">
     <span class='ocr_line' id='line_1_38' title="bbox 599 3611 941 3668; baseline 0.009 -17"><span class='ocrx_word' id='word_1_328' title='bbox 599 3641 604 3651; x_wconf 91' lang='lat'><em>.</em></span> <span class='ocrx_word' id='word_1_329' title='bbox 614 3641 632 3653; x_wconf 88' lang='lat'>..</span> <span class='ocrx_word' id='word_1_330' title='bbox 642 3611 743 3652; x_wconf 87' lang='lat' dir='ltr'>.Gcrtom</span> <span class='ocrx_word' id='word_1_331' title='bbox 751 3622 802 3655; x_wconf 81' lang='lat' dir='ltr'>voto</span> <span class='ocrx_word' id='word_1_332' title='bbox 810 3621 859 3668; x_wconf 89' lang='lat' dir='ltr'>pete</span> <span class='ocrx_word' id='word_1_333' title='bbox 866 3611 941 3655; x_wconf 87' lang='lat' dir='ltr'>linem.</span> 
     </span>
    </p>
   </div>
   <div class='ocr_carea' id='block_1_11' title="bbox 323 3695 1382 3771">
    <p class='ocr_par' dir='ltr' id='par_1_11' title="bbox 323 3695 1382 3771">
     <span class='ocr_line' id='line_1_39' title="bbox 323 3695 1382 3771; baseline 0 -19"><span class='ocrx_word' id='word_1_334' title='bbox 323 3701 363 3752; x_wconf 85' lang='lat' dir='ltr'>De</span> <span class='ocrx_word' id='word_1_335' title='bbox 376 3698 429 3750; x_wconf 92' lang='lat' dir='ltr'>hac</span> <span class='ocrx_word' id='word_1_336' title='bbox 443 3697 536 3749; x_wconf 89' lang='lat' dir='ltr'>eadem</span> <span class='ocrx_word' id='word_1_337' title='bbox 550 3695 699 3747; x_wconf 86' lang='lat' dir='ltr'>Stoicorum</span> <span class='ocrx_word' id='word_1_338' title='bbox 713 3695 833 3748; x_wconf 88' lang='lat' dir='ltr'>doctrina</span> <span class='ocrx_word' id='word_1_339' title='bbox 847 3696 899 3749; x_wconf 81' lang='lat' dir='ltr'>vid.</span> <span class='ocrx_word' id='word_1_340' title='bbox 916 3696 1042 3750; x_wconf 89' lang='lat' dir='ltr'>Senecam</span> <span class='ocrx_word' id='word_1_341' title='bbox 1057 3701 1170 3770; x_wconf 68' lang='lat' dir='ltr'>passim</span> <span class='ocrx_word' id='word_1_342' title='bbox 1187 3699 1302 3771; x_wconf 85' lang='lat' dir='ltr'>Epictet.</span> <span class='ocrx_word' id='word_1_343' title='bbox 1318 3703 1382 3752; x_wconf 81' lang='lat' dir='ltr'>nta-</span> 
     </span>
    </p>
   </div>
   <div class='ocr_carea' id='block_1_12' title="bbox 211 3773 1178 3850">
    <p class='ocr_par' dir='ltr' id='par_1_12' title="bbox 211 3773 1178 3850">
     <span class='ocr_line' id='line_1_40' title="bbox 211 3773 1178 3850; baseline 0.001 -19"><span class='ocrx_word' id='word_1_344' title='bbox 211 3773 214 3782; x_wconf 84' lang='grc'><strong>’</strong></span> <span class='ocrx_word' id='word_1_345' title='bbox 323 3777 396 3831; x_wconf 85' lang='lat' dir='ltr'>naal.</span> <span class='ocrx_word' id='word_1_346' title='bbox 412 3796 471 3849; x_wconf 88' lang='lat' dir='ltr'>cap.</span> <span class='ocrx_word' id='word_1_347' title='bbox 481 3777 558 3842; x_wconf 86' lang='lat' dir='ltr'>Vlll,</span> <span class='ocrx_word' id='word_1_348' title='bbox 572 3774 634 3828; x_wconf 79' lang='lat' dir='ltr'>edit.</span> <span class='ocrx_word' id='word_1_349' title='bbox 648 3773 848 3848; x_wconf 75' lang='lat' dir='ltr'>Shweigaeuaer;</span> <span class='ocrx_word' id='word_1_350' title='bbox 863 3777 946 3830; x_wconf 87' lang='lat' dir='ltr'>Marc.</span> <span class='ocrx_word' id='word_1_351' title='bbox 958 3780 1087 3832; x_wconf 78' lang='lat' dir='ltr'>Antonin.</span> <span class='ocrx_word' id='word_1_352' title='bbox 1101 3781 1139 3846; x_wconf 86' lang='lat' dir='ltr'>ll,</span> <span class='ocrx_word' id='word_1_353' title='bbox 1153 3797 1178 3850; x_wconf 89' lang='lat'>7.</span> 
     </span>
    </p>
   </div>
   <div class='ocr_carea' id='block_1_13' title="bbox 322 3882 1382 4196">
    <p class='ocr_par' dir='ltr' id='par_1_13' title="bbox 322 3882 1382 4196">
     <span class='ocr_line' id='line_1_41' title="bbox 359 3882 1382 3960; baseline 0.004 -22"><span class='ocrx_word' id='word_1_354' title='bbox 359 3888 427 3939; x_wconf 79' lang='lat' dir='ltr'>Not.</span> <span class='ocrx_word' id='word_1_355' title='bbox 447 3884 491 3938; x_wconf 89' lang='lat'>61.</span> <span class='ocrx_word' id='word_1_356' title='bbox 506 3882 550 3934; x_wconf 83' lang='lat' dir='ltr'>An</span> <span class='ocrx_word' id='word_1_357' title='bbox 563 3884 660 3953; x_wconf 80' lang='lat' dir='ltr'>passim</span> <span class='ocrx_word' id='word_1_358' title='bbox 672 3885 887 3955; x_wconf 64' lang='lat' dir='ltr'>sequentem-vor</span> <span class='ocrx_word' id='word_1_359' title='bbox 902 3896 1016 3960; x_wconf 76' lang='lat' dir='ltr'>testaque</span> <span class='ocrx_word' id='word_1_360' title='bbox 1032 3887 1147 3959; x_wconf 77' lang='lat' dir='ltr'>lotoque.</span> <span class='ocrx_word' id='word_1_361' title='bbox 1167 3917 1203 3926; x_wconf 93' lang='lat'><em>-</em></span> <span class='ocrx_word' id='word_1_362' title='bbox 1221 3889 1302 3941; x_wconf 70' lang='lat' dir='ltr'>1Vita</span> <span class='ocrx_word' id='word_1_363' title='bbox 1320 3891 1382 3942; x_wconf 87' lang='lat' dir='ltr'>sine</span> 
     </span>
     <span class='ocr_line' id='line_1_42' title="bbox 323 3963 1380 4041; baseline 0.001 -21"><span class='ocrx_word' id='word_1_364' title='bbox 323 3969 463 4041; x_wconf 87' lang='lat' dir='ltr'>proposito</span> <span class='ocrx_word' id='word_1_365' title='bbox 471 3981 540 4034; x_wconf 82' lang='lat' dir='ltr'>vaga</span> <span class='ocrx_word' id='word_1_366' title='bbox 547 3977 604 4016; x_wconf 72' lang='lat' dir='ltr'>est»</span> <span class='ocrx_word' id='word_1_367' title='bbox 613 3963 719 4031; x_wconf 77' lang='lat' dir='ltr'>,Sanec</span> <span class='ocrx_word' id='word_1_368' title='bbox 726 3965 808 4036; x_wconf 78' lang='lat' dir='ltr'>lipiat.</span> <span class='ocrx_word' id='word_1_369' title='bbox 817 3964 893 4017; x_wconf 81' lang='lat' dir='ltr'>XCV.</span> <span class='ocrx_word' id='word_1_370' title='bbox 902 3967 977 4018; x_wconf 76' lang='lat' dir='ltr'>lianc</span> <span class='ocrx_word' id='word_1_371' title='bbox 984 3968 1063 4019; x_wconf 82' lang='lat' dir='ltr'>vitam</span> <span class='ocrx_word' id='word_1_372' title='bbox 1071 3965 1115 4019; x_wconf 89' lang='lat' dir='ltr'>hic</span> <span class='ocrx_word' id='word_1_373' title='bbox 1123 3967 1249 4020; x_wconf 83' lang='lat' dir='ltr'>describit</span> <span class='ocrx_word' id='word_1_374' title='bbox 1255 3970 1380 4037; x_wconf 82' lang='lat' dir='ltr'>Persius,</span> 
     </span>
     <span class='ocr_line' id='line_1_43' title="bbox 325 4044 1380 4119; baseline 0.002 -19"><span class='ocrx_word' id='word_1_375' title='bbox 325 4061 351 4100; x_wconf 84' lang='lat' dir='ltr'>et</span> <span class='ocrx_word' id='word_1_376' title='bbox 362 4067 436 4115; x_wconf 86' lang='lat' dir='ltr'>eum,</span> <span class='ocrx_word' id='word_1_377' title='bbox 449 4047 494 4116; x_wconf 86' lang='lat' dir='ltr'>qui</span> <span class='ocrx_word' id='word_1_378' title='bbox 507 4047 545 4096; x_wconf 89' lang='lat' dir='ltr'>ita</span> <span class='ocrx_word' id='word_1_379' title='bbox 556 4047 634 4111; x_wconf 81' lang='lat' dir='ltr'>vivit,</span> <span class='ocrx_word' id='word_1_380' title='bbox 647 4044 759 4098; x_wconf 82' lang='lat' dir='ltr'>similent</span> <span class='ocrx_word' id='word_1_381' title='bbox 768 4044 833 4098; x_wconf 89' lang='lat' dir='ltr'>dicit</span> <span class='ocrx_word' id='word_1_382' title='bbox 843 4063 902 4099; x_wconf 78' lang='lat' dir='ltr'>essa</span> <span class='ocrx_word' id='word_1_383' title='bbox 911 4048 948 4112; x_wconf 89' lang='lat' dir='ltr'>ei,</span> <span class='ocrx_word' id='word_1_384' title='bbox 956 4047 1003 4117; x_wconf 84' lang='lat' dir='ltr'>qni</span> <span class='ocrx_word' id='word_1_385' title='bbox 1015 4051 1102 4101; x_wconf 81' lang='lat' dir='ltr'>corvos</span> <span class='ocrx_word' id='word_1_386' title='bbox 1113 4061 1141 4100; x_wconf 90' lang='lat' dir='ltr'>et</span> <span class='ocrx_word' id='word_1_387' title='bbox 1151 4047 1180 4100; x_wconf 86' lang='lat' dir='ltr'>id</span> <span class='ocrx_word' id='word_1_388' title='bbox 1190 4067 1275 4119; x_wconf 80' lang='lat' dir='ltr'>genus</span> <span class='ocrx_word' id='word_1_389' title='bbox 1287 4053 1380 4102; x_wconf 80' lang='lat' dir='ltr'>avicu-</span> 
     </span>
     <span class='ocr_line' id='line_1_44' title="bbox 322 4121 1377 4196; baseline 0.003 -19"><span class='ocrx_word' id='word_1_390' title='bbox 322 4127 361 4178; x_wconf 85' lang='lat' dir='ltr'>las</span> <span class='ocrx_word' id='word_1_391' title='bbox 374 4135 626 4193; x_wconf 79' lang='lat' dir='ltr'>sectatnretcapere</span> <span class='ocrx_word' id='word_1_392' title='bbox 640 4121 775 4189; x_wconf 82' lang='lat' dir='ltr'>intendat,</span> <span class='ocrx_word' id='word_1_393' title='bbox 788 4141 843 4178; x_wconf 89' lang='lat' dir='ltr'>non</span> <span class='ocrx_word' id='word_1_394' title='bbox 851 4141 943 4191; x_wconf 84' lang='lat' dir='ltr'>arcus,</span> <span class='ocrx_word' id='word_1_395' title='bbox 954 4122 1002 4178; x_wconf 86' lang='lat' dir='ltr'>sed</span> <span class='ocrx_word' id='word_1_396' title='bbox 1008 4124 1130 4178; x_wconf 75' lang='lat' dir='ltr'>testa-,vel</span> <span class='ocrx_word' id='word_1_397' title='bbox 1139 4125 1188 4182; x_wconf 86' lang='lat' dir='ltr'>luti</span> <span class='ocrx_word' id='word_1_398' title='bbox 1192 4125 1377 4196; x_wconf 86' lang='lat' dir='ltr'>jaculatione,</span> 
     </span>
    </p>
   </div>
   <div class='ocr_carea' id='block_1_14' title="bbox 0 0 1491 4936">
    <p class='ocr_par' dir='ltr' id='par_1_14' title="bbox 0 0 1491 4936">
     <span class='ocr_line' id='line_1_45' title="bbox 0 0 1491 4936; baseline 0 0"><span class='ocrx_word' id='word_1_399' title='bbox 0 0 1491 4936; x_wconf 95' lang='lat' dir='ltr'> </span> 
     </span>
    </p>
   </div>
  </div>
 </body>
</html>
