3176 4954
382 490 390 506 ,
459 427 894 492 SULPICIAESATIRA.
1135 429 1199 512 445
1304 511 1308 518 ¹

203 559 301 622 Nunc
312 554 413 644 igitur
424 553 483 645 qui
494 574 549 618 res
562 555 729 619 Romanas
743 553 887 644 imperat
900 555 1001 632 inter,
1167 585 1202 638 35
1316 569 1319 577 =

156 669 232 733 Non
244 662 356 746 trabe,
371 660 431 730 sed
442 678 537 754 tergo
549 660 743 754 prolapsus,
757 678 792 730 et
802 663 949 756 ingluvie
961 669 1075 753 albus,

156 778 199 840 Et
212 772 339 857 studia,
353 787 387 841 et
398 774 532 874 sapiens
544 771 721 840 hominum
733 797 924 870 nomenque
935 783 1110 876 genusque

157 886 278 952 Omnia
288 883 381 952 ubire
394 883 499 965 foras,
511 897 612 978 atque
624 883 714 952 Urbe
726 883 886 955 excedere
895 886 1006 981 jussit.

157 994 245 1081 Quid
257 996 419 1062 facimus?
432 997 566 1078 Graios,
579 994 824 1091 hominumque
836 997 1033 1095 reliquimus
1047 1005 1164 1088 urbes,

160 1111 205 1174 Ut
215 1114 365 1175 Romana
374 1109 462 1176 foret
473 1109 578 1199 magis
589 1107 641 1175 his
656 1109 818 1177 instructa
831 1113 997 1202 magistris
1011 1140 1019 1180 ι

158 1222 255 1288 Nunc
266 1219 454 1313 Capitolino
468 1218 572 1286 veluti
586 1217 743 1287 turbante
756 1219 896 1288 Camillo

158 1329 304 1399 Ensibus
317 1346 351 1398 et
361 1333 486 1398 trutina
498 1329 584 1397 Galli
595 1331 711 1424 fugere
724 1330 856 1413 relicta,

159 1445 211 1512 Sic
223 1445 327 1510 nostri
337 1441 451 1535 palare
466 1465 566 1508 senes
579 1440 754 1526 dicuntur,
768 1458 801 1510 et
813 1445 893 1535 ipsi,
963 1509 965 1512 .

161 1559 207 1621 Ut
220 1553 323 1622 ferale
335 1578 414 1622 suos
426 1577 512 1621 onus
525 1556 707 1647 exstirpare
720 1553 860 1622 libellos.

159 1667 247 1757 Ergo
259 1668 496 1746 Numantinus,
512 1663 726 1759 Libycusque
741 1668 863 1732 erravit
875 1666 909 1731 in
921 1668 984 1732 isto
1171 1681 1204 1750 45

160 1777 285 1867 Scipio,
298 1779 356 1871 qui
367 1775 497 1845 Rhodio
509 1778 613 1843 crevit
624 1775 789 1842 formante
800 1777 975 1867 magistro,

159 1891 287 1956 Caetera
298 1905 331 1958 et
342 1889 399 1957 illa
409 1913 530 1957 manus
545 1887 634 1956 bello
645 1886 789 1956 fecunda
801 1887 983 1971 secundo,

160 2001 252 2084 Quos
263 2001 351 2066 inter
361 2001 462 2093 prisci
475 1999 640 2067 sententia
652 1995 706 2064 dia
717 1998 853 2065 Catonis

161 2112 250 2179 Scire
261 2111 346 2180 adeo
357 2114 470 2203 magni
481 2112 801 2194 fecisset,utrumne
813 2109 984 2195 secundis,

162 2225 214 2287 An
224 2224 331 2314 magis
343 2223 492 2315 adversis
506 2237 609 2291 staret
620 2227 771 2290 Romana
783 2243 945 2314 propago.

162 2333 293 2402 Scilicet
303 2334 452 2404 adversis
467 2362 474 2401 :
488 2360 585 2418 nam,
597 2359 705 2429 quum
716 2331 888 2401 defendier
898 2334 999 2399 armis

163 2445 286 2514 Suadet
298 2471 393 2514 amor
403 2447 538 2540 patriae‚
553 2463 587 2513 et
598 2448 729 2538 captiva
741 2444 920 2513 Penatibus
931 2466 1033 2527 uxor3

162 2558 340 2641 Convenit,
357 2574 395 2625 ut
408 2559 534 2649 vespis,
549 2581 695 2652 quarum
707 2555 828 2623 domus
841 2578 918 2622 erce
931 2559 1091 2637 Monetae,

162 2665 280 2734 Turba
292 2669 402 2759 rigens
414 2669 536 2735 strictis
548 2690 611 2759 per
622 2665 712 2733 lutea
724 2689 865 2757 corpore
877 2661 962 2731 telis.

164 2776 376 2872 Astubiapis
389 2776 621 2861 securamen,
637 2774 740 2844 oblita
751 2775 906 2844 favorum
1175 2783 1220 2839 55x

199 2926 244 2994 44,
259 2926 358 2980 Ferale.
372 2931 531 2995 Funestam,
542 2927 641 2981 infelix.
710 2939 761 2979 etc.
782 2925 888 2980 Scilicet
903 2941 982 2996 apes,
996 2923 1130 2990 convenit,
1146 2937 1212 2974 eon—

199 3005 242 3072 46.
260 3007 325 3078 Qui,
340 3019 389 3060 etc.
405 3007 496 3061 Sei-ibe
507 3005 624 3073 Rhodio,
636 3019 667 3059 ut
710 3007 802 3074 currit,
814 3003 969 3058 adversatur
981 3003 1076 3074 vespis,
1088 3001 1211 3054 hostibus

165 3081 198 3137 de
217 3085 331 3139 Panaetio
352 3089 442 3159 potius
463 3090 565 3140 minere
586 3103 667 3157 quem
710 3086 772 3136 suis.
781 3082 851 3138 Male
863 3083 923 3150 alii,
936 3082 1045 3153 opinor,
1055 3080 1212 3152 interpreta-

166 3162 200 3214 de
220 3165 307 3217 Ennio
330 3165 498 3238 intelligatur.
521 3165 593 3219 Male
613 3178 666 3218 vet.
710 3161 937 3228 bantursttobis,
953 3161 1030 3213 sicuti
1044 3161 1140 3230 vespis,
1148 3178 1213 3212 cen·

167 3240 255 3294 Schol.
271 3245 354 3298 mdis.
711 3243 783 3293 venit
793 3255 824 3294 ut
839 3242 920 3295 simus
936 3257 1041 3311 semper
1060 3241 1157 3293 strictis
1174 3253 1213 3292 te·

202 3319 247 3390 47.
260 3321 335 3374 Bello
340 3322 467 3393 fecunda,
475 3337 524 3377 etc.
535 3324 577 3377 Sic
587 3322 669 3391 malo,
710 3321 757 3388 lis,
770 3322 858 3392 parati
871 3321 904 3372 ad
916 3317 1143 3391 congrediendum
1152 3339 1214 3373 cum

168 3417 247 3470 quam
262 3401 392 3472 facunda.
408 3403 474 3456 Vide
488 3400 587 3457 Aulum
606 3401 669 3455 Gel·
710 3402 797 3455 hoste.
816 3400 886 3455 Gall.
903 3403 996 3453 «Pour
1010 3401 1126 3454 routenir
1140 3413 1214 3454 notre

167 3475 247 3548 bum,
261 3479 306 3532 lib.
319 3481 397 3550 XIX,
408 3501 468 3558 esp.
483 3501 524 3535 21.
543 3479 668 3536 V.sel01.
712 3490 799 3548 vertis,
813 3477 835 3530 it
852 3496 917 3533 nores
926 3479 991 3552 faut
1003 3478 1154 3532 l’eonems'd
1169 3500 1215 3536 nos

203 3557 247 3612 ⁵3.
270 3561 411 3628 Convenit,
429 3571 461 3613 ut
475 3561 563 3632 vespis.
582 3561 668 3630 Hujus
710 3571 825 3635 portes.»
844 3562 939 3614 Juven.
962 3560 1013 3613 Sat.
1028 3563 1079 3628 vt,
1093 3580 1131 3615 vs.
1147 3563 1214 3636 287,

168 3636 219 3689 loci
227 3637 294 3690 ordo
302 3651 374 3692 estet
383 3658 475 3693 sensus
485 3663 491 3690 ι
501 3641 579 3707 Nam,
589 3657 672 3712 quum
715 3641 784 3696 Edit.
796 3642 874 3694 Nost.
886 3639 938 3693 vol.
950 3642 962 3693 l
969 3680 978 3710 ‚
989 3659 1050 3713 pag.
1066 3639 1133 3712 459:

169 3733 243 3770 amor
255 3720 346 3790 patriae
365 3719 459 3772 suadet
476 3717 612 3772 defendier
629 3737 672 3769 or-
714 3762 984 3808 Pmfflmmhmffl,
991 3764 1073 3807 bruna
1082 3764 1164 3806 Mn„

169 3799 229 3857 ω’
239 3816 376 3872 quumque
387 3801 497 3871 caplim
506 3812 569 3851 'unt
576 3811 671 3850 ”⁰⁸¹¹oe
716 3824 836 3886 Quondm,
846 3839 884 3868 nec
894 3826 948 3870 vitiis
955 3825 1046 3882 contingi
1053 3841 1115 3883 parve
1121 3825 1217 3873 sinebant

170 3893 264 3932 uxores
272 3881 342 3932 intra
351 3881 462 3934 Penates
476 3895 556 3945 suos,
572 3877 599 3928 ld
616 3889 670 3942 est,
715 3888 778 3931 Tecta
794 3886 865 3940 labor,
879 3889 986 3945 somnique
1002 3886 1086 3939 breves,
1105 3895 1126 3929 et
1142 3887 1217 3930 vellere

207 3974 252 4008 um
261 3957 351 4010 Annib
369 3957 393 4009 l'
441 3961 674 4010 'mmuressoam
737 3945 742 3958 ⁸
794 3946 861 3989 T¹²⁸⁰⁰

171 3973 207 4026 qu
353 3977 368 4011 ⁸
382 3978 464 4030 JamJa
716 4008 798 4050 vexare
807 4007 900 4064 duroque
906 4021 989 4058 manus,
999 4022 1022 4049 sc
1030 4005 1133 4062 proximus
1140 4007 1191 4049 Urbi

171 4033 224 4101 (lit,
243 4036 363 4090 R⁰m⁸⁰⁸
390 4055 513 4110 P¹⁰P³⁸⁰
535 4034 672 4100 ‘mma’
717 4067 942 4116 umnihssetsunte
951 4066 1092 4109 Collinsturra
1101 4067 1176 4111 mariti.

170 4117 304 4167 concurrit
317 4115 351 4168 ad
363 4133 434 4168 arma
447 4127 477 4168 ut
490 4115 562 4169 turba
574 4113 672 4186 n'qens,
717 4129 776 4172 Nunc
785 4129 876 4186 „timer
885 4126 948 4181 long„
957 4127 1012 4182 poete
1021 4125 1133 4178 ωιῌις.
