2970 4936
340 503 391 568 ru
415 503 628 568 sturnini
652 503 888 570 rnnrrau.
983 487 985 495 '
1077 507 1138 594 139

86 641 154 693 adeo
170 640 295 710 pinguem
309 637 390 690 istum
405 639 604 704 centurionem,
623 637 799 712 philosophiae
814 656 935 706 osorem,
950 653 992 691 ree
1005 633 1141 694 homiues·

86 737 140 791 qne
150 715 259 770 fallunt!
273 717 314 768 De
326 715 423 770 Solone
432 716 494 770 ride
506 717 691 786 Plutarchum,
703 717 854 784 Laenium,
866 714 987 791 aliosque
999 717 1106 772 multos.

125 852 191 902 um.
209 851 251 902 80.
268 850 374 921 Obstipo
384 851 482 923 capite,
494 861 520 902 et
521 847 635 923 figentes
646 848 747 902 lumine
759 862 862 903 terram.
874 877 911 890 ·-
921 849 1055 903 Denarihit
1065 852 1141 922 igno-

90 932 179 983 ranna
189 929 329 996 defensor,
345 947 397 980 neo
408 931 465 981 sine
477 930 566 1002 eliqua
579 932 703 996 veritate,
721 929 944 1003 philosophorum
953 929 1074 982 habitum
1087 949 1142 982 me-

92 1011 213 1064 ditatione
228 1008 387 1062 dehxorum.
402 1037 437 1050 --
453 1009 543 1083 &pite
554 1009 669 1083 obstip05
680 1021 807 1083 protensa
817 1013 919 1063 cervice
932 1023 958 1064 et
969 1013 1087 1064 incurva.
1102 1012 1142 1063 De

91 1090 198 1144 canibus
212 1090 267 1142 dici
281 1089 366 1156 solet,
385 1104 466 1162 atque
481 1090 516 1143 ob
530 1089 558 1142 id
572 1091 660 1162 ipsum
674 1089 726 1142 hoc
742 1090 803 1142 loco
817 1101 968 1164 usurpatur.
991 1089 1098 1144 Suetou.
1114 1092 1142 1143 in

6 1239 7 1244 ¹
89 1171 215 1224 Tiberio:
233 1194 245 1218 ι
255 1171 402 1224 Incedebat
416 1171 518 1224 cervice
532 1169 617 1242 rigida
632 1181 658 1225 et
671 1171 777 1244 obstipa.
789 1195 801 1221 a
822 1173 914 1225 Horat.
929 1170 981 1224 Sat.
995 1169 1033 1240 Π,
1047 1171 1141 1260 5,.9πι

261 1275 308 1322 Stes
316 1281 390 1336 capite
399 1277 493 1336 obstipo,
504 1278 601 1322 multum
611 1279 688 1322 similit
697 1279 813 1336 metuenti.

89 1401 122 1412 -
134 1368 291 1444 Etfiqentes
302 1370 403 1422 lumine
414 1381 508 1424 tetram
515 1393 525 1434 ς
539 1371 679 1445 hypallage
690 1391 739 1443 pro
752 1369 892 1446 defigentes
903 1382 974 1424 teme
986 1355 1102 1424 lumina.⁴

122 1505 188 1556 llor.
210 1505 254 1557 81.
271 1507 411 1556 Murmura
427 1524 508 1579 quum
524 1524 610 1558 secum
623 1516 649 1556 et
668 1505 765 1560 rabidae
781 1505 886 1560 silentia
902 1505 1005 1559 rodunt.
1018 1535 1054 1546 -
1069 1507 1144 1575 Quos

94 1585 251 1636 ahlurmure
270 1585 459 1655 cogitationem
474 1588 628 1656 agitantes»
649 1584 714 1638 dixit
728 1586 907 1656 Quintilianus
914 1625 923 1654 ,
938 1586 984 1638 lib.
997 1587 1037 1652 X,
1051 1585 1086 1652 3,
1098 1603 1144 1638 eos

91 1683 135 1736 per
147 1665 306 1718 acerrimam
319 1665 535 1738 verissimamque
547 1665 711 1738 hyperbolen
723 1666 787 1719 dicit
799 1667 902 1719 Persius
914 1685 1050 1718 murmuria
1060 1684 1145 1719 mcum

7 1747 12 1759 '
93 1745 192 1807 rodere,
207 1760 234 1798 et
250 1746 349 1799 rabiosa
363 1745 475 1800 silentia.
490 1747 606 1801 Cenibua
618 1750 781 1800 conveniunt
793 1767 871 1800 voces
884 1749 982 1816 rabiosa
994 1761 1021 1800 et
1031 1747 1145 1811 rodunt,

92 1825 128 1876 mi
145 1825 268 1898 superius
286 1825 371 1897 capite
383 1827 496 1899 obstipo‚·
512 1845 599 1896 neque
615 1827 671 1880 sine
687 1847 769 1880 causa
785 1827 819 1880 ad
835 1827 947 1900 Cynicos
962 1825 1146 1898 depingendoe

95 1921 261 1978 usurpantur.
274 1907 397 1974 Relicta,
407 1910 467 1979 quia
477 1907 511 1960 de
523 1906 602 1979 plebe
612 1908 707 1979 aliquis
713 1948 722 1974 ,
730 1909 903 1966 meditantem
912 1911 1147 1979 cernens'ejusque

6 2049 7 2056 ἶ
94 2001 178 2058 gertus
191 1987 238 2058 qui
250 1987 296 2040 hic
308 1999 453 2053 notantur,
468 1987 598 2040 furiosum
615 1992 733 2060 putavit3
752 2002 782 2040 ut
801 1991 871 2044 inter
888 1989 970 2040 rabidi
982 1990 1054 2040 canis
1068 2001 1146 2040 notua

6 2133 7 2140 ἵ
95 2070 200 2138 ponitur
209 2067 335 2133 medicis,
348 2065 422 2137 quod
433 2065 521 2120 nullos
534 2066 595 2119 edat
607 2066 731 2135 latratus,
740 2067 787 2119 sed
795 2087 880 2121 secum
891 2070 1079 2120 immurmuret.
1092 2069 1146 2119 An·

97 2145 193 2218 tholog.
204 2147 263 2199 Lat.
278 2149 367 2198 Bnrm.
378 2160 445 2199 tom.
454 2148 490 2213 ll,
502 2147 594 2218 Epigr.
610 2146 672 2216 139,
686 2165 716 2200 21
732 2166 807 2220 sqq.=

6 2225 7 2250 l
264 2257 307 2299 Etr
316 2259 338 2298 et
348 2263 393 2298 non
402 2255 481 2311 igitur,
490 2255 576 2311 quoties
586 2251 658 2300 lucem
669 2269 714 2299 emo
725 2255 840 2299 litandum
850 2265 893 2306 eet.

264 2324 307 2366 Sed
315 2333 361 2365 non
370 2337 417 2365 esee
425 2323 498 2366 dienn
509 2323 569 2366 mille
578 2323 630 2366 hinc
639 2323 760 2366 certamina
769 2330 873 2379 turgunu

265 2389 320 2433 Eine
330 2389 406 2446 pauci,
416 2389 480 2432 multi
490 2403 578 2446 quoquc
588 2389 641 2433 talia
650 2389 845 2442 commeditantes,

265 2459 382 2499 Murmure
392 2453 495 2498 concluao
505 2456 593 2499 rabiosa
603 2457 693 2498 silentia
703 2455 792 2498 rodunt.

265 2523 340 2580 Qualis
349 2523 394 2566 ritu
402 2521 532 2575 hominurn,
542 2523 587 2566 duo
597 2536 666 2578 quam
676 2521 828 2580 monosyllaba
837 2523 934 2564 emunt!

101 2616 196 2668 Confer
204 2615 324 2668 lurennl.
336 2613 376 2680 ll,
393 2615 439 2682 ¹45
453 2613 562 2668 Lucien.
577 2611 611 2666 de
623 2613 691 2666 Seot.
704 2614 820 2684 Princip.

132 2753 196 2804 llor-
208 2751 249 2804 82.
261 2751 350 2825 Atque
359 2763 507 2822 eaporrecto
518 2749 681 2802 trutinantur
689 2747 763 2799 uerba
774 2746 879 2799 labello.
889 2775 924 2784 —
933 2742 1052 2796 vividior
1060 2741 1148 2812 imago

102 2848 149 2900 pro
160 2832 287 2884 aetimare
299 2833 384 2884 verba.
396 2829 458 2881 Non
472 2831 528 2882 sine
540 2825 638 2881 invidia
651 2830 742 2899 posuit
753 2828 846 2887 verba,·
863 2825 959 2897 eaepiue
972 2825 1042 2877 enim
1060 2821 1150 2894 philo·

9 2913 10 2946 ἶ
104 2910 187 2980 sophis
200 2911 336 2982 objectum
351 2923 404 2976 eet,
419 2909 493 2982 quod
509 2911 579 2961 circa
594 2909 669 2960 uerba
682 2920 708 2960 ct
717 2926 795 2960 voces
809 2919 959 2972 morentur,
976 2922 1064 2956 rerum
1077 2901 1150 2954 haud

101 2991 133 3041 ita
144 2993 249 3044 corion.
263 3021 300 3031 -
314 2993 471 3064 hispan-ecto
488 2987 582 3042 labello
599 2991 780 3050 trutinantem
795 2987 881 3039 Latiis
893 2980 1016 3057 porrectis
1030 2999 1079 3036 ceu
1093 2993 1150 3034 tru-

103 3070 156 3122 tiaoe
166 3072 243 3124 uerba
255 3083 446 3142 appensamur.
459 3071 601 3142 Exquisite
613 3067 647 3121 ed
659 3065 799 3120 ridiculum
812 3068 948 3139 imagines.

133 3203 196 3254 Nor.
222 3201 265 3254 83.
285 3202 389 3275 AEpruti
403 3201 492 3253 veteris
510 3199 663 3252 meditantes
679 3199 791 3251 somnia.
810 3225 846 3236 -
865 3195 928 3247 Sani
946 3193 1061 3248 hominis
1078 3191 1149 3243 boue

105 3297 156 3332 csse
165 3282 266 3332 somnia
279 3279 514 3341 exietirnabantur3
525 3278 630 3331 turbato
641 3291 729 3330 autem
742 3290 812 3328 statu
825 3274 1151 3346 corporie,aon1niaquo·

106 3381 151 3432 qne
162 3362 263 3414 turbari
280 3361 447 3413 dicebantur.
467 3359 543 3412 Unde
562 3361 697 3412 sententiae
717 3356 955 3429 philosophorum,
976 3371 1006 3405 ex
1024 3355 1150 3424 opinione

106 3441 200 3508 militie,
212 3461 268 3494 non
281 3442 361 3494 modo
373 3443 491 3507 somnia,
504 3439 640 3492 sedetiam
652 3439 752 3491 somnia
762 3438 866 3510 agrati,
879 3449 958 3507 utque
972 3434 1050 3486 etiam
1062 3430 1152 3504 captori

107 3522 194 3574 κατὰ.
205 3549 243 3560 -
257 3521 414 3573 Medimntes
421 3542 431 3580 ,·
443 3537 544 3571 summa
557 3535 624 3570 cura
635 3517 808 3570 revolventes.
823 3514 942 3567 Vividior
952 3511 1053 3565 locutio
1068 3507 1153 3561 medi-

107 3601 150 3650 tan·
159 3601 271 3653 somnia.
286 3601 378 3652 Horat.
392 3599 444 3651 Sat.
457 3601 485 3665 l,
498 3615 530 3667 9,
544 3615 568 3649 π,

137 3725 199 3777 llur.
222 3725 272 3792 83,
286 3723 329 3790 84.
346 3725 427 3796 quni
438 3722 478 3775 De
491 3718 575 3774 nihilo
588 3720 672 3788 nihil,
689 3719 717 3770 in
734 3717 850 3770 nihilum
864 3715 905 3768 nit
919 3733 990 3786 posse
1001 3712 1101 3766 reverti.
1115 3739 1152 3753 ·-

13 3859 14 3868 ,
110 3803 303 3860 celeberrimum
318 3819 357 3857 est
371 3805 487 3878 Physica
501 3805 595 3855 veteris
610 3802 780 3873 principium.
794 3801 898 3851 Lucra.
911 3799 940 3864 l,
955 3796 1020 3848 ποθι

272 3917 310 3956 Nil
318 3913 386 3970 igitur
390 3911 445 3970 fien'
453 3912 482 3954 de
491 3913 538 3954 nilo
545 3923 605 3966 poue
616 3907 731 3953 fetentium
741 3917 783 3958 eet,

272 3981 359 4024 Semina
367 3981 456 4036 quando
465 3992 520 4036 apua
528 3985 561 4020 eet
570 3977 642 4020 rebat.

14 4087 15 4134 ζ
112 4072 205 4126 llarme
214 4071 339 4126 Aurelius
350 4073 445 4144 imper.
459 4070 505 4123 lib.
518 4071 571 4122 1v=
587 4065 673 4122 nattlr
688 4067 715 4119 ia
726 4065 768 4120 aei
779 4061 873 4133 unierit
883 4064 990 4132 ι’ρχπιι,
1006 4059 1081 4128 ὅπερ
1089 4057 1152 4123 pta·

113 4149 174 4206 iuri
189 4153 231 4205 iae
242 4154 265 4207 e'r
275 4151 424 4224 ιίτὸρχπιι,
439 4149 536 4218 (Nihil
549 4167 581 4202 ex
595 4148 679 4202 nihilo
687 4145 738 4220 fit,
752 4143 971 4219 quaemadmodum
985 4139 1056 4192 nihil
1072 4140 1099 4191 in
1113 4139 1152 4189 ni·
