3148 4950
440 436 755 502 ROMANORUM
780 436 961 502 POETlS.
1156 441 1222 510 515
1295 499 1298 512 .

179 585 245 659 quc
258 562 378 632 subitae
391 577 425 636 et
441 562 634 643 incuriosae,
649 559 794 640 horridae
806 576 842 628 et
854 559 994 650 scabrae,
1011 564 1177 643 obscoenae
1191 589 1225 640 ee

177 677 327 770 procaci,
340 690 463 742 tersum
482 689 516 742 et
528 670 693 755 limatam,
706 657 827 765 puram
843 688 878 744 et
894 673 1100 770 aequabiliter
1115 679 1224 752 fluen.

178 805 263 871 tem,
278 787 420 858 facetam
435 802 469 854 et
482 785 647 855 urbanam
661 785 850 871 substituit3
865 801 899 854 et
911 809 1023 881 neque
1035 792 1153 866 Graeea
1165 797 1225 864 im.

98 937 100 940 ·
177 901 313 970 miscuit
326 899 468 981 Latinis,
485 896 673 992 nequealio
687 922 791 992 quam
804 896 938 967 heroico
952 923 1052 973 versu
1065 927 1148 976 usus
1162 926 1223 978 est
1341 921 1345 942 ¹

178 1010 281 1082 Illum
301 1009 364 1080 sibi
384 1008 557 1101 exemplar
576 1031 788 1102 proposuere
802 1012 1003 1102 posteriores
1020 1031 1129 1105 poetae
1148 1022 1226 1087 sati.

178 1124 253 1204 rici,
267 1123 367 1193 etiam
381 1117 519 1191 secundi
529 1117 571 1188 ab
586 1142 644 1202 eo,
657 1121 784 1196 Persius
796 1137 831 1188 et
840 1120 1025 1196 Iuvenalis:
1039 1129 1226 1223 utquisque

179 1257 297 1304 eorum
316 1228 478 1324 singulari
491 1236 613 1324 genere
628 1229 760 1301 dicendi
772 1255 855 1300 usus
869 1248 921 1300 est
935 1251 969 1306 et
986 1234 1117 1307 divorsa
1131 1245 1244 1310 ratio·

178 1370 235 1428 ue,
244 1369 307 1438 pro
316 1346 529 1436 ingeniorum
541 1360 801 1436 temporumque
811 1340 1017 1430 diversitate,
1030 1369 1228 1442 argumente

178 1460 341 1528 tractavit.
358 1454 458 1543 Quod
475 1453 673 1548 intelligitur
690 1479 731 1532 er
757 1457 910 1546 proxima
930 1465 1227 1549 commentatione,

124 1617 128 1624 -
178 1571 216 1636 in
234 1567 361 1663 quade
382 1569 533 1650 Horatio,
549 1568 658 1634 Persio
674 1589 715 1636 ac
736 1567 891 1639 Juvenole
912 1591 1065 1639 seorsum
1087 1570 1229 1648 dissere·

179 1703 274 1760 mus,
303 1677 420 1752 ethos
447 1695 564 1770 poetas
580 1677 750 1758 satiricos,
776 1700 921 1770 quorum
943 1698 1046 1770 opera
1072 1683 1228 1754 manibus
1279 1722 1285 1737 ·

178 1790 292 1868 adhuc
300 1792 423 1861 uostris
432 1804 599 1870 teruntur,
605 1791 693 1858 inter
704 1811 739 1855 se
750 1789 1136 1881 comparabimustttide
1145 1821 1231 1867 com

179 1902 422 1972 mentitionem
438 1924 516 1994 quae
529 1901 641 1972 surim
657 1897 760 1980 infra,
776 1921 853 1991 pag.
870 1899 954 1986 524,
972 1907 1132 1996 sequitur.
1147 1912 1228 1998 Eo.)

181 2018 279 2082 Nunc
295 2011 440 2089 sufficiat
459 2011 605 2083 breviter
617 2013 826 2080 recensuisse
839 2025 976 2080 ooeteros
995 2014 1115 2082 Lucilii
1127 2021 1231 2088 imita·

182 2141 288 2206 tores‚
301 2145 449 2219 quorum
467 2123 581 2206 Satira
596 2135 728 2192 tannun
741 2143 811 2188 nou
831 2144 951 2192 omnes
968 2125 1228 2216 interciderunt;
1259 2197 1262 2206 ,

182 2235 274 2331 quod
297 2235 431 2331 gravius
455 2230 663 2316 doleremus,
688 2232 751 2298 nisi
767 2228 903 2306 fortuna
925 2232 1022 2305 nobis
1040 2239 1231 2308 triumviros

182 2346 257 2416 illos
282 2358 457 2414 servasset.

230 2465 314 2534 tute
329 2458 516 2540 Horatium,
532 2455 590 2546 qui
599 2458 638 2523 A.
653 2457 694 2523 U.
708 2453 843 2540 utt9,
859 2451 1011 2548 adeoque
1025 2460 1082 2523 XL
1096 2457 1234 2531 fercan-

183 2573 236 2646 nie
251 2585 328 2662 post
340 2565 459 2641 Lucilii
475 2581 618 2641 mortem
637 2581 818 2648 natusest,
840 2587 908 2632 uon
923 2563 1086 2652 defuisse,
1100 2573 1158 2666 qui
1172 2570 1234 2644 hu-

181 2681 237 2775 jus
259 2680 396 2775 quidem
419 2675 594 2768 exemplo,
610 2675 670 2754 sed
686 2699 809 2769 parum
826 2700 987 2768 prospero
1004 2697 1145 2750 conatus
1161 2708 1235 2754 suc·

171 2815 300 2876 cesso,
325 2789 368 2861 ad
391 2790 512 2866 &tiras
536 2784 731 2857 scribendas
754 2787 907 2857 animum
928 2787 1153 2882 appellerent,
1178 2792 1234 2862 ille

185 2926 247 2977 nos
261 2904 333 2994 ipse
345 2899 460 2979 docet,
475 2901 540 2967 Set.
561 2901 589 2980 l,
608 2922 663 2981 ro,
683 2896 726 2980 46
742 2919 812 2990 seq.

264 3089 349 3157 Ηοοι
363 3100 443 3160 erat,
455 3097 577 3168 experto
592 3085 705 3146 frustra
717 3087 857 3145 Varrone
868 3086 998 3146 Atacino

267 3186 365 3264 Atque
376 3183 562 3263 quibusdam
577 3182 662 3256 aliis,
677 3181 786 3241 melius
800 3181 884 3263 quod
897 3183 1028 3246 scribere
1040 3206 1175 3267 possete„

266 3284 431 3344 Inventore
442 3281 556 3342 minor.

188 3478 251 3542 Hic
265 3489 316 3542 est
337 3475 375 3540 Ρ.
399 3472 558 3538 Terentius
576 3470 697 3549 Varro,
719 3485 819 3537 natus
840 3471 971 3538 circiter
986 3478 1023 3538 A.
1041 3475 1080 3539 U.
1096 3477 1132 3540 G.
1150 3477 1236 3566 670,

188 3605 222 3654 et
240 3611 259 3652 a
275 3587 382 3679 patria
395 3591 511 3663 Atace,
526 3580 643 3652 Gallio
662 3580 892 3653 Narbonensis
908 3584 983 3650 vico
997 3583 1081 3670 (vid.
1097 3589 1235 3657 Hieron.

189 3702 222 3766 iu
237 3697 362 3766 Chron.
383 3692 506 3764 Euseb.
528 3692 571 3762 ad
587 3691 724 3786 Olymp.
751 3699 831 3782 174,
850 3718 881 3764 a.
903 3697 970 3782 2.),
990 3693 1101 3764 veleb
1119 3704 1236 3779 Atace,

190 3807 400 3879 Narbonensi
413 3803 517 3874 fluvio
536 3804 620 3890 (vid.
642 3803 805 3900 Porphyr.
822 3803 866 3874 nd
884 3811 999 3876 Horat.
1016 3804 1038 3873 l.
1055 3805 1112 3894 1.),
1128 3806 1237 3876 dictus

190 3921 356 3985 Atacinus.
371 3922 401 3984 ls
421 3936 543 4008 prester
557 3916 697 3998 Satires,
712 3919 845 4009 scripsit
858 3919 1081 4009 Argonautica
1095 3917 1238 3986 bellum-

232 4157 253 4192 ι.
268 4140 405 4194 Satiricum
418 4160 514 4213 poema
525 4139 642 4210 intellige
656 4138 793 4194 Satiricuru
808 4158 924 4194 carmen·

1024 4229 1076 4295 33.
