2986 4924
368 464 417 528 ΙΝ
441 461 654 528 SATIRAM
676 459 917 543 QUINTAM.
1101 417 1175 558 195¹

114 592 240 665 idemque
252 589 308 644 edit
319 591 404 658 8070,
419 587 529 659 dempto
542 597 630 638 tamen
644 587 719 637 1111·
731 587 826 652 satira,
839 599 865 637 et
882 586 988 658 quidem
1001 601 1086 656 recte,
1099 601 1163 668 ipim

114 671 325 738 memmendutn
337 680 384 722 est.
396 668 583 720 Vetustissime
598 664 725 718 editiones
737 663 842 720 titulum
856 665 973 718 referunt
984 668 1094 722 nullum.

148 751 307 804 Notandum
320 763 359 802 est
370 751 397 801 in
409 765 442 800 eo
452 746 659 810 commentario,
673 747 719 817 qui
733 743 830 796 dicitur
840 756 865 796 et
874 744 1026 800 inscribitur
1037 751 1165 822 Cornuti,

115 832 192 884 initio
209 831 290 901 bujus
303 830 387 883 satire
400 827 456 880 brec
474 843 530 880 esse
546 827 658 898 scripta:
678 826 773 878 siiauc
787 825 893 878 satiram
907 826 998 880 scribit
1015 829 1049 881 ad
1065 833 1168 888 Cornu.

115 925 186 977 tum,
200 913 228 964 in
239 929 292 983 que
304 929 351 963 eos
363 905 453 980 culpat
462 918 570 978 poetas,
583 907 645 977 qui,
658 919 761 958 etc....·
777 923 863 977 neque
875 906 957 959 ferme
969 909 1045 979 plura
1056 911 1090 966 ds
1103 915 1169 968 Cor-

115 1005 193 1044 nuto.
204 991 282 1044 Unde
291 989 358 1044 nibil
368 990 434 1042 lucis
446 989 538 1052 oritur,
550 985 622 1040 unde
634 1003 803 1058 nequaquem
815 983 902 1057 colligi
911 1001 1008 1057 potest,
1022 995 1080 1064 quis
1089 995 1169 1050 luerit

116 1071 158 1123 ille
170 1073 316 1136 Cornutus,
327 1069 361 1122 ad
371 1087 449 1142 quern
463 1069 561 1138 scripta
571 1077 610 1118 est
620 1067 676 1118 hare
688 1067 782 1132 satira,
796 1085 882 1137 neque
895 1070 952 1139 quis
962 1070 1041 1126 fuerit
1051 1073 1094 1128 ille
1106 1078 1171 1130 Cor.

116 1167 213 1218 nutus,
227 1155 274 1224 qui
284 1152 419 1222 scripserit
429 1149 657 1200 commentarium.
669 1146 800 1198 Videntur·
808 1145 861 1197 duo
872 1149 986 1204 extitisse
995 1151 1122 1206 Cornutir
1136 1157 1172 1210 sl-

116 1245 167 1299 ter,
180 1237 297 1285 Annuus
307 1232 455 1296 Cornutus,
468 1221 584 1296 stoicus,
596 1247 649 1301 quo
662 1228 766 1280 Persius
777 1247 839 1280 usus
850 1241 889 1280 est
899 1233 1023 1302 magistro
1035 1249 1061 1287 et
1070 1239 1170 1305 amico,

117 1315 161 1366 cui
178 1311 234 1364 boc
249 1331 317 1384 opus
336 1311 434 1364 dicavit
453 1320 479 1361 et
499 1313 576 1380 cujus
596 1308 788 1379 honestissimis
804 1307 890 1360 serbis
906 1313 1025 1364 meminit
1045 1315 1094 1368 Dio
1109 1319 1171 1372 Cae.

118 1396 190 1455 sius;
208 1393 284 1458 ulter,
298 1393 413 1444 Annuus
425 1391 573 1454 Cornutus,
587 1400 648 1453 eut,
665 1401 694 1439 ut
710 1386 850 1440 Macrobio
863 1387 903 1440 vel
918 1390 1047 1444 Macrobii
1063 1394 1171 1452 librario

117 1471 223 1544 planet,
238 1471 361 1526 Aurelius
372 1473 521 1535 Cornutus,
533 1469 737 1539 grammaticus,
756 1470 870 1542 scriptor
883 1475 1133 1530 commentariorum
1147 1479 1173 1532 in

118 1554 288 1618 Terentium,
303 1550 440 1622 Virgilium
458 1549 591 1622 aliosque,
610 1561 636 1599 et
651 1549 752 1619 primus
771 1562 865 1600 auctor
882 1557 1132 1610 commentariorum
1145 1561 1174 1614 in
1248 1617 1250 1622 ,

120 1631 256 1698 Persium,
277 1647 344 1702 quos
357 1627 485 1681 babemus
503 1627 727 1698 corruptissimos.
743 1627 767 1678 ls
788 1626 855 1692 fuit,
874 1630 894 1680 si
916 1629 997 1682 roodo
1015 1632 1081 1698 fuit,
1100 1639 1174 1691 sonis

122 1710 315 1782 quinquaginta
330 1709 434 1760 circiter
444 1706 565 1758 Cornuto
577 1703 738 1776 philosopho
750 1708 889 1782 recentior.
906 1706 972 1760 Vide
991 1709 1024 1761 ed
1038 1710 1138 1766 calcem
1148 1719 1174 1782 Ι,

119 1789 184 1844 stis
192 1790 283 1842 Vineti
291 1787 436 1860 Epistolom
447 1785 478 1838 de
489 1787 601 1838 Cornuto
611 1783 770 1858 pltiiosopbo
782 1795 808 1835 et
815 1788 988 1856 prarnmorico
994 1827 1004 1854 ,
1015 1790 1056 1842 De
1070 1795 1178 1848 Cornuti

120 1872 149 1922 iss
162 1871 248 1923 Persii
260 1871 358 1924 Satires
369 1867 573 1933 commentario,
589 1883 620 1917 ac
634 1866 666 1917 de
677 1865 859 1918 commentarii
873 1871 1066 1942 commotique
1076 1872 1178 1948 siqm'ſs.

121 1951 235 2002 catione.

152 2085 294 2138 mers
309 2103 445 2137 sumtuum.
461 2105 484 2135 2.
501 2087 598 2134 centurn
608 2085 648 2134 otio
665 2095 687 2133 et
699 2084 788 2151 lr'rrquos
801 2095 880 2150 optare
889 2091 913 2134 itt
925 2093 1133 2142 cameracensem.
1146 2131 1177 2144 -

123 2164 212 2209 Ferunt
226 2162 390 2208 vetustissime
402 2158 517 2206 editiones
534 2158 585 2204 iere
601 2173 683 2204 omues
699 2159 724 2202 io
734 2162 847 2215 ramim,-
863 2175 935 2222 qusttt
946 2161 1051 2214 videlieet
1064 2168 1089 2214 in
1099 2169 1176 2217 bilds.

125 2232 250 2279 Codicibus
271 2232 398 2278 lectionem
414 2233 560 2278 invenerant.
577 2231 632 2276 Non
650 2229 727 2276 minus
746 2228 818 2276 hebet
834 2233 978 2279 suetoritstis
994 2240 1073 2284 nostre
1091 2224 1176 2294 lertio,

124 2302 246 2350 meliorem
260 2317 318 2349 vero
328 2302 525 2348 constructionem
533 2309 557 2346 et
568 2313 671 2347 senem

158 2435 248 2490 Norat.
269 2455 292 2505 r,
305 2457 328 2490 2.
340 2437 450 2492 Vatibus
459 2436 501 2488 tic
510 2454 566 2490 mor
575 2443 612 2486 ert
621 2447 722 2486 centum
733 2433 782 2486 sibi
790 2453 893 2507 poscere
902 2455 987 2505 voces,
1000 2441 1107 2494 Centum
1120 2464 1179 2514 oro,

127 2529 152 2570 et
165 2517 268 2593 linqua
281 2528 372 2590 optare
390 2518 417 2568 itt
432 2517 550 2568 earmina
565 2527 679 2566 centum.
693 2543 727 2553 -·
738 2511 867 2566 Solemnis
882 2534 976 2587 nempe
992 2512 1036 2570 illa
1053 2521 1125 2593 apud
1137 2543 1180 2575 ve·

127 2611 193 2652 teres
205 2613 300 2670 poetas
317 2596 478 2671 hyperbole,
493 2615 544 2668 qua
558 2595 694 2647 materiain
708 2613 784 2646 suam
800 2595 978 2666 amplificent,
997 2618 1028 2650 ac
1043 2618 1071 2652 se
1094 2603 1180 2658 verbis

127 2681 232 2750 assequi
241 2698 298 2732 non
309 2697 388 2752 posse
399 2687 537 2730 testentur.
549 2675 627 2727 Hom.
638 2675 735 2754 passim
746 2688 772 2725 et
783 2673 856 2726 Iliad.
870 2677 906 2742 ll,
917 2671 985 2744 dili:

330 2811 387 2866 ὀυου
396 2821 416 2866 ii
425 2817 581 2879 periclitasse
590 2817 696 2877 posset,
708 2801 761 2863 dixu
773 2815 802 2864 di
813 2815 908 2877 στόματ’
917 2819 972 2865 εἶεν.

330 2890 418 2948 (Nosti
428 2889 484 2933 mibi
494 2891 571 2933 decem
582 2887 674 2946 lingue,
687 2889 807 2946 decemque
817 2903 856 2933 nm
866 2887 957 2946 iurent)

129 3021 238 3074 Hostius
249 3031 331 3094 poeta
340 3019 381 3092 (ut
389 3021 470 3074 refert
479 3018 648 3086 Macrobius,
657 2985 787 3072 Setumal.
797 3020 847 3086 VI,
861 3019 889 3092 3)
900 3019 946 3074 lib.
958 3023 980 3074 11
990 3005 1051 3076 belli
1062 3022 1159 3082 letrici:

605 3163 656 3205 Non
666 3160 685 3204 si
697 3162 753 3206 mihi
765 3161 845 3220 lingue

320 3229 410 3272 unum
420 3233 486 3286 atque
495 3241 536 3274 orn
545 3229 601 3272 sient
610 3227 702 3273 totidem
713 3241 818 3284 vocesque
827 3227 921 3287 liquere.
1005 3229 1009 3240 '

129 3361 239 3414 &rtem
252 3357 333 3424 dixit,
345 3361 478 3414 Homerus
490 3360 597 3423 decem3
611 3363 673 3414 item
686 3358 777 3431 Virgil.
790 3362 888 3432 Georg.
901 3363 938 3426 11,
952 3363 1000 3430 433
1016 3365 1120 3418 AEneid.
1132 3368 1182 3434 vt,

127 3439 178 3494 625
191 3457 267 3512 sqq-3
278 3441 342 3505 vll,
353 3439 385 3510 ὃ]
399 3459 458 3513 sqq·
468 3462 476 3503 ;
487 3441 566 3494 Otid.
579 3440 757 3512 Metamnrpb.
767 3443 841 3507 vill,
855 3442 905 3494 532
918 3459 992 3514 sqq.;
1003 3445 1082 3498 Trist.
1093 3449 1118 3512 1,
1129 3446 1182 3512 453

15 3553 16 3556 =
128 3541 202 3594 ηιμ
215 3524 288 3574 Fest.
302 3521 343 3584 11,
359 3537 407 3590 tt9
424 3541 494 3594 sqq·;
509 3522 640 3594 multique
653 3520 696 3574 alii
712 3536 810 3592 pootoe,
827 3523 916 3573 Persio
932 3522 1038 3595 quidem
1053 3529 1183 3580 recentio·

16 3655 18 3664 ,Ἴ
127 3619 183 3668 res,
201 3603 308 3672 ipsique
322 3603 457 3653 oratores:
475 3601 585 3670 Cicero',
600 3601 709 3672 Epistol.
726 3601 801 3665 Xlll,
817 3603 848 3669 63
864 3602 1019 3668 Quintilian.
1034 3605 1181 3660 Declsmst.

17 3675 20 3756 ξ
129 3683 235 3749 Vl‚etc.
246 3683 310 3733 Non
321 3693 373 3732 tarn
382 3682 488 3752 respicit
497 3683 616 3754 proiecto
626 3683 725 3734 Persius
734 3680 768 3732 ad
780 3681 838 3735 ilios
846 3686 1004 3754 superiores,
1016 3689 1060 3758 qui
1070 3687 1182 3741 solemni

18 3761 20 3792 t
129 3760 171 3813 ills
182 3761 270 3833 ligura
283 3763 345 3832 jure
360 3763 400 3812 usi
414 3761 533 3829 fuerant,
550 3759 674 3832 quemad
693 3755 820 3832 aequales,
836 3761 880 3833 qui
897 3762 1074 3817 abutebantur
1085 3779 1111 3817 et
1127 3764 1183 3818 but-

133 3837 190 3893 lstis
199 3841 279 3912 stupis
289 3839 432 3906 studebant,
442 3851 472 3891 ut
482 3840 531 3892 sibi
539 3839 638 3912 popina
650 3849 815 3911 mrqesoeret3
823 3839 898 3892 infer.
911 3859 955 3911 19,
967 3860 1015 3896 ss:
1027 3857 1182 3912 argumento

134 3933 191 3970 sunt
204 3933 232 3972 et
245 3921 370 3991 repetitio
381 3922 483 3971 ironice
490 3935 607 3992 poscere,
619 3932 709 3990 optare
721 3920 748 3970 in
763 3921 896 3982 comino,
909 3934 935 3972 et
948 3921 1003 3974 duo
1015 3939 1104 3974 versus
1114 3924 1183 3974 inse·

136 4011 251 4071 quentes.
266 3999 413 4052 Certemus
428 4011 516 4051 mmen
530 4018 564 4050 ne
578 3999 634 4050 brec
643 4003 697 4069 jsm
712 4017 769 4052 esse
788 3999 855 4052 sdeo
871 4003 976 4054 satirice
988 3999 1058 4053 dicte
1077 4002 1183 4055 arbitre-

136 4095 205 4142 mur,
220 4081 346 4151 quonism
357 4076 501 4131 succlamat
513 4078 646 4130 Cornutus
658 4079 844 4131 interlocutor:
859 4097 983 4152 quonum
996 4077 1065 4143 lroee,
1077 4091 1104 4131 et
1118 4097 1184 4152 quos

137 4159 207 4211 niem
216 4161 287 4212 inire
300 4161 426 4212 recurrit:
437 4159 485 4212 His
498 4175 545 4230 eqo
556 4169 677 4212 munos
685 4162 769 4212 ausim
780 4161 913 4230 deposcere
925 4177 1004 4212 voces.

991 4274 999 4312 r
1010 4251 1040 4336 3,
