3006 4934
330 457 371 521 26
508 456 666 519 VARlAE
687 454 960 520 LEC'I'IONES
980 457 1042 520 ET
1063 457 1198 522 NOTAE
1264 497 1269 520 ι

326 567 426 622 ducere
440 587 471 621 ex
484 567 594 641 quibus,
610 568 702 641 quales
715 571 781 635 sint,
793 569 892 621 nemini
904 571 1178 642 innotescereopoaait5
1191 571 1237 624 aed
1246 575 1337 644 potine
1347 576 1386 627 iis

327 648 459 700 interdum
471 651 545 719 justo
555 649 655 700 diutiur
665 647 807 712 inherere,
819 665 868 700 nee
881 651 1068 702 minutiaaimae
1078 651 1186 722 quidem
1197 665 1285 722 parter
1294 653 1385 723 negli-

326 747 404 798 gere,
418 743 448 782 ut
462 745 555 782 omnes
572 731 660 781 iecere
678 729 778 795 solent,
794 731 840 800 qui
856 728 979 782 ubertate
995 728 1092 801 ingenii
1110 729 1296 784 destituuntur.
1315 736 1383 786 llaec

326 830 391 864 sane
403 825 464 864 tunt
477 831 535 884 que
547 814 725 884 suspicionem
742 811 861 864 hiatuutn
878 803 1014 882 prebeant
1033 832 1141 866 nectere
1158 828 1210 876 esu
1230 818 1274 886 qui
1290 815 1382 870 hiatus

326 907 433 964 postea,
447 893 579 946 interdum
593 913 647 946 non
660 895 721 945 eatis
733 892 845 946 feliciter
857 896 977 959 concuti,
990 913 1068 964 rugae
1077 898 1175 966 passim
1187 909 1213 947 et
1223 896 1305 967 plicae
1317 897 1384 950 reli-

326 987 456 1046 querunt,
471 975 567 1046 quibua
584 994 655 1026 nunc
668 975 774 1048 quidem
787 973 981 1026 offendimur·
1001 974 1071 1028 Edit.
1088 978 1191 1046 lloenig.
1209 996 1236 1048 p.
1251 976 1293 1028 38.
1313 978 1379 1030 Not.

325 1054 360 1107 ad
372 1075 395 1106 r.
409 1072 471 1125 107,
483 1057 546 1124 134,
557 1057 634 1127 prim.
645 1063 693 1109 eat'
707 1087 743 1096 -
752 1058 811 1108 lloc
821 1069 978 1124 argumento
988 1059 1153 1127 potissimum
1166 1057 1210 1108 illa
1219 1059 1312 1109 nititur
1318 1059 1382 1129 opi-

325 1135 385 1198 nio,
398 1132 473 1205 quod
485 1132 640 1186 deliberatio
650 1133 684 1188 tle
695 1132 829 1188 nuriltcudi
839 1137 996 1211 neceeritate
1004 1135 1080 1186 initio
1087 1138 1176 1207 operia
1184 1137 1304 1188 instituta
1316 1135 1381 1188 rub·

309 1247 312 1258 ·
327 1231 379 1285 que
391 1213 472 1266 linem
485 1233 635 1280 recurrens,
649 1217 677 1266 in
690 1213 779 1276 medio
792 1212 912 1266 rideatur
924 1215 1070 1266 intermissa
1084 1228 1130 1268 aut
1142 1217 1251 1267 omniuo
1264 1215 1378 1270 sublata.

326 1291 361 1342 Δῑ
369 1311 430 1345 vero
441 1312 495 1345 non
506 1295 680 1347 intermissam
693 1295 775 1345 luisse
787 1307 879 1364 aperte
888 1291 1024 1344 declarant
1033 1313 1100 1346 vera.
1114 1296 1147 1362 ai
1158 1307 1184 1346 et
1193 1307 1334 1364 sequentes
1345 1293 1380 1344 ad

326 1371 375 1436 30,
390 1375 417 1424 iu
430 1373 525 1446 quibua
537 1374 638 1444 dialogi
654 1377 725 1426 vicet
741 1374 901 1435 manileettc5
916 1384 943 1424 et
954 1391 1020 1425 vers.
1035 1373 1083 1439 4ο,
1099 1375 1147 1441 44,
1162 1375 1210 1442 49,
1225 1375 1273 1438 84,
1291 1387 1317 1426 et
1336 1372 1382 1424 alii

325 1453 490 1524 complures,
509 1459 536 1507 in
554 1456 653 1528 quibua
669 1454 782 1507 redeunt
794 1453 844 1506 illae
860 1455 995 1506 tententiae
1008 1455 1035 1505 in
1051 1455 1182 1525 principio
1195 1467 1221 1504 et
1236 1455 1285 1507 sub
1300 1454 1379 1505 linem

325 1535 412 1606 operit
425 1537 538 1606 agitate.
554 1538 592 1588 lta
605 1547 635 1587 ut
649 1549 776 1607 appareat
791 1553 839 1607 per
852 1545 936 1586 totam
955 1537 1063 1586 satiram
1081 1537 1232 1587 continuari
1250 1535 1382 1587 delibera·

325 1614 440 1680 tionem,
450 1613 532 1668 modo
546 1617 714 1688 frequentem
724 1613 824 1685 dialogi
837 1615 938 1666 vicibus
952 1613 1075 1678 alternis,
1090 1609 1172 1686 quu'm
1186 1617 1276 1667 Persio
1286 1631 1380 1666 vocent

325 1691 489 1765 precludere
499 1707 614 1749 conatur
623 1694 801 1760 adverterint,
815 1693 896 1746 trodo
906 1696 978 1746 vicet
987 1693 1102 1746 alternae
1109 1696 1163 1764 jam
1174 1711 1229 1745 nou
1239 1694 1384 1746 admitten-

324 1787 392 1839 tem,
408 1793 490 1846 quum
502 1791 652 1830 termonem
663 1778 739 1849 quari
749 1791 826 1828 suunt
835 1777 900 1828 fecit
909 1778 1013 1827 Persius
1022 1775 1154 1847 propositi
1164 1785 1241 1828 tenax
1252 1779 1380 1826 etrictor.

324 1853 407 1922 Quod
421 1856 527 1927 quidem
546 1872 572 1911 et
590 1861 648 1931 ipae
668 1869 762 1911 auctor
780 1857 907 1909 lectorem
926 1857 1056 1908 monitum
1074 1855 1189 1908 voluisse
1205 1855 1322 1921 ridetur,
1335 1857 1382 1927 qui

325 1933 433 2002 eeriprit
444 1949 534 1988 versut
547 1937 582 2003 4ο
593 1951 619 1989 et
632 1935 682 2005 44,
695 1937 792 2008 quibua
803 1952 853 1989 noa
865 1934 946 1988 docet
954 1935 1084 2004 sulpeum
1095 1937 1165 1986 ticet
1177 1940 1254 2004 agere
1267 1937 1385 1985 monito-

326 2013 361 2064 rit
373 2023 401 2064 et
412 2029 482 2066 tuae.
495 2016 624 2068 Ceterum
636 2015 792 2068 deliberatio
804 2017 866 2081 ille,
884 2027 913 2066 ut
924 2018 981 2085 iper
994 2013 1127 2066 interdum
1139 2015 1208 2064 toret
1218 2016 1384 2075 intermissa,

326 2107 382 2141 uon
396 2089 458 2142 ideo
473 2095 599 2146 omiraum
613 2091 810 2164 confusumque
825 2092 893 2145 loret
910 2105 1102 2161 argumentum.
1124 2095 1217 2164 Neque
1236 2095 1305 2145 enirn
1324 2095 1384 2164 ipsa

327 2183 514 2240 argumentum
527 2188 580 2240 eat,
593 2177 631 2226 uti
642 2173 734 2247 plnres
746 2174 815 2226 lalro
827 2185 938 2226 eenrent
950 2175 1120 2242 interpretes,
1135 2173 1182 2225 aed
1197 2173 1290 2226 indute
1303 2189 1385 2242 arqu-

327 2263 419 2302 mento
430 2253 513 2305 forma
524 2255 659 2321 callidior,
667 2272 747 2326 quum
757 2257 862 2306 Persius
872 2269 943 2306 nunc
954 2252 1075 2318 adhibet,
1083 2271 1154 2306 nunc
1163 2256 1253 2325 ponit,
1263 2271 1313 2324 pro
1322 2271 1386 2326 ope·

327 2333 362 2384 rir
375 2337 547 2399 necestitatet
564 2353 643 2408 quern
655 2335 789 2390 luvenalis
802 2339 828 2386 in
841 2338 925 2410 prima
938 2336 1090 2405 usurpavit,
1107 2348 1240 2406 quamque
1252 2337 1387 2386 recentio-

280 2427 282 2432 ·
327 2429 386 2464 rum
404 2413 569 2466 satiricorum
588 2414 711 2468 nonnulii
728 2413 885 2468 retulerunt.
900 2435 937 2454 a·
952 2413 986 2464 At
1000 2414 1070 2464 enim
1088 2425 1182 2464 murco
1197 2429 1229 2464 oe
1241 2411 1333 2466 debilis
1350 2421 1389 2464 ert

327 2507 413 2542 renem
424 2495 558 2566 expetitio.
568 2495 692 2560 Minime,
704 2494 759 2546 eive
770 2492 806 2544 ad
815 2493 905 2563 operia
917 2505 1069 2542 meneuram
1080 2503 1197 2561 spectet,
1210 2499 1269 2560 quae
1280 2509 1335 2542 non
1345 2503 1389 2544 est
1473 2494 1478 2504 ¹

326 2585 479 2625 ceterarum
491 2577 573 2628 Perrii
583 2571 724 2630 satirarum
735 2586 865 2623 mouture
875 2569 980 2640 dloquar,
995 2571 1050 2622 tire
1061 2568 1197 2640 potiuasetl
1208 2571 1291 2640 ipaiua
1303 2581 1389 2621 mate·

327 2653 369 2702 riae
384 2665 520 2718 naturam,
533 2657 611 2724 eujus
622 2651 697 2705 nulla
705 2668 770 2722 para
781 2651 878 2700 omitte
888 2649 972 2700 initae
983 2645 1097 2712 ridetur,
1109 2646 1190 2698 modo
1204 2647 1305 2722 adrem
1317 2661 1389 2699 con·

326 2731 416 2782 ferrer.
425 2734 514 2799 Quam
522 2733 606 2786 multa
616 2737 687 2785 enirn
697 2725 840 2801 equalium
849 2726 877 2778 ln
886 2727 980 2780 litterie
989 2730 1052 2780 vitiu
1061 2730 1153 2799 paucis
1160 2728 1281 2782 versibus
1293 2741 1390 2781 conse·

326 2823 414 2863 eratus
421 2817 476 2864 esti
491 2816 627 2886 rcripturn
637 2825 663 2864 et
674 2811 763 2862 inania
772 2803 860 2860 laudi·
869 2808 971 2874 nudie,
982 2809 1152 2860 recitationes
1162 2808 1243 2860 modo
1253 2809 1326 2881 apud
1336 2826 1389 2881 po-

328 2888 437 2960 pulum,
445 2889 526 2942 ruodo
534 2889 560 2943 in
568 2891 722 2964 principum
730 2888 858 2939 condriir
866 2885 1140 2954 habitarrcnnductot
1148 2887 1390 2959 pretioauditerea,

328 2973 434 3041 ineptae
447 2971 635 3024 admiratione·
647 2968 869 3040 adulatiouerque
881 2968 1036 3041 pudendae,
1049 2967 1309 3020 adolescentulorum
1321 2969 1392 3022 litte·

329 3049 412 3100 reriat
420 3048 594 3118 ambitionem,
602 3046 699 3103 atolida
709 3059 815 3120 patrum
825 3049 1044 3118 maqiatrorunrre
1052 3045 1169 3115 juditia,
1181 3048 1304 3110 tremum
1313 3061 1391 3100 vatu-

330 3131 405 3182 etetir
417 3143 463 3182 aut
475 3129 599 3185 norimir
610 3143 742 3195 amorem,
757 3131 886 3180 oratoriar
898 3129 950 3180 lori
964 3127 1093 3198 ineptiae,
1106 3139 1219 3198 poeaeur
1231 3127 1350 3199 denique
1362 3141 1391 3178 et

329 3211 426 3280 linquae
440 3211 630 3284 corruptelam.
645 3213 767 3263 Doceant
777 3227 859 3282 quam¹
867 3211 1038 3260 intractatam
1046 3205 1184 3277 reliquerit
1198 3209 1301 3260 Penius
1313 3223 1391 3278 mqu-

331 3291 415 3342 menri
423 3305 541 3363 purtem,
554 3294 599 3365 qni
609 3291 738 3343 damnent
745 3291 917 3362 jq'uuitutem
928 3288 1026 3358 operis.
1039 3309 1075 3326 u-
1086 3287 1120 3337 Δῑ
1132 3287 1202 3336 enim
1213 3302 1320 3351 mraua,
1331 3286 1392 3337 dun·

288 3385 296 3412 t
330 3381 405 3436 runt,
414 3373 520 3445 abnepti
530 3375 663 3439 transitur,
673 3381 700 3423 et
710 3371 785 3423 liunt
794 3381 881 3442 parrer
891 3369 983 3440 operit.
993 3364 1075 3435 Quod
1088 3367 1110 3416 ri
1121 3381 1162 3417 ree
1175 3367 1210 3417 ite
1222 3380 1251 3417 re
1262 3365 1392 3431 hereret,

331 3467 386 3504 nou
395 3465 463 3504 erret
473 3449 626 3507 admirande
637 3449 665 3504 in
674 3465 768 3526 poeta,
784 3454 812 3504 in
819 3462 922 3513 vetere,
933 3450 962 3499 in
971 3447 1062 3500 Persio
1072 3447 1207 3517 inprinier
1216 3449 1320 3518 quiiuit
1329 3445 1392 3498 bue*

331 3531 419 3584 viuri·
434 3531 591 3602 studiosior,
606 3546 685 3605 quam
697 3533 894 3584 transitionem.
912 3525 1148 3578 verumenimvero
1159 3525 1246 3576 euriae
1257 3537 1393 3595 corrupte

332 3607 484 3662 litterature
497 3613 639 3684 imagines,
652 3627 718 3682 quae
731 3611 838 3662 Persiu·
853 3604 1034 3666 adumbruvit,
1046 3620 1134 3672 neque
1145 3604 1313 3655 cond-enter
1325 3603 1393 3656 aliar

334 3707 366 3741 ex
379 3689 436 3742 ellit
450 3693 595 3763 procedere
611 3709 721 3744 neeesse
737 3691 803 3754 fuit,
816 3703 907 3758 neque
918 3699 1007 3736 tamen
1019 3681 1142 3754 dirjeeter
1154 3695 1252 3734 temere
1269 3683 1392 3755 copulari

333 3768 467 3824 cleonem.
480 3775 540 3826 live
550 3777 639 3846 iprum
651 3769 783 3824 intellexit
794 3779 891 3819 auctor
901 3763 1103 3836 omnpor'irionia
1111 3762 1236 3834 (librent,
1248 3765 1295 3837 qui
1305 3765 1392 3816 variar

333 3853 370 3903 rei
382 3865 485 3923 parter,
498 3857 603 3909 satirica
617 3849 662 3904 ille
672 3847 867 3902 deliberatione
879 3844 915 3896 ab
923 3845 998 3896 initio
1010 3843 1046 3896 ad
1056 3843 1136 3896 fiee·
1147 3845 1237 3914 operit
1245 3843 1393 3914 perducta,

332 3929 462 4002 recelligit
477 3935 506 3984 in
519 3949 604 3984 unum
620 3943 648 3982 et
661 3926 857 3999 complectitur.
880 3921 952 3992 Quid
968 3922 1062 3995 plura?
1079 3921 1160 3974 aeurlt
1174 3929 1202 3974 et'
1218 3924 1276 3994 ipre
1294 3923 1393 3996 Koenip

333 4011 471 4080 prolecto,
484 4009 575 4064 minna
583 4009 683 4062 habere
692 4007 821 4080 penderit
830 4005 1003 4071 sententiam,
1016 4021 1075 4076 qne
1085 4001 1164 4055 nullia
1173 4003 1304 4054 imitatur
1315 4000 1393 4053 codi-

334 4105 394 4142 uttan
406 4095 578 4165 antiquorum
589 4089 706 4152 indiciiet
717 4088 833 4160 ideoque
839 4086 1011 4160 turpiciortem
1018 4085 1131 4136 vocarit.

371 4169 432 4222 ttae
441 4187 492 4242 ego
502 4172 586 4244 paulo
593 4172 679 4224 imina
686 4168 834 4242 disputari,
845 4167 879 4220 ad
886 4164 1078 4222 vindicandum
1089 4165 1122 4216 ab
1132 4165 1229 4234 injuria
1238 4174 1392 4220 auctorent
