3038 4932
372 445 418 510 m
444 405 655 510 sarman
679 439 878 508 sarran.
1083 444 1148 529 273

101 590 198 630 rerum,
214 579 317 625 ιιιιιιιαι,
331 569 395 633 quod
407 581 430 615 et
441 569 466 615 in
478 567 624 614 membranIa
635 567 765 629 reponitur.
774 589 806 602 -
816 561 1056 629 BritannlcueJaIIIque
1065 581 1151 612 moen-

103 649 171 694 tiorcr
183 645 267 705 legunt
277 658 306 690 en
314 657 359 704 pro
370 648 408 696 et‚·
422 655 469 685 non
479 638 554 695 male,
567 639 608 684 aed
621 649 683 684 entra
693 637 767 683 MMS.
779 633 891 682 Codicum
900 633 980 680 lidum.

42 823 46 834 ,
138 775 207 826 Norr.
221 772 264 824 ab.
277 769 345 840 Quid
358 770 473 820 metuas?
486 784 564 828 occa,·
578 776 603 818 et
613 782 680 839 seges
690 761 773 817 altera
783 764 811 815 in
825 763 901 817 lierda
915 774 1003 816 ιιι-
1016 763 1085 835 Quid
1096 785 1152 820 me-

104 855 178 906 tuas?
193 870 245 924 pro
264 848 351 902 :nihil
369 861 409 900 eet
427 845 498 919 quod
514 854 626 908 metuar,
643 845 715 896 utin
733 846 781 909 Ill,
797 843 838 896 26.
848 872 884 884 -
896 844 980 912 Ocea,
999 845 1026 896 in
1040 847 1153 917 impera-

104 936 160 985 tivo
171 933 289 1003 positum
299 951 307 992 ;
320 929 426 1000 proprie
441 939 480 980 est
492 944 600 990 occure,
611 923 703 994 glebae
715 925 835 996 frangere
846 925 961 976 inversas
971 945 980 988 ;
990 922 1017 976 h.
1037 923 1054 975 l.
1070 940 1153 978 meta·

103 1013 215 1086 phorice
228 1013 337 1083 ponitur
349 997 399 1079 pro
412 1027 518 1072 serere,
531 1024 613 1059 arare.
625 1005 717 1072 -Et,
730 1003 776 1056 ubi
788 1007 1020 1081 creasti-Sep&
1030 1005 1113 1060 alteru
1125 1007 1154 1058 in

105 1095 185 1147 herba
200 1104 254 1154 est‚·
269 1092 369 1144 locutio
380 1103 420 1142 est
435 1086 594 1159 virgiliana,
616 1103 684 1158 seges
693 1085 721 1163 in
734 1084 811 1138 leuba
824 1096 876 1148 ert,·
889 1085 984 1157 Georg.
997 1089 1024 1154 I,
1040 1102 1098 1139 ιιο.

140 1227 209 1278 Nor.
221 1241 263 1296 ²7·
273 1222 319 1275 Ast
330 1231 404 1274 vocat
417 1216 545 1290 officium.
553 1245 589 1258 ·-
597 1217 643 1284 At,
656 1218 678 1268 ei
690 1234 741 1288 qua
752 1233 809 1268 sese
819 1214 944 1269 obtulerit
956 1219 1061 1270 occasio
1072 1218 1154 1272 bene·

105 1304 239 1371 faciendi,
250 1317 278 1357 at
290 1305 310 1355 si
325 1299 398 1375 quod
408 1297 561 1352 obeundum
574 1298 654 1350 fuerit
666 1297 783 1348 officium
794 1294 958 1350 liberalitatis
970 1316 1032 1368 erga
1044 1301 1154 1366 amicos,

105 1389 177 1442 unde
190 1399 323 1450 sumetur,
338 1384 383 1435 ubi
393 1395 466 1435 totus
480 1381 634 1452 absumptus
652 1379 732 1432 fuerit
749 1380 811 1431 anni
827 1378 942 1431 reditus?
954 1379 1153 1434 Absumendum

105 1472 176 1522 enirn
190 1481 280 1521 censet
290 1467 410 1530 Persius,
426 1465 470 1535 qui
482 1461 548 1514 dixit
559 1483 565 1512 :
577 1477 655 1512 mesre
668 1470 741 1512 tenua
750 1458 858 1530 propria
867 1460 933 1512 tn've.
944 1459 1058 1532 Reponit
1068 1459 1155 1530 objec-

106 1549 174 1600 tioni
187 1545 271 1618 paulo
280 1544 400 1596 inferius.

141 1678 209 1729 Nor.
221 1690 268 1743 27,
282 1673 323 1724 28.
342 1670 424 1721 Tnabe
435 1679 529 1740 rupta,
544 1668 646 1720 Bruttia
657 1685 719 1720 anxa
728 1666 838 1720 Prendit
846 1669 944 1722 amicus
952 1669 1039 1742 inops,
1050 1687 1156 1744 remque

107 1775 213 1810 omnem
227 1751 424 1822 surdaquevota
435 1747 557 1801 Condidit
568 1747 788 1800 Ionia—Affert
797 1748 980 1820 inexemplum
990 1751 1157 1822 naufragium

107 1835 200 1900 amici,
211 1833 258 1904 qui
266 1841 343 1902 egeat
356 1827 462 1888 anxilio.
469 1861 503 1872 --
510 1827 591 1878 Tnabe
600 1837 675 1898 rupta
682 1865 692 1894 ‚
704 1825 787 1878 fracta
796 1844 846 1897 per
853 1838 1037 1898 tempestatem
1048 1831 1157 1882 nari.-

107 1913 209 1967 Bnittt'a
220 1928 296 1973 saxa,
305 1907 384 1959 ltaliae
395 1911 467 1977 regio
477 1919 517 1958 est
527 1907 659 1957 Bruttium
670 1906 704 1958 ad
715 1904 789 1957 littus
799 1906 878 1958 inferi
889 1910 984 1973 maris,
994 1926 1050 1959 non
1060 1907 1156 1980 procul

107 1995 209 2060 Sicilia,
233 1992 261 2042 in
281 1987 402 2042 Calabria
424 1987 548 2038 citeriori.
568 1987 653 2038 Loctu
673 1999 712 2037 eet
728 1983 870 2058 naufragiis
892 1998 952 2044 ante
967 1987 1033 2041 alios
1052 1989 1156 2042 inlam'u

108 2087 219 2146 propter
236 2072 343 2122 fretum.
355 2096 392 2107 -
402 2067 514 2119 Prendit
530 2067 628 2119 amicus
646 2067 734 2139 incpr;
753 2067 838 2139 imago
852 2079 891 2120 est
908 2069 1043 2139 nVirgilio
1060 2069 1155 2132 ducta;

110 2152 210 2206 AEneid.
224 2152 277 2216 Vl,
292 2149 345 2201 360
356 2169 362 2198 :
772 2155 778 2170 ·

253 2279 436 2334 mumque
445 2274 508 2318 nucu
517 2273 620 2318 manibus
629 2275 702 2332 capita
710 2287 785 2332 aspera
794 2275 881 2318 nontin
910 2295 918 2304 e

110 2388 223 2456 lleiuque
237 2401 342 2437 omnem
361 2383 487 2456 surdaque
503 2393 576 2448 vota,
592 2397 618 2434 et
637 2401 693 2454 quae
712 2381 857 2450 habuerat,
878 2396 904 2436 et
920 2404 969 2457 pro
984 2385 1081 2458 quibua
1097 2397 1157 2439 vota

111 2479 321 2538 nuncupaverat,
334 2483 391 2535 quae
400 2465 443 2516 Dii
453 2483 507 2516 non
517 2464 682 2516 audiverunt.
694 2463 822 2516 Solemnis
832 2476 871 2517 est
884 2467 999 2517 auctoris
1008 2467 1036 2516 in
1046 2464 1158 2518 locutio·

110 2548 186 2600 nibus
199 2545 328 2598 andacia:
339 2556 398 2598 vota
407 2545 482 2598 nardo
489 2545 607 2598 condidit
614 2546 740 2598 Ionio-
748 2546 882 2612 Condidit,
890 2546 975 2598 amicit
984 2547 1142 2600 in.-Ionio
1147 2570 1157 2608 ς

110 2625 238 2691 rubaudi,
253 2626 327 2677 mari.

144 2759 213 2810 Nor.
231 2775 273 2829 ²9·
285 2759 361 2810 Jacet
375 2758 467 2831 ipsein
481 2757 581 2824 littore,
595 2770 620 2811 ct
635 2777 688 2810 una
698 2760 820 2832 Ingentes
830 2758 863 2811 de
874 2778 962 2832 puppe
970 2759 1027 2811 Dei.
1040 2760 1160 2812 -Jacet

113 2841 168 2910 ipse
181 2841 209 2892 iu
223 2839 322 2906 littore,
336 2839 369 2891 ad
381 2858 443 2892 saxu
455 2858 513 2911 qnae
524 2837 711 2911 prebenderat.
722 2841 801 2892 -Ει
815 2860 885 2906 una,
903 2853 930 2892 et
937 2845 1013 2912 juxta
1027 2840 1111 2893 illum.
1122 2870 1158 2882 -

112 2922 232 2996 Ingentes
242 2921 273 2973 de
289 2939 380 2994 puppe
391 2920 442 2972 Dei
448 2943 457 2982 ,·
472 2939 530 2972 moe
547 2933 602 2972 erat
614 2920 685 2992 apud
702 2923 825 2994 antiquos
841 2921 874 2974 ad
885 2942 1000 2995 puppem
1014 2920 1157 2995 depingere

111 3000 224 3052 Deomm
245 2999 389 3070 imagines,
402 2999 444 3052 vel
458 2998 598 3051 simulacra
611 3001 722 3072 fingere,
738 3020 769 3053 ex
781 3001 876 3072 quibus
893 3014 918 3052 et
929 3019 1024 3053 nomen
1038 3013 1065 3052 et
1077 3000 1159 3053 tutela

113 3081 177 3132 leret
189 3079 325 3132 naviculae.
345 3079 428 3132 adea
441 3078 581 3132 simulacra
596 3081 785 3151 confugiebant
797 3085 823 3134 in
836 3081 971 3152 periculo,
984 3100 1016 3134 ea
1027 3081 1158 3153 amplexa-

114 3159 220 3224 bantur,
241 3178 296 3210 unu
312 3161 438 3233 perituri,
451 3158 493 3212 vel
508 3161 637 3213 servandi.
656 3163 697 3214 sic
714 3162 777 3214 facit
793 3161 936 3234 naufragus
952 3163 996 3234 qui
1010 3181 1082 3214 nunc
1097 3161 1159 3214 des-

114 3236 229 3290 cribitur.
242 3237 335 3290 Densa
347 3257 433 3310 puppe
448 3238 564 3291 revulsos
577 3258 666 3291 secum
680 3237 761 3291 babet
774 3240 801 3291 in
812 3238 905 3291 littore.
918 3240 986 3292 Deos
995 3253 1083 3292 autem
1099 3238 1158 3294 illos

114 3331 189 3369 vocat
200 3317 329 3390 ingentes,
343 3337 397 3370 non
412 3319 520 3384 ironice,
530 3331 560 3369 ut
568 3319 663 3390 Koenig
672 3321 836 3390 suspicatur,
849 3319 908 3392 quia
919 3318 985 3370 nibil
995 3327 1087 3372 eorum
1096 3339 1159 3392 pro·

115 3395 201 3449 lecerit
220 3400 341 3468 potentia
361 3397 396 3450 ad
414 3398 572 3451 servendum
592 3397 745 3466 hominem,
766 3399 813 3452 aed
832 3413 942 3472 propter
960 3399 1160 3452 simulacrorum

117 3487 256 3542 naturam,
266 3495 319 3548 qua
330 3475 653 3550 perficiturbypotppoeir.
667 3477 746 3531 Conf.
757 3480 845 3531 licina.
860 3478 892 3531 ed
906 3476 982 3532 orit.
994 3480 1072 3531 Triat.
1083 3480 1105 3546 l,
1119 3495 1160 3545 ro,

121 3569 147 3620 1,
158 3565 184 3605 et
193 3554 288 3626 Virgil.
298 3555 401 3608 AEneid.
411 3557 485 3622 VIII,
495 3556 544 3625 933
556 3556 816 3622 v,60,·110rat.0d.
832 3559 844 3608 I
850 3595 859 3624 ,
876 3557 923 3624 14,
937 3573 976 3610 ιο.
1138 3550 1142 3556 ’

149 3687 214 3741 tter.
228 3689 395 3763 liddamque
406 3691 481 3743 odvia
492 3694 585 3764 mergis
596 3693 668 3744 Costa
681 3693 742 3746 ratis
752 3691 1010 3745 laceroe.—Fluitant
1019 3712 1067 3764 per
1076 3691 1160 3746 undae

9 3777 10 3782 ’
120 3765 228 3838 reliquie
243 3770 332 3823 fractae
345 3773 604 3845 navia.—Jamquc,·
618 3771 652 3824 ad
665 3773 855 3826 observandam
866 3775 997 3843 naufragii
1011 3776 1159 3844 imaginem.

122 3849 238 3972 l-Couc
256 3850 319 3904 ratis
335 3850 442 3912 lacem
462 3853 498 3906 sic
516 3851 588 3924 apud
603 3852 693 3922 Virgil.
716 3853 816 3906 AEneid.
835 3853 872 3920 ll,
892 3853 940 3920 16,
958 3851 1084 3905 dicuntur
1102 3853 1162 3923 equi

132 3936 197 3977 atera
209 3949 215 3977 ι

287 4061 293 4070 .
302 4058 307 4069 .
316 4059 321 4070 .
331 4060 335 4069 .
348 4029 454 4086 Sectaque
463 4029 562 4072 intexant
571 4029 641 4088 abiete
650 4037 724 4076 com.

124 4157 158 4169 -
167 4133 243 4186 Obvia
252 4138 360 4211 mergier
370 4151 409 4190 eat
419 4155 529 4210 mergur,
542 4141 664 4210 aquatica
674 4138 798 4208 volucria,
810 4140 843 4193 ab
853 4140 1033 4210 immergendo
1043 4159 1099 4194 sere
1113 4142 1162 4194 fre-

984 4231 1021 4296 ιδ
