3148 4950
403 391 462 454 DE
486 389 655 456 sartan
680 388 1003 455 ROMANORUM·
1157 397 1220 481 ⁴97

181 537 256 600 tum
279 518 473 586 testimoniis
496 535 649 586 veterum
671 521 989 600 Grammaticorum,
1014 517 1107 585 verb.
1132 544 1222 589 cans.

182 625 352 695 Diomedis
364 626 420 694 lib.
434 632 493 710 111,
507 617 583 722 pag'.
603 629 687 712 483,
703 627 833 696 collect.
847 626 980 694 Putsch.
998 630 1125 698 «Satira
1136 629 1224 698 dicta

181 741 251 806 sive
264 763 283 804 a
296 737 433 829 Satyris,
447 737 539 831 qnod
555 738 705 805 similiter
719 741 753 805 in
765 737 830 806 boc
844 740 990 807 carmine
1004 736 1155 807 ridiculoe
1170 766 1223 808 res

181 846 416 943 pudendaeque
425 845 595 930 dicuutur,
603 873 680 943 quae
691 848 785 917 velut
795 873 815 915 a
826 850 950 942 Satyris
963 849 1180 940 proferuntur
1192 870 1225 918 et

182 959 285 1044 fiuut3
304 963 372 1028 sive
391 984 410 1025 a
429 959 545 1026 Satura
565 960 667 1040 lance,
687 983 764 1054 quae
784 959 906 1027 referta
926 961 1025 1026 variis
1044 959 1225 1056 multisque

181 1070 335 1161 primitiis
348 1069 450 1136 sacris
461 1070 591 1136 Cereris
610 1065 831 1152 inferebatdr3
848 1068 903 1136 vel
920 1071 1049 1160 acopis
1064 1086 1097 1135 et
1111 1074 1227 1138 saturi-

181 1195 248 1248 tate
263 1181 311 1245 rci
330 1182 446 1246 Satura
460 1179 659 1246 vocabatur:
675 1176 772 1271 cujus
788 1182 919 1271 generis
931 1177 1076 1245 lancium
1090 1183 1224 1280 etVirg.

182 1293 216 1357 iu
232 1293 352 1381 Georg.
366 1293 410 1369 11,
428 1294 508 1380 194,
529 1304 563 1355 et
578 1290 663 1380 394,
682 1290 845 1356 meminit.
865 1287 926 1355 Alii
939 1286 1061 1355 dictam
1073 1306 1227 1382 putanta

182 1401 256 1494 lege
266 1405 401 1482 Satura,
417 1423 493 1492 quae
506 1424 575 1467 nno
588 1416 706 1492 rogatu
718 1398 825 1466 multa
837 1399 937 1467 simul
950 1401 1224 1493 comprehendat,

184 1527 222 1578 ut
235 1510 360 1578 scilicet
373 1526 407 1577 et
420 1513 525 1577 Satira
538 1511 684 1576 carmina
697 1509 804 1576 multa
816 1508 915 1576 simul
927 1526 961 1576 et
971 1527 1126 1603 poemata
1140 1537 1227 1580 com·

182 1618 455 1714 prehenduntur:
470 1617 567 1713 cujus
582 1618 664 1710 legis
677 1618 828 1687 Lucilius
838 1621 991 1687 meminit
1002 1623 1036 1686 in
1048 1624 1173 1713 primo:
1186 1653 1199 1682 s

283 1765 341 1824 Per
354 1763 494 1823 Saturam
508 1763 638 1824 AEdilem
651 1762 785 1839 factum,
799 1765 851 1845 qui
867 1763 978 1846 legibu'
992 1765 1097 1826 solvat.

184 1892 298 1963 Isidor.
312 1896 403 1986 Orig.
415 1899 456 1976 V,
473 1897 493 1962 6
509 1921 516 1960 ε
537 1899 677 1964 «Satura
692 1919 771 1962 vero
784 1895 918 1978 laxast,
933 1921 1010 1991 quas
1022 1896 1063 1965 de
1075 1897 1228 1990 pluribus

183 1995 284 2075 rebus
299 2006 398 2074 simul
416 1997 576 2101 loquitur,
593 2007 680 2075 dicta
698 2033 718 2074 a
736 2009 833 2100 copia
850 2032 965 2076 rerum
979 2026 1013 2076 st
1027 2013 1122 2104 quasi
1139 2035 1159 2077 a
1176 2036 1228 2077 sa·

185 2123 307 2199 tietate,
326 2114 417 2184 uude
435 2133 469 2185 et
482 2119 622 2184 Satiram
638 2117 784 2185 scribere
801 2134 851 2186 est
868 2135 1023 2212 poemata
1040 2123 1132 2186 varia
1148 2143 1229 2187 con-

184 2225 280 2308 dere,
293 2244 332 2293 ut
344 2228 488 2309 Horatii,
501 2225 674 2294 Juvenalis
689 2243 721 2294 et
736 2231 849 2295 Persii.
867 2229 963 2296 Cous.
978 2234 1095 2298 Festus
1100 2255 1141 2342 qr
1154 2255 1226 2298 voc.

184 2337 317 2419 Satura,
334 2357 367 2405 et
381 2344 491 2404 Acron
504 2335 557 2403 vel
574 2337 737 2430 Porphyr.
751 2337 795 2404 ad
808 2343 922 2405 Horat.
939 2343 1005 2407 Sat.
1019 2345 1048 2420 1,
1068 2365 1078 2404 r
1092 2393 1100 2422 ,
1115 2364 1166 2432 pr.

231 2453 308 2516 Meo
323 2445 563 2542 qualicumque
579 2444 706 2538 judicio
725 2449 835 2515 omnis
847 2447 985 2542 quidem
1002 2471 1073 2530 res,
1088 2452 1184 2527 toties
1196 2469 1230 2517 et
1260 2439 1268 2454 ⁸

186 2575 286 2625 atam
302 2557 417 2624 multis
429 2560 464 2623 in
476 2558 697 2650 quaestionem
708 2573 842 2639 vocata,
856 2580 925 2623 non
937 2561 1050 2649 magni
1064 2557 1148 2626 adeo
1160 2583 1230 2626 mo-

186 2671 291 2735 menti
301 2684 367 2750 est,
383 2687 415 2735 et
425 2665 712 2762 quemadmodum
721 2667 938 2736 Casaubonus
950 2667 1089 2764 aliique,
1103 2673 1161 2764 qui
1172 2669 1230 2736 Sa·

188 2791 291 2844 turam
305 2777 358 2845 vel
372 2777 510 2844 Satiram
528 2779 574 2844 ita
590 2775 770 2859 definiunt,
787 2795 826 2844 ut
840 2781 882 2844 sit
895 2803 1049 2861 carmen,
1062 2775 1158 2871 cujus
1178 2805 1230 2846 ar-

187 2904 385 2979 gumentum
406 2887 573 2978 farragine
597 2911 656 2954 seu
676 2890 821 2955 mixtura
840 2885 1049 2956 diversorum
1071 2891 1228 2957 vitiorum

187 3025 368 3095 rerumque
387 3002 609 3082 contineatur,
629 3002 774 3067 nominis
795 3003 906 3092 potius
925 3003 992 3066 vim
1014 3017 1048 3067 et
1065 3001 1228 3094 etymolo-

187 3115 294 3205 giam,
312 3135 414 3206 quam
434 3113 590 3178 carminis
602 3129 757 3178 naturam
770 3113 972 3202 respexisse,
990 3114 1036 3178 ita
1047 3111 1114 3179 Jul.
1130 3111 1229 3180 Scali-

186 3221 289 3312 liger,
316 3224 400 3286 Dan.
430 3214 583 3286 Heinsius
607 3218 730 3314 aliique
753 3209 961 3286 similitudini
987 3219 1229 3289 vocabulorum

187 3331 328 3423 Satyrr'ce
336 3383 343 3412 ‚
352 3328 463 3420 Satyri
470 3346 503 3395 et
513 3329 628 3419 Satyra
640 3331 780 3395 nimium
789 3326 945 3396 tribuisse
957 3328 1058 3396 videri
1070 3348 1227 3423 possunt,

188 3458 221 3509 et
232 3442 386 3536 quamvis
398 3463 522 3505 nomen
537 3442 675 3506 omnino
689 3443 815 3507 Graecae
828 3440 871 3504 sit
882 3441 1033 3529 originis,
1050 3458 1162 3507 tamen
1175 3442 1229 3508 Sa-

188 3569 259 3620 tura
272 3554 394 3620 rectius
408 3551 574 3632 scribitur,
588 3575 690 3645 quam
701 3550 817 3640 Satyra
829 3568 862 3616 et
874 3549 997 3632 Satira,
1011 3577 1087 3618 nam
1102 3571 1229 3620 veteres

187 3665 329 3731 Romani
346 3667 501 3731 Graecum
520 3693 535 3725 υ
554 3681 591 3729 nt
612 3659 712 3729 breve
727 3659 900 3728 Gallorum
918 3687 938 3725 ιι
952 3662 1229 3752 pronuntiabant.

189 3776 404 3842 Grammatici
420 3798 501 3841 vero
520 3767 764 3840 substiluebant
774 3798 801 3862 y
816 3789 849 3837 et
866 3771 1005 3854 indocti,
1023 3790 1081 3839 aut
1095 3775 1230 3866 qnisibi

190 3939 240 3993 que
252 3923 307 3973 sine
325 3921 402 3974 titulo
417 3924 443 3973 in
461 3921 553 3990 vulgus
567 3920 688 3971 videntur
731 3922 913 3973 Grammaticis
930 3921 984 3972 fere
1000 3920 1137 3972 debentur.
1151 3921 1228 3972 Conf.

190 4000 319 4064 emisisse,
334 4000 377 4070 vel·
388 4000 421 4051 de
435 4021 466 4053 eo
479 4020 531 4052 uon
545 3999 687 4051 admodum
733 4012 822 4050 notam
836 4017 893 4070 qua
902 4000 1044 4070 paulopost
1059 4001 1190 4070 sequitur;
1203 4001 1230 4051 in

188 4076 337 4130 laborasse:
350 4094 377 4130 et
389 4081 572 4152 inscriptiones
583 4077 688 4130 illenim
733 4079 830 4150 quade
842 4097 873 4130 ea
886 4099 913 4130 re
927 4081 984 4132 fuse
996 4081 1089 4149 agitur.

281 4168 348 4232 III.
1042 4170 1082 4232 32
