3176 4954
365 385 431 473 398
599 387 635 449 c,
662 383 849 448 inormi
875 381 1175 448 FRAGMENTA

827 515 945 579 LXIV.

365 623 492 692 Evadat
503 621 622 690 saltem
632 621 757 717 aliquid
772 619 898 717 aliqua,
915 621 1005 717 quod
1016 637 1157 690 conatus
1168 645 1255 690 sum.

840 733 938 798 LXV.

366 841 449 912 Illuc
461 842 549 912 oculi
561 841 734 911 deducant
747 845 827 937 ipsi,
840 857 942 938 atque
952 845 1105 912 atriorum
1118 865 1195 937 spes
1209 841 1288 912 illac
1299 848 1398 937 rapit.

829 955 944 1021 LXVI.

364 1067 579 1134 vestimentis
594 1065 701 1158 frigus
712 1081 813 1161 atque
824 1064 999 1133 horrorem
1012 1083 1205 1135 exacturum
1218 1082 1323 1160 putat.

821 1180 954 1244 LXVII.
1044 1203 1048 1211 ’

366 1287 435 1352 Nisi
448 1301 620 1378 portenta,
633 1309 828 1380 anguesque
840 1283 992 1354 volucres
1005 1310 1045 1354 ac
1059 1289 1215 1380 pinnatos
1231 1289 1383 1358 scribitis.
1415 1356 1419 1364 ,

633 1465 635 1476 ,
816 1399 966 1464 LXVIII.

366 1513 436 1602 Ego
447 1511 537 1576 enim
549 1505 801 1576 contemnilicus
813 1506 886 1575 fieri
898 1522 932 1574 et
943 1507 1091 1576 fastidire
1103 1513 1382 1602 Agamemnonis?

827 1619 943 1686 LXIX.

368 1783 375 1796 .
404 1783 411 1796 .
440 1783 447 1796 .
476 1749 493 1795 .'
512 1781 913 1797 ............
939 1730 1003 1798 Hic
1016 1734 1184 1800 cruciatur
1195 1732 1296 1816 fame,

366 1843 516 1934 Frigore,
529 1838 655 1922 illuvie,
666 1837 855 1924 inbalnitie,
870 1840 1113 1935 improfundie,
1125 1845 1263 1912 incuria.

837 1953 937 2022 LXX.

412 2060 585 2143 cribrum,
596 2060 857 2146 incerniculum‚
868 2062 1041 2133 lucernam
1053 2067 1089 2132 in
1101 2063 1252 2150 laterem,
1265 2071 1299 2135 in
1312 2066 1412 2135 telam

364 2171 487 2241 licium.

830 2289 946 2356 LXXI.

409 2397 461 2461 Dii
481 2397 650 2463 mouerint
663 2393 810 2482 meliora,
826 2415 928 2494 atque
943 2405 1125 2469 amentiam
1141 2408 1414 2472 averrunoessint

363 2520 466 2571 tuam.

361 2723 449 2776 nonis.
458 2723 518 2774 Haec
526 2723 719 2778 continuabant
727 2725 865 2780 historiam
909 2732 1018 2784 Veteres
1025 2731 1149 2804 fastidire
1159 2749 1220 2785 otim
1231 2735 1345 2804 genitivo
1356 2754 1410 2788 non

361 2811 405 2850 ror
419 2807 513 2865 νόπων,
526 2819 587 2852 oum
600 2801 649 2853 illis
669 2820 725 2874 que
745 2808 865 2874 proxime
909 2825 970 2860 raro
985 2810 1110 2882 copulare
1122 2809 1217 2865 solent.
1234 2813 1341 2868 Plautus
1353 2817 1409 2867 Au-

360 2877 514 2950 praeoedunt
525 2877 559 2931 de
568 2881 650 2950 Ajaoe
662 2881 740 2932 Oilei.
909 2884 985 2940 lular.
1000 2891 1036 2956 II,
1048 2909 1076 2957 a,
1089 2892 1139 2963 67:
1156 2893 1262 2959 «Abiit,
1273 2913 1358 2967 neque
1368 2915 1411 2948 me

396 2957 486 3008 LXIV.
500 2959 603 3011 NonIus
614 2979 620 3009 τ
632 2959 764 3025 Eandem,
779 2965 866 3030 exire,
910 2971 1050 3028 certiorem
1062 2971 1143 3024 feeit:
1158 2973 1259 3024 fastidit
1270 2978 1350 3027 mei·
1364 2977 1410 3028 Ti-

362 3037 478 3090 tendere.
908 3045 1412 3117 tiariiusLouoadia,omendanteDou·

396 3119 475 3170 LXV.
492 3118 596 3171 Nonius
612 3139 618 3169 =
635 3119 800 3189 Dedroetttm,
816 3121 864 3175 tle·
908 3145 954 3180 aa:
971 3129 1083 3182 «Viden’
1095 3147 1126 3185 ut
1137 3131 1237 3185 fastidit
1249 3136 1342 3186 mei?-

361 3197 503 3251 leotationo
516 3197 634 3251 ducturo.
942 3208 1033 3261 LXIX.
1046 3213 1150 3264 Nonius
1161 3231 1167 3262 t
1177 3210 1299 3279 Illuvies,
1310 3213 1410 3268 sordes.

396 3277 485 3329 LXVI.
497 3278 622 3332 Nonius:
642 3279 754 3352 Exiyere
765 3294 804 3334 eat
818 3301 864 3334 ex·
908 3290 946 3339 Ita
970 3287 1110 3358 legendnm
1128 3313 1134 3340 :
1154 3291 1242 3360 Vulgo
1264 3290 1409 3344 invalniete.

359 3354 475 3408 cludere.
908 3366 1072 3420 Imbrinities
1079 3407 1088 3434 ‚
1101 3371 1204 3421 &loma

395 3435 496 3488 LXVII.
504 3436 620 3488 Nonius:
630 3435 763 3504 Portenta,
775 3453 864 3494 osten·
943 3445 1023 3497 Lxx,
1036 3446 1156 3500 Nonius:
1172 3449 1297 3502 Cribmm.

304 3533 309 3544 ·
360 3527 404 3580 ta,
419 3530 477 3585 qua
496 3515 597 3587 aliquid
615 3519 751 3572 imminere
764 3521 864 3594 signifi·
942 3524 1033 3576 LXIII.
1060 3526 1163 3578 Nonius
1184 3549 1190 3578 z
1215 3527 1410 3592 Armorum,

359 3609 430 3647 cant.
908 3615 1033 3654 avertere.
1046 3601 1148 3658 Nonius
1158 3605 1228 3678 ipae,
1239 3607 1350 3658 monna
1357 3623 1408 3675 pro

395 3673 636 3728 militarius:
646 3677 862 3750 Contemm'ficum
908 3684 1036 3734 monueris
1047 3684 1151 3756 accipit.
