2986 4924
337 480 398 547 186
646 477 683 540 A.
711 473 870 540 PERSll
895 475 1065 540 FLACCI

330 609 398 674 Gur
410 602 492 670 mihi
505 625 575 670 non
588 598 797 693 liceatjussit
807 597 1049 694 quodcumque
1060 599 1232 684 voluntas,
1296 657 1300 666 .

331 721 496 809 Excepto,
510 717 537 782 si
550 713 633 809 qnid
647 718 774 780 Masurl
786 710 919 779 rubrica
931 714 1077 779 vetavit?
1350 743 1385 795 9⁰
1481 709 1483 760 l

329 811 573 910 -Disce3setl
586 827 635 892 ira
648 823 747 892 cedat
758 847 842 892 naso
855 847 1045 917 rugosaque
1058 847 1185 907 sanna,
1483 817 1484 820 ¹

330 943 419 1005 Dum
431 953 561 1004 veteres
573 937 665 1002 avias
678 934 736 1002 tibi
749 932 791 1001 de
803 934 967 1027 pulmone
979 933 1115 1002 revello.

377 1053 451 1115 Non
464 1049 618 1140 praetorie
630 1063 702 1114 erat
713 1044 825 1114 stultis
837 1046 918 1115 dare
930 1049 1043 1114 tenuia
1056 1071 1171 1115 rerum

329 1143 582 1253 Officia‚atque
594 1179 694 1225 usum
706 1157 834 1250 rapidae
846 1159 1041 1249 permittere
1052 1161 1139 1226 vitae.

330 1268 530 1340 Sambucam
542 1271 641 1337 citius
653 1267 764 1335 caloni
776 1267 943 1361 aptaveris
956 1266 1036 1335 alto.

330 1383 402 1448 Stat
413 1398 530 1448 contra
543 1381 645 1460 ratio,
658 1392 692 1444 et
703 1395 868 1446 secretam
881 1381 999 1469 gannit
1009 1379 1044 1444 in
1056 1399 1192 1460 aurem,

329 1497 379 1560 Ne
390 1491 491 1560 liceat
501 1491 612 1559 facere
624 1489 869 1585 id‚quod,qois
881 1489 1011 1558 vitiabit
1021 1488 1164 1584 agendo.

329 1602 467 1671 Publica
477 1602 532 1671 lex
542 1603 720 1670 hominum
734 1617 923 1695 naturaque
934 1603 1084 1670 continet
1096 1601 1161 1669 hoc
1172 1599 1241 1684 fas,

330 1719 377 1784 Ut
387 1731 500 1783 teneat
511 1716 631 1783 vetitoa
641 1715 775 1782 inscitia
787 1709 906 1782 debilia
918 1731 1024 1782 actus.

328 1823 782 1908 Diluishelleborum,certo
793 1846 1007 1918 compescere
1018 1841 1145 1920 puncto
1337 1853 1384 1888 100

329 1936 470 2004 Nescius
482 1957 624 2004 examen
639 1963 646 2004 :
659 1953 751 2005 vetet
761 1936 827 2006 hoc
838 1953 962 2004 natura
972 1935 1142 2004 modendi.

329 2051 456 2115 Navem
469 2051 496 2114 si
509 2063 629 2140 poacat
640 2047 704 2115 eibi
716 2065 899 2142 peronatus
910 2065 1025 2116 arator

328 2157 476 2225 Lucileri
487 2157 596 2239 rudis,
609 2157 773 2226 exclamet
784 2157 956 2227 Melicerta
967 2167 1096 2251 perisse

328 2397 471 2478 proetoris
484 2396 564 2460 liber
577 2411 670 2480 atque
684 2400 745 2460 mei
758 2397 838 2480 juris
851 2397 951 2459 factus
965 2399 1089 2472 recessi,
1104 2417 1161 2458 cur
1175 2394 1253 2458 mihi
1267 2417 1336 2456 non
1349 2395 1386 2456 li·

327 2495 504 2574 ceetfaoem
513 2485 734 2580 quodcumque
743 2499 871 2560 suaserit
880 2497 1039 2572 voluntas,
1048 2497 1180 2579 exeeptis
1190 2495 1303 2572 modo,
1312 2515 1384 2578 que

263 2657 268 2668 ,
326 2608 433 2658 vetent
447 2597 602 2680 inscriptae
616 2599 717 2658 minio
728 2597 825 2677 leges,
838 2617 914 2678 quas
925 2596 1080 2656 Masurius
1091 2592 1384 2656 commentetur?-

325 2692 416 2752 Disoe
429 2693 535 2773 igitur,
545 2692 680 2752 liberum
690 2692 840 2774 essequirl
856 2694 909 2768 sit3
924 2691 975 2754 sed
990 2690 1178 2754 stomachari
1193 2690 1272 2753 nolis
1284 2705 1317 2752 et
1329 2708 1385 2750 ua·

326 2809 396 2848 sum
408 2789 543 2870 crispare
557 2809 672 2863 sanna,
687 2787 762 2848 dum
774 2786 832 2848 tibi
845 2789 1014 2869 opiniones
1025 2787 1118 2850 falsae
1129 2801 1160 2850 et
1170 2787 1266 2850 aniles
1276 2807 1315 2850 ex
1325 2785 1383 2848 ltoc

326 2882 450 2944 tumido
466 2897 590 2966 pectore
603 2903 702 2944 conor
716 2881 855 2944 evellent.

366 2977 416 3060 94.
437 2982 507 3042 Non
520 2979 581 3040 fuit
595 2981 736 3062 praetoris
751 2980 910 3062 insipienti
925 2980 999 3042 dare
1010 2981 1210 3064 sapientiam,
1223 3002 1296 3063 ques
1308 2981 1385 3043 sub-

327 3077 395 3138 tilia
409 3078 563 3139 discernat
579 3079 613 3137 in
633 3077 724 3138 rebus
739 3073 861 3153 officia,
878 3099 980 3161 neque
994 3079 1102 3162 inepto
1120 3079 1298 3162 permittere
1312 3081 1384 3140 vite

327 3176 477 3238 brevioris
493 3199 584 3240 usum
601 3199 609 3237 z
626 3176 773 3238 delicatas
791 3179 946 3240 sambucae
964 3177 1041 3239 fidet
1054 3179 1145 3238 citius
1163 3178 1384 3239 accommoda·

326 3276 406 3336 veris
417 3297 519 3338 crasso
531 3276 652 3338 caloni!
668 3277 738 3360 lpse
750 3279 835 3338 enim
847 3279 925 3338 ratio
937 3293 1092 3360 repugnat
1104 3280 1262 3359 tacitoque
1273 3277 1314 3338 ad
1328 3299 1383 3340 uu·

327 3391 374 3432 res
388 3371 503 3434 latratu
517 3371 680 3449 admouet,
698 3393 738 3432 ne
751 3373 899 3455 cuiqnam
913 3371 1013 3434 lacere
1027 3373 1059 3432 id
1076 3373 1181 3448 liceat,
1199 3373 1286 3454 quod
1302 3371 1384 3434 male

326 3469 471 3534 faciendo
486 3486 676 3555 corrumpat.
698 3473 764 3532 lloc
784 3471 918 3552 denique
939 3471 1105 3534 hominum
1123 3474 1268 3532 omnium
1287 3471 1384 3534 simul

327 3581 357 3630 ct
367 3581 487 3632 nature
498 3571 618 3652 legibus
632 3572 837 3634 constitutum
851 3572 1065 3654 sancitamque
1079 3584 1139 3645 eet,
1154 3585 1191 3632 ut
1203 3569 1325 3632 nullius
1339 3572 1383 3632 rei

327 3685 423 3749 capax
445 3668 565 3730 inscitia
586 3690 642 3752 pro
660 3670 761 3730 vetitis
782 3683 874 3752 etque
894 3669 954 3729 sibi
973 3669 1144 3730 interdictis
1161 3667 1276 3730 habeat
1296 3683 1383 3730 actm

328 3785 540 3849 quoscumque
554 3769 679 3830 nesciat.
695 3768 849 3832 Diluis-ne
864 3767 1058 3828 helleborum
1079 3769 1260 3850 egrotanti,
1282 3789 1383 3848 quum

327 3861 407 3925 nihil
425 3863 586 3941 didiceris,
606 3885 670 3945 quo
686 3877 806 3928 etnterae
824 3877 941 3946 puncto
961 3864 1091 3926 modum
1110 3878 1244 3928 statuere
1259 3864 1385 3926 doceat?

327 3960 471 4037 minime;
484 3974 566 4022 retat
576 3960 637 4022 hoc
649 3963 730 4023 ratio
743 3961 905 4027 medicine
917 3963 1001 4024 ortis.
1016 3963 1114 4044 Finge
1126 3983 1236 4024 navem
1250 3963 1313 4023 sibi
1329 3983 1382 4045 po-

327 4071 391 4120 scat
409 4057 575 4140 aagendam
593 4059 697 4120 crudis
715 4059 885 4142 peronibus
903 4059 1054 4122 calceatae
1071 4060 1226 4142 agricola,
1244 4060 1382 4121 siderum

327 4167 419 4236 atque
433 4157 525 4216 etiam
538 4156 673 4218 Luciferi
687 4157 789 4218 rutlis:
802 4159 952 4220 continuo
964 4156 1112 4220 exclamet
1123 4155 1198 4218 deus
1210 4158 1305 4220 maris
1318 4157 1382 4218 lile·
