3176 4954
371 525 434 602 412
602 519 638 580 c.
663 517 849 583 incisu
874 519 1168 584 FRAGMENTA

367 753 567 847 Hebessque
578 752 690 819 animo
700 750 782 818 mihi
792 647 975 818 admiidum
986 773 1138 820 caussam
1150 775 1288 845 gravem

366 872 467 948 Fore,
480 888 556 960 quae
566 887 621 931 me
632 862 675 930 ab
686 862 757 931 ullo
769 862 946 932 commodo
957 861 1102 930 abducat
1113 879 1182 932 tuo.

856 977 916 1039 Ill.

365 1088 431 1172 Qui
445 1084 527 1152 mihi
539 1101 702 1180 quantum
715 1099 767 1152 est
778 1087 866 1152 inter
876 1083 1062 1152 humanum
1075 1108 1180 1176 genus

364 1203 506 1280 Rerum,
519 1195 612 1292 quod
622 1199 708 1264 inter
719 1220 755 1264 se
766 1193 960 1288 conjungat,
972 1197 1208 1265 communicat.

856 1311 912 1374 lv.

365 1413 493 1508 Apollo’
503 1433 535 1484 st
548 1439 688 1499 nomen,
702 1419 761 1510 qui
772 1433 804 1484 te
815 1419 962 1512 antiquis
975 1441 1044 1486 non
1059 1421 1146 1486 sinet

364 1526 496 1596 Deliciis
508 1526 676 1596 maculam
687 1544 788 1623 atque
800 1530 1017 1620 ignominiam
1028 1530 1212 1620 imponere.

862 1642 903 1705 V.

410 1746 545 1842 Dejerat
556 1751 645 1818 enim
658 1751 845 1843 scripsisse,
860 1765 982 1842 etpost
992 1773 1061 1816 non
1071 1751 1275 1842 scripturum
1289 1746 1363 1816 redi
1375 1751 1417 1814 in

365 1863 623 1930 consortionem.

855 1977 911 2039 Vl.

410 2085 444 2150 Si
471 2087 621 2152 Socrates
646 2087 681 2152 in
707 2105 844 2167 umore,
867 2101 902 2150 et
927 2087 962 2151 in
983 2081 1240 2152 adolescentulis
1268 2080 1415 2150 meliore

363 2189 465 2284 paulo
490 2192 574 2260 facie
596 2197 721 2286 signat,
740 2192 892 2288 nihilque
911 2210 1047 2261 amaret.

847 2310 920 2372 Vll.

408 2417 452 2484 Et
462 2413 595 2482 amabat
606 2438 741 2483 omnes:
760 2439 840 2482 num
851 2412 1030 2482 discrimen
1047 2437 1116 2481 non
1128 2413 1223 2495 facit,
1239 2435 1353 2506 neque
1366 2413 1412 2478 si-

344 2579 347 2586 ,
365 2524 544 2620 griatlinea
555 2523 643 2592 alba.

839 2639 929 2701 Vlll.

366 2796 730 2816 ...........
756 2753 810 2815 Tu
822 2748 903 2843 quid
915 2751 973 2815 irae
986 2745 1139 2840 indulges
1150 2747 1272 2814 nimis?

363 2863 485 2926 Manus
499 2858 669 2926 amuliere
684 2857 851 2927 abstinere
866 2859 987 2928 melius
1002 2875 1062 2928 est.

396 3095 429 3146 11.
438 3094 559 3146 Nonius:
572 3094 664 3162 Grave,
675 3097 859 3150 necessarium.
905 3117 967 3151 nam
979 3110 1009 3150 ut
1018 3100 1153 3152 discrimen
1168 3095 1313 3166 confecit,
1327 3111 1417 3165 neque

362 3173 473 3244 Egregie
484 3171 525 3224 his
536 3173 653 3227 versibus
670 3177 790 3246 promitti
802 3196 862 3248 pos·
905 3177 990 3248 siqnat
1008 3176 1078 3228 linea
1097 3175 1172 3239 atta,
1191 3175 1227 3226 sic
1245 3173 1364 3225 Socrates
1383 3173 1414 3222 in

362 3254 396 3304 sit
413 3251 472 3318 ille,
489 3253 626 3326 quipoulo
646 3269 706 3326 post
723 3257 860 3328 sequitur,
905 3273 1012 3321 amore,
1036 3268 1062 3307 et
1081 3257 1109 3307 in
1132 3251 1330 3306 adolescentulis
1356 3269 1415 3302 me-

362 3332 390 3381 in
403 3331 494 3402 fragm.
504 3331 564 3383 XL:
581 3333 744 3388 «Facitorem
755 3353 797 3386 me
805 3335 860 3402 sibi,
906 3330 970 3384 licre
980 3333 1061 3405 poulo
1075 3333 1143 3400 facie
1158 3335 1243 3404 siqaat
1259 3328 1329 3382 nihil
1339 3331 1418 3402 quod

362 3411 488 3476 amicum,
498 3423 640 3465 amatorem
650 3426 752 3485 pates·
905 3421 1011 3463 amaret.
1021 3433 1032 3459 ι
1041 3412 1159 3463 Estenim
1166 3429 1197 3462 ex
1204 3409 1319 3460 Plutonis
1324 3407 1416 3460 Char-

398 3488 441 3539 111.
455 3491 575 3543 Nonium
592 3494 766 3566 Conjunqere‚
781 3512 862 3567 copu·
905 3489 991 3555 mide,
1008 3492 1036 3542 in
1051 3508 1104 3560 qao
1117 3491 1237 3541 Socrates
1252 3489 1290 3538 sit
1304 3505 1332 3538 se
1347 3505 1417 3556 erga

362 3566 432 3630 lore,
444 3566 595 3624 dictumest
607 3573 620 3623 ti
632 3573 706 3643 jugo.
905 3571 1037 3622 formosos
1051 3568 1232 3620 adolescentes
1245 3564 1356 3636 perinde
1370 3582 1418 3614 es-

398 3645 442 3696 lV.
460 3645 579 3699 Nonius:
592 3649 744 3722 [quominia
758 3663 796 3702 est
812 3668 862 3702 no-
905 3667 948 3712 se,
962 3658 993 3696 ut
1003 3651 1066 3703 lwttl
1080 3649 1167 3708 wilm
1179 3647 1201 3693 lv
1214 3655 1247 3710 τῷ
1262 3645 1327 3708 Μ
1340 3643 1416 3707 Met,

363 3723 440 3776 minis
449 3737 519 3777 nota.
905 3738 1046 3796 propterea
1072 3721 1143 3795 quod
1167 3729 1222 3774 non
1246 3720 1417 3772 discerneret

397 3803 430 3855 V.
443 3807 546 3858 Nonius
559 3826 565 3856 s
581 3807 728 3871 consortio,
742 3807 861 3858 feminiu.
905 3806 973 3856 inter
982 3803 1121 3868 formosos,
1132 3799 1179 3854 scd
1189 3817 1281 3852 omnes
1291 3815 1416 3868 exaequo

399 3884 441 3934 vl.
450 3884 553 3936 Nonius
563 3885 685 3958 :Siquam
696 3896 735 3936 est
745 3881 863 3951 designa·
907 3897 1013 3935 amaret.

363 3981 410 4030 rc,
436 3961 580 4016 ostendere.
608 3965 753 4016 Aristaeneti
778 3961 863 4015 editos
942 3963 999 4012 vlt.
1012 3961 1132 4012 Nouius:
1148 3957 1312 4023 nocrimen,
1330 3973 1417 4027 sepa·

365 4043 471 4116 quidam
496 4043 551 4096 huc
574 4063 633 4096 cum
655 4045 776 4114 sequenti
803 4041 863 4094 loco
908 4043 1019 4104 ratio,a
1040 4034 1222 4089 discernendo.
1243 4034 1318 4088 idem
1340 4057 1347 4086 ε
1369 4036 1417 4088 Si-

361 4122 496 4192 jungende
514 4135 593 4196 utque
611 4123 644 4175 od
663 4121 735 4175 hunc
753 4121 863 4173 modom
905 4135 1002 4192 quare,
1015 4116 1174 4178 discernere,
1185 4131 1322 4183 seperare.

364 4195 861 4269 legendscensot::Etamalatomness
943 4191 1415 4263 Vlll.Nonius:Iadalqere‚cugere.
