3038 4932
459 671 769 784 ·VARIAE
808 669 1246 789 LECTIONES

744 951 816 1030 nr
842 905 997 1030 nora

616 1189 666 1256 tn
690 1187 901 1256 sartnant
924 1187 1124 1258 SEXTAM.

816 1466 920 1479 m

352 1718 384 1755 na
395 1701 488 1754 &arna
496 1710 584 1749 ama.
593 1646 738 1745 Amana
745 1689 882 1742 infirmum
891 1687 1011 1742 libellum
1020 1687 1107 1744 sermo
1116 1693 1156 1744 De
1167 1711 1213 1746 m
1225 1693 1388 1746 divitiam:

353 1781 399 1854 qni
416 1778 506 1842 locus,
522 1787 552 1828 ut
565 1769 600 1824 ad
611 1787 777 1824 communem
792 1770 911 1822 omnium
920 1771 1001 1822 dmm
1014 1773 1144 1842 pertinet,
1159 1776 1197 1826 ita
1212 1773 1337 1826 omnibus
1349 1775 1390 1844 qui

349 1861 511 1931 scripserant
520 1851 554 1905 de
566 1852 669 1904 ratione
683 1847 800 1915 vivendi,
811 1849 895 1901 fuerat
909 1861 987 1902 antea
997 1863 1160 1904 attrectatus.
1172 1853 1255 1916 Nam,
1267 1865 1298 1904 nt
1311 1871 1364 1903 rem
1376 1870 1390 1901 a

350 1940 447 1994 creua
464 1948 629 2007 repetamus,
643 1950 658 1983 a
672 1929 768 2002 quibus
781 1931 867 1982 omnia
881 1928 956 1982 ducit
967 1932 1096 2002 originem
1112 1931 1297 2004 philosophia,
1312 1931 1391 1984 multa

351 2022 386 2075 de
408 2021 520 2073 fortune
536 2014 614 2067 bonis
635 2013 751 2083 pontici
767 2028 932 2083 praecepere,
957 2011 1033 2084 lyrici
1052 2012 1149 2081 multa,
1175 2015 1258 2067 multa
1277 2015 1391 2070 comici;

349 2101 427 2176 plura
438 2115 501 2151 vero
510 2107 537 2149 et
545 2095 665 2166 graviora
674 2093 787 2163 profecti
801 2110 816 2143 e
827 2092 941 2145 Socratis
954 2090 1044 2146 schola
1054 2095 1187 2166 sapientes
1203 2116 1209 2146 a
1225 2113 1339 2166 quorum
1350 2113 1392 2146 ra-

351 2183 403 2236 riaa
419 2177 516 2232 referre
527 2172 561 2224 de
573 2170 651 2223 bonis
664 2171 815 2242 opiniones,
827 2182 854 2222 et
869 2172 941 2222 varia
956 2189 1086 2242 exponere
1098 2171 1280 2224 doctrinarum
1291 2175 1391 2244 capita,

349 2277 405 2312 non
413 2269 454 2310 eat
460 2255 536 2308 istius
544 2265 621 2302 note.
632 2251 690 2302 Hoc
701 2267 783 2302 unum
794 2247 962 2320 colligamus,
974 2249 1097 2302 nonnihil
1107 2253 1251 2321 profecisse
1263 2249 1393 2323 ejusmodi

349 2334 572 2413 philosophorum
585 2331 776 2403 disputationes
790 2329 921 2383 admorsa
937 2329 1074 2382 hominum
1084 2331 1275 2384 informandos.
1290 2332 1393 2384 Grecos

351 2420 430 2482 enim,
442 2413 637 2486 presertimquc
651 2407 840 2475 Athenienses,
852 2407 988 2462 liberalem
999 2427 1053 2480 pre
1062 2412 1162 2462 ceteris
1176 2407 1325 2480 populum,
1341 2427 1393 2460 non

350 2493 455 2570 peredit
473 2493 542 2546 lucri
560 2508 648 2554 anor,
666 2506 719 2540 non
742 2505 773 2540 ea
790 2489 961 2558 inquinavere
980 2487 1104 2539 immania
1122 2489 1199 2552 vitia,
1217 2506 1274 2558 que
1294 2505 1327 2538 ex
1345 2489 1393 2538 isto

352 2595 442 2632 amore
453 2572 612 2627 derivantur.
627 2568 701 2620 Tulit
711 2569 831 2639 profecto
843 2585 934 2620 avaros
946 2579 973 2622 et
987 2566 1113 2639 prodigos
1123 2568 1238 2632 Gracia,
1250 2581 1277 2618 et
1290 2565 1393 2638 quidem

351 2655 462 2721 multos,
475 2665 505 2705 ut
518 2650 603 2704 omnia
615 2650 704 2718 regim
719 2649 834 2716 privatos
847 2665 909 2700 varo
924 2649 1105 2718 potiusquam
1118 2647 1342 2719 publicos'mores
1356 2649 1394 2698 in·

352 2737 414 2789 fecit
422 2731 529 2784 avaritia
536 2767 545 2794 ,
553 2741 599 2779 aut
608 2725 719 2795 stolidus
726 2725 797 2777 bons
809 2723 979 2796 disperdendi
989 2729 1076 2778 furor:
1085 2726 1186 2778 civibus
1193 2723 1265 2776 haud
1275 2727 1312 2777 ita
1322 2722 1395 2776 licuit

350 2832 407 2866 ease
425 2808 587 2863 immodestia
610 2809 638 2857 in
660 2804 819 2858 tenuissimis
840 2807 997 2859 civitatibus.
1015 2809 1054 2858 Ita
1071 2805 1245 2878 philosophiae
1263 2805 1393 2858 beneficio

351 2905 378 2945 et
390 2889 568 2962 paupertatis,
582 2886 703 2938 scientias
716 2884 816 2950 Graeci,
835 2898 903 2938 artes
917 2885 1076 2957 gloriamque
1091 2885 1239 2953 malebant,
1254 2905 1336 2958 quarn
1349 2881 1393 2956 pe·

351 2970 473 3030 cuniam;
487 2967 558 3020 unde
569 2968 709 3033 Horatius,
724 2969 751 3018 in
762 2965 880 3038 Epistola
893 2967 927 3019 ad
939 2969 1046 3020 Pisones
1058 2991 1065 3019 ε

538 3110 607 3155 Graiis
615 3110 740 3168 ingenium,
750 3111 821 3156 Graiis
832 3112 890 3156 dedit
899 3125 935 3156 ore
944 3113 1039 3157 rotundo

542 3181 602 3224 tinea
611 3179 683 3234 loqui,
692 3189 768 3236 preter
777 3179 875 3234 laudem,
886 3183 970 3225 nullius
978 3184 1065 3227 aruns:

538 3245 630 3306 bomani
638 3245 699 3302 pueri
711 3245 780 3303 longia
789 3246 910 3290 rationibus
918 3261 987 3291 artem

537 3312 626 3356 Discunt
636 3312 658 3354 in
668 3321 738 3370 partes
747 3322 838 3356 centum
846 3313 954 3358 diducere.

352 3441 456 3498 Scilicet
466 3445 521 3513 jam
534 3440 598 3494 inde
616 3441 650 3494 ab
667 3443 741 3494 initio
755 3440 871 3513 populns
887 3443 1021 3494 Romanus
1038 3445 1153 3494 assuevit
1163 3443 1238 3494 lucro
1252 3455 1278 3494 at
1297 3457 1391 3514 rapto,

316 3536 320 3544 ·
352 3524 398 3595 qui
411 3521 556 3572 vicinarum
567 3523 684 3591 gentium
698 3539 776 3594 opes,
787 3539 842 3572 non
855 3539 904 3593 per
915 3535 1019 3574 mutuas
1033 3521 1183 3573 commercii
1192 3523 1279 3588 vices,
1291 3521 1339 3573 sed
1348 3541 1393 3592 per

352 3601 490 3654 latrocinia
504 3612 549 3651 aut
561 3600 697 3672 vectigalia
709 3614 778 3654 totas
793 3602 827 3653 ad
841 3620 868 3654 se
882 3600 1004 3654 traheret.
1020 3602 1081 3672 Ipsa
1094 3600 1138 3653 illa
1151 3619 1228 3653 aurea
1243 3600 1394 3671 reipublice

352 3691 487 3750 tempora,
497 3695 553 3749 qnae
562 3690 649 3731 tantas
659 3681 770 3750 posteris
780 3698 886 3732 morere
898 3678 1098 3746 admirationes,
1107 3680 1176 3730 cives
1188 3675 1306 3730 habuere
1317 3676 1392 3730 rudes

352 3769 379 3808 ct
391 3753 519 3822 incultos,
534 3754 635 3808 sibimet
645 3757 679 3808 ad
693 3760 750 3811 ritae
763 3757 903 3810 commoda
915 3756 981 3810 nhil
992 3755 1173 3828 indulgentes,
1184 3758 1298 3808 immites
1316 3758 1392 3808 servis

352 3833 583 3906 debitoribusque,
596 3853 705 3908 rapaces
722 3837 808 3891 alieni.
826 3839 879 3909 lpsi
896 3837 934 3890 illi
949 3837 1062 3896 Fabricii
1081 3851 1107 3888 et
1122 3837 1210 3903 Curii,
1232 3837 1278 3908 qni
1302 3853 1393 3887 aurum

351 3913 449 3968 habere
459 3913 509 3967 sibi
518 3915 687 3984 recusabant,
702 3937 795 3970 anrtnn
805 3917 963 3970 habentibus
975 3921 1103 3989 imperare
1112 3917 1225 3968 manime
1237 3914 1390 3988 cupiebant.

351 3994 417 4060 Quae
427 3992 531 4046 tandem
543 3994 593 4044 tuit
604 3995 758 4065 ignobilium
769 3997 891 4061 avaritia,
907 4014 989 4067 quum
1002 3997 1040 4048 ita
1049 3995 1320 4065 sentirentgenerosil
1329 3997 1392 4062 Quae

352 4091 414 4124 vero
432 4091 489 4126 esse
507 4071 614 4141 debuit,
629 4075 675 4128 ubi
689 4075 794 4130 sublata
808 4090 847 4130 est
864 4076 985 4144 libertas,
1004 4095 1060 4149 quae
1076 4075 1199 4129 honestat
1216 4077 1298 4126 etiam
1312 4077 1391 4138 ritis,

353 4151 397 4203 ubi
407 4150 499 4204 divitiae
511 4155 538 4204 in
549 4153 648 4206 italum
661 4156 840 4208 confluxerunt
854 4175 882 4209 ex
895 4158 965 4206 omrai
980 4168 1053 4228 parte
1063 4155 1134 4207 orbis
1146 4153 1390 4220 terrarumiQnum
