3148 4950
410 483 475 554 506
625 486 686 550 DE
710 484 879 550 SATIRA
901 483 1231 550 ROMANORUM.

408 615 474 694 tur)
486 659 494 690 ,
507 605 696 701 hujusvero
704 605 888 678 admodum
901 633 1008 702 pauca
1018 613 1248 702 reperiantur,
1262 610 1432 681 omnishaec

408 722 604 814 disputatio,
629 723 783 816 quamvis
801 718 993 789 doctissima
1014 739 1047 790 et
1067 724 1347 814 ingeniosissima,
1364 748 1432 816 qne-

407 832 475 902 lem
495 831 563 900 Cel.
586 830 778 900 Eichstuedt
801 834 944 901 instituit
963 829 1079 925 (cujus
1101 836 1274 926 praecipua
1296 833 1360 900 fere
1377 857 1432 900 mo

408 960 521 1011 menta
532 967 574 1009 ex
584 945 761 1036 utriusque
772 941 896 1010 fabulae
906 959 1024 1012 exacta
1034 945 1268 1011 convenientia
1279 943 1432 1035 pendent),

408 1055 541 1120 incertis
555 1055 672 1120 nititur
684 1049 895 1143 conjecturis.
1083 1049 1086 1063 '

455 1167 621 1230 Caeterum
642 1160 828 1230 notandum
840 1163 940 1228 etiam
961 1177 1027 1243 est,
1048 1164 1175 1230 Graecis
1191 1161 1398 1255 scriptoribus
1408 1177 1433 1228 et

410 1276 568 1340 Romanis
587 1297 697 1366 neque
719 1288 907 1352 accuratas,
928 1289 966 1340 ut
984 1273 1096 1354 nobis,
1118 1274 1225 1341 fuisse
1244 1272 1432 1340 diversorum

409 1405 550 1475 poeseos
562 1407 724 1476 generum
738 1383 934 1463 divisiones,
950 1382 1055 1450 velex
1070 1398 1193 1450 natura
1204 1407 1335 1474 semper
1342 1379 1434 1473 cujus
1504 1399 1509 1410 ’
1525 1367 1526 1406 i

411 1516 477 1587 que
489 1496 622 1584 petitas,
635 1493 693 1560 sed
704 1517 793 1586 saepe
805 1517 825 1559 a
837 1509 943 1560 metro
954 1494 1062 1580 (unde
1074 1497 1182 1561 Iombt'
1192 1495 1286 1562 verbi
1295 1519 1321 1561 c.
1334 1493 1430 1577 dicti),

411 1601 1433 1696 velaliundedesumptaS,nequemoremlibrorumcumtitulis

411 1717 445 1781 in
457 1713 576 1805 vulgus
591 1714 859 1781 emittendorum.
873 1717 924 1782 Sic
939 1719 1066 1781 Horatii
1078 1719 1246 1798 carmina,
1262 1739 1335 1811 quae
1350 1713 1434 1804 vulgo

411 1823 520 1890 Satt'rae
541 1838 574 1890 et
592 1824 739 1917 Epr'stoloe
757 1821 982 1915 appellantur,
1004 1823 1139 1915 abipso
1158 1825 1291 1916 singula
1308 1825 1433 1916 primum
1525 1843 1526 1856 ¹

411 1933 454 2000 ad
485 1938 610 2000 amicos
643 1950 722 2000 sunt
749 1935 851 1998 missa
879 1950 913 1999 et
942 1932 1124 2000 admodum
1149 1937 1268 2026 paucis
1298 1933 1431 2011 recitata,

413 2041 534 2110 deinde
552 2066 630 2109 vero
650 2043 915 2108 aGrammaticis
935 2058 1007 2108 tum
1025 2045 1060 2109 in
1078 2042 1183 2110 libros
1198 2041 1335 2110 collecta
1351 2057 1433 2132 atque

413 2151 556 2244 digesta,
575 2168 648 2219 tum
669 2147 847 2219 Satirarum*
862 2151 916 2219 vel
934 2153 1123 2244 Ecloqarum
1142 2153 1197 2221 vel
1220 2155 1390 2222 &noenum
1407 2162 1432 2211 et

406 2263 627 2357 ‚Epistularum
646 2263 751 2330 titulis
773 2264 939 2355 insignita.
962 2269 1084 2331 Utrum
1106 2283 1139 2331 et
1159 2263 1328 2362 quomodo
1347 2265 1432 2326 Hora·

415 2375 481 2440 tius
502 2376 572 2466 ipse
594 2389 627 2440 et
645 2375 778 2440 Persius
799 2375 1037 2468 Juvenalisque
1058 2375 1161 2442 libros
1186 2398 1265 2441 suos
1286 2367 1432 2460 singulare

416 2487 564 2552 carmina
585 2489 653 2551 sive
670 2488 901 2577 inscripserint
923 2487 992 2552 sive
1013 2484 1231 2578 digesserint,
1252 2487 1431 2576 ignoramus,
1525 2539 1526 2590 r

418 2595 480 2682 (cf.
494 2620 567 2689 sup.
580 2601 666 2682 not)
684 2596 770 2664 lttud
785 2597 1041 2693 quoqueSatiroe
1055 2622 1180 2666 nomen
1193 2624 1214 2665 s
1227 2589 1432 2664 Grammaticis
1525 2591 1526 2608 ¹

418 2705 554 2774 demum
573 2706 712 2798 singulis
728 2711 872 2789 Horatii,
894 2710 996 2775 Persii
1015 2725 1048 2775 et
1064 2707 1236 2775 Juvenalis
1256 2699 1432 2774 carminibus

417 2817 561 2883 inditum
576 2833 644 2884 est:
661 2843 739 2885 nam
759 2815 840 2885 olim
854 2833 887 2884 et
905 2821 1050 2909 primum
1069 2822 1217 2912 integros
1230 2819 1395 2888 Satirarum
1406 2806 1433 2871 li·

419 2928 517 3012 bros,
543 2952 612 2995 non
635 2928 756 2996 horum
779 2929 903 2998 diversi
923 2935 1110 3024 argumenti
1131 2937 1310 3009 sectiones,
1332 2917 1433 3015 signifi-

420 3061 512 3105 oasse
535 3036 676 3106 videtur.
702 3039 824 3107 Iisdem
847 3064 982 3135 quoqne
1004 3046 1236 3111 Grammaticis
1263 3051 1433 3134 synonymae

416 3170 518 3215 voces
533 3147 625 3215 fuere
636 3154 733 3215 satira
746 3167 779 3218 et
794 3151 884 3232 libem
898 3149 1006 3219 Gellio
1018 3171 1108 3219 certe
1122 3156 1228 3221 Satira
1240 3147 1433 3217 varronisea·
1525 3151 1526 3212 i

421 3258 499 3326 dem
514 3265 539 3334 1,
564 3283 622 3340 22,
639 3265 738 3328 satira
758 3281 791 3329 et
808 3267 895 3370 XIII,
914 3286 972 3344 rr,
992 3265 1070 3329 lIber
1086 3261 1219 3332 dicitur.
1233 3259 1322 3330 Conf.
1339 3261 1431 3324 Horat.

422 3371 527 3460 Epist.
541 3375 570 3451 1,
591 3371 645 3450 13,
662 3376 692 3454 4.
1140 3395 1142 3398 ·
