2986 4924
361 457 410 520 tn
435 456 648 522 sauream
670 458 919 539 QUARTAM.
1100 462 1163 550 ιδῃ

111 602 172 638 runt
183 585 211 635 in
224 581 359 634 bonorem
370 599 419 634 aree
431 580 468 633 ibi
480 592 637 640 constructae
647 593 673 634 et
682 580 778 634 sacello
789 601 839 654 per
848 599 939 636 ornnes
951 598 1067 655 quatuor
1076 601 1164 656 partes

112 663 249 734 patentiu;
260 662 378 714 Gronov.
388 660 423 712 ad
432 659 499 712 Gell.
511 663 537 724 l,
551 678 594 712 aa.
605 659 645 712 lbi
655 677 730 716 sacra
740 659 838 714 fiebant
848 660 888 716 bis
898 679 984 726 ann03
994 663 1101 716 Sueten.
1112 664 1163 717 loc.

113 744 158 794 cit.
166 762 175 802 ς
184 743 294 811 Dionys.
302 741 348 803 lv,
360 739 399 805 td.
413 739 570 811 Compitalia
578 739 725 810 appellata3
737 739 804 792 Gell.
814 741 852 805 X,
864 743 906 808 nl.
918 741 972 792 lllis
982 740 1077 794 dicbus
1087 761 1165 795 omne

115 823 249 874 servitium
266 833 324 872 erat
343 819 490 880 sublatum
509 819 618 892 Dionys.
634 818 651 869 Ι.
667 839 707 881 c.;
721 819 820 872 Tibull.
836 822 876 887 ll,
894 839 925 890 73
942 821 1062 877 Macrob.
1077 825 1104 888 1,
1125 825 1165 890 ¹l·

115 904 198 954 Porro
209 919 267 952 mos
280 915 338 952 erat
352 898 424 970 apud
439 901 578 970 antiquos,
589 899 693 950 Graecos
705 900 883 971 Latinosque,
895 904 1012 974 utjuqa,
1025 903 1098 954 lestis
1110 901 1168 954 die·

115 979 183 1046 bos,
197 993 221 1030 et
233 979 330 1030 similia
344 977 543 1049 agricolationis
554 980 730 1032 instrumenta
741 979 975 1050 suspenderentur.
990 981 1068 1034 Unde
1082 1001 1167 1054 grece

115 1057 148 1121 rai
159 1057 274 1127 ipyetsa‘e
286 1057 421 1110 decollaret
434 1070 479 1108 aut
492 1055 675 1125 ὲνακμμῖίσθιι
684 1093 692 1122 ,
702 1055 878 1111 ιιηᾶεΤὶΙηιΙΙι
888 1057 978 1126 lib.ll,
987 1058 1053 1130 eleg.
1066 1059 1166 1132 1‚5sq.

319 1152 902 1211 lucesceret‚requietcathnmua,requiescataretor;

349 1223 375 1266 Et
382 1235 458 1278 gnte,
466 1235 568 1280 suspenso
575 1234 671 1268 vomere,
681 1227 748 1264 cesset
755 1232 817 1279 opus.

114 1306 263 1360 Confirmat
278 1306 335 1360 haec
350 1308 440 1359 omnia
453 1306 672 1377 interpretatione
687 1323 736 1358 sua
745 1317 820 1356 vetus
832 1303 1010 1356 scholiastes:
1028 1327 1039 1351 ι
1052 1307 1170 1377 Compita

115 1399 178 1437 sunt
191 1385 254 1438 loca
266 1388 294 1438 in
310 1385 451 1458 quadriviis
465 1387 543 1457 quasi
556 1399 659 1451 turres,
678 1384 725 1436 ubi
739 1383 886 1450 sacrificia,
901 1383 976 1435 finita
992 1384 1168 1454 agricultura,

114 1467 210 1532 rustici
231 1465 414 1518 celebrabant.
437 1466 533 1532 Merito
549 1477 669 1537 pertusa,
691 1465 752 1536 quia
769 1483 818 1535 per
835 1482 928 1516 omnes
948 1477 1065 1535 quatuor
1081 1477 1174 1535 partes,

114 1557 227 1615 pateant
243 1547 285 1610 vel
302 1559 420 1610 vetusta,
433 1545 474 1597 vel
492 1547 615 1614 compita.
638 1546 700 1596 Non
718 1544 805 1596 solum
821 1546 925 1596 suntin
938 1543 1011 1595 Urbe
1027 1542 1103 1611 loca,
1122 1543 1170 1596 sed

116 1626 195 1674 etiarn
209 1625 261 1674 viae
275 1624 389 1694 publicat
403 1641 435 1676 oc
447 1623 602 1676 diverticula
616 1623 766 1694 aliquorum
781 1622 943 1688 confinium,
959 1625 1060 1674 emeriti
1073 1637 1100 1676 et
1114 1623 1170 1675 ela·

116 1701 202 1756 borati
219 1708 309 1775 operia
321 1704 479 1756 indiciunm
503 1705 596 1775 ltaque
614 1705 680 1756 uerti
698 1724 704 1754 a
726 1706 812 1773 equi,
830 1705 1046 1776 quandocumque
1064 1705 1172 1755 redeunt

118 1782 278 1856 Compitalia
285 1785 357 1856 festa
363 1821 373 1849 ,
386 1783 457 1836 etad
470 1803 528 1836 aras
538 1782 698 1856 Compitales
708 1783 886 1855 undequaque
898 1798 1003 1854 apertas
1012 1786 1078 1854 juga
1089 1785 1176 1853 botrin¹

116 1861 271 1934 suspendit.
281 1901 288 1914 .
298 1903 304 1913 .
314 1901 319 1914 .
331 1887 343 1910 s
360 1862 526 1920 probabilior
542 1881 573 1918 ea
589 1861 655 1914 mihi
667 1863 725 1916 visa
741 1876 781 1914 est
797 1863 998 1934 interpretatio,
1016 1881 1096 1935 quarn
1114 1881 1171 1934 qnae

116 1942 218 1994 Prataeo
234 1941 367 2014 probatur
383 1942 501 2014 aliisque.

149 2109 211 2155 Vn.
229 2125 267 2170 ²9·
286 2129 298 2150 ι
306 2106 401 2155 Serioloe
411 2117 509 2154 veterem
520 2117 622 2154 menaeus
633 2108 741 2154 deradere
753 2107 838 2154 lamam.
850 2133 882 2145 -··
891 2108 970 2154 Edunt
978 2107 1099 2165 nonnulli,
1112 2109 1180 2154 inter.

121 2193 180 2245 qnos
191 2181 307 2234 Pntaeus,
323 2183 417 2235 neunt,
429 2179 494 2242 quod
508 2191 531 2224 et
542 2177 630 2224 babent
640 2177 716 2223 MMS.
729 2177 803 2224 Codd.

155 2288 223 2342 Nor.
252 2306 294 2357 ²9·
317 2285 444 2340 «Seriolae
459 2299 565 2340 veterem
580 2297 696 2338 metuens
707 2285 829 2338 deradere
843 2285 947 2337 limum.
964 2313 1001 2326 -
1017 2284 1140 2345 Serioloe‚·
1159 2304 1174 2336 a

121 2369 196 2434 tene,
214 2386 272 2439 quac
283 2387 328 2420 vas
339 2381 379 2419 est
389 2365 482 2434 fictile,
495 2363 641 2438 oblongum
654 2380 680 2421 et
689 2365 867 2431 ventriosum,
880 2367 957 2416 vat-iae
968 2363 1173 2434 magnitudinis,

122 2447 198 2510 aino,
211 2447 272 2498 oleo
285 2447 397 2516 aliisque
409 2446 488 2498 rebus
500 2443 666 2498 continendis
677 2463 706 2498 ac
717 2444 859 2496 servandis.
874 2445 1070 2495 Deminutivum
1081 2441 1175 2496 seriola

123 2525 183 2597 plns
192 2526 235 2578 bic
245 2526 328 2579 babet
339 2529 499 2578 festivitatis.
509 2554 546 2566 -
557 2526 583 2580 V
581 2536 688 2586 eterem‚·
698 2543 751 2596 qua
761 2524 856 2594 perdiu
864 2522 947 2574 homo
958 2521 1081 2576 sordidus
1091 2521 1174 2574 absti-

122 2619 231 2672 nuerat,
243 2609 279 2659 ita
290 2621 319 2660 ut
330 2609 420 2658 vinutn
433 2618 580 2670 acesceret,
593 2604 665 2655 unde
677 2605 746 2655 infra
759 2602 841 2655 dicit:
850 2603 946 2676 fecem
959 2603 1092 2653 morientis
1100 2600 1175 2652 aceti.

122 2712 157 2723 -
170 2685 291 2736 Metuens
303 2685 423 2737 &redere
436 2684 527 2736 limum
537 2705 547 2744 ‚·
559 2682 661 2735 scilicet
675 2682 787 2753 picerel
804 2681 878 2748 luto,
895 2681 969 2754 quod
985 2681 1028 2733 hic
1044 2693 1122 2732 vocat
1138 2679 1174 2731 li·

123 2781 194 2814 mum
203 2765 324 2831 Persius,
335 2763 407 2816 dolia
417 2778 443 2816 et
452 2781 515 2814 vasa
524 2763 624 2813 vinaria
637 2761 845 2828 obturabantur,
856 2774 902 2813 aut
911 2760 1071 2813 linebantur.
1083 2761 1174 2812 Horat.

124 2839 169 2894 lib.
181 2843 208 2908 l,
221 2843 273 2896 Od.
289 2862 336 2910 ao,
353 2862 362 2896 1
376 2862 434 2914 sqq.

370 2938 723 2994 Vilepotabismodicissabinum

369 3005 493 3056 cantharis.
501 3018 570 3060 grece
577 3007 636 3062 quod
643 3019 683 3061 eqo
690 3005 735 3062 ipse
744 3013 799 3052 tetta

370 3073 489 3115 Conditunt
497 3074 546 3114 leui.

124 3157 266 3210 Picationis
277 3158 335 3226 ejus
350 3169 477 3208 testarum
491 3157 579 3207 varios
594 3154 689 3206 modos
701 3153 856 3208 describunt
870 3153 1034 3220 Columella,
1049 3152 1095 3204 lib.
1111 3154 1159 3204 ΧΗ
1167 3191 1175 3220 ,

128 3238 171 3299 18,
187 3235 221 3302 4,
240 3235 350 3306 aliique.
365 3237 472 3288 Testem
489 3236 568 3304 igitur
584 3233 617 3286 ad
634 3233 779 3286 bibendum
795 3237 900 3306 aperire
916 3233 1013 3286 dicitur
1025 3231 1111 3305 picem
1128 3243 1176 3282 aut

126 3313 218 3367 dmum
235 3315 372 3379 deradere,
386 3328 432 3368 aut
450 3315 605 3386 simpliciter
619 3323 709 3366 testam
724 3313 840 3366 relinere.
855 3316 961 3366 Terent.
976 3314 1109 3364 Heauton.
1123 3311 1176 3376 lll,

129 3411 137 3446 Ι
187 3411 214 3446 1:
560 3407 566 3415 ’

145 3433 154 3462 l
166 3394 182 3447 5
372 3466 446 3518 lieleul
453 3465 528 3508 omnia
535 3464 605 3518 dolia,
615 3468 785 3514 onnneuerlas.¹

127 3548 254 3600 lleredere
268 3546 363 3601 limum
377 3557 503 3613 veterent,
519 3547 626 3619 qnidam
637 3565 693 3598 non
704 3558 811 3597 vertunt
822 3557 931 3597 emerem
945 3543 1037 3596 seriem
1053 3542 1175 3610 relinere,

127 3627 172 3679 ted
185 3625 340 3698 intelligunt
350 3625 384 3678 de
396 3627 476 3693 seria,
489 3625 572 3678 burno
588 3625 708 3678 demersa
720 3627 748 3676 in
760 3623 882 3690 cellario,
896 3642 977 3695 quam
990 3641 1099 3674 necesse
1111 3623 1178 3689 fuit,

129 3720 269 3781 antequam
288 3707 459 3774 relineretur,
477 3725 590 3778 purgare
609 3705 741 3758 sordibus.
762 3705 814 3757 Alii
831 3704 923 3756 limum
939 3703 1033 3755 volunt
1050 3721 1108 3755 esse
1122 3703 1177 3754 vini

128 3787 215 3840 fecem
228 3788 357 3859 reliquam
367 3807 399 3839 ac
409 3787 508 3840 diodus
519 3801 663 3852 servatam,
674 3805 730 3859 quae
740 3804 812 3837 nnnc
821 3783 929 3837 deseris
938 3783 1084 3836 derudatur.
1095 3781 1177 3832 Panlo

132 3880 189 3920 sunt
199 3869 384 3940 exquisitiores
395 3867 424 3920 bi
435 3887 538 3922 sensus.

163 3981 231 4034 Nor.
249 3981 295 4034 30.
313 3981 450 4055 eluqeenit
458 3983 517 4034 Hoc
525 3978 595 4036 bene
605 3980 651 4033 sitl
667 3979 812 4034 tunicatum
824 3997 884 4032 cum
896 3975 949 4030 sele
959 3974 1078 4030 mordens
1093 3972 1175 4043 Coepe·

132 4085 166 4100 ·-
176 4061 308 4136 Ingemit,
322 4065 455 4116 cornicum
468 4061 522 4114 hoc
538 4059 638 4114 indicat
653 4060 781 4128 verbum,
795 4077 874 4132 mam
889 4056 1010 4110 lubenter
1023 4052 1081 4104 litet
1094 4049 1176 4105 horno

134 4140 262 4196 sordidus.
275 4143 445 4198 constructio
455 4157 496 4198 est
506 4166 513 4195 ε
523 4143 634 4216 iupemit
641 4141 694 4205 boe
705 4142 775 4196 bene
786 4143 819 4195 tit
828 4162 836 4204 ς
846 4139 894 4192 ltoc
903 4141 931 4190 in
941 4134 1091 4200 causativo,
1103 4128 1176 4203 quod
