<?xml version="1.0" encoding="UTF-8"?>
<!DOCTYPE html PUBLIC "-//W3C//DTD XHTML 1.0 Transitional//EN"
    "http://www.w3.org/TR/xhtml1/DTD/xhtml1-transitional.dtd">
<html xmlns="http://www.w3.org/1999/xhtml" xml:lang="en" lang="en">
 <head>
  <title>
</title>
<meta http-equiv="Content-Type" content="text/html;charset=utf-8" />
  <meta name='ocr-system' content='tesseract 3.04.00' />
  <meta name='ocr-capabilities' content='ocr_page ocr_carea ocr_par ocr_line ocrx_word'/>
</head>
<body>
  <div class='ocr_page' id='page_1' title='image "./sexdecimsatir00lemagoog_0571.png"; bbox 0 0 3116 4934; ppageno 0'>
   <div class='ocr_carea' id='block_1_1' title="bbox 482 317 1257 420">
    <p class='ocr_par' dir='ltr' id='par_1_1' title="bbox 482 317 1257 420">
     <span class='ocr_line' id='line_1_1' title="bbox 482 317 1257 420; baseline 0.001 -37"><span class='ocrx_word' id='word_1_1' title='bbox 482 327 489 356; x_wconf 60' lang='lat'><em>2</em></span> <span class='ocrx_word' id='word_1_2' title='bbox 608 317 854 385; x_wconf 78' lang='lat' dir='ltr'>sersrons.</span> <span class='ocrx_word' id='word_1_3' title='bbox 1193 331 1257 420; x_wconf 78' lang='lat'>55,</span> 
     </span>
    </p>
   </div>
   <div class='ocr_carea' id='block_1_2' title="bbox 194 444 1330 4038">
    <p class='ocr_par' dir='ltr' id='par_1_2' title="bbox 194 444 1330 4038">
     <span class='ocr_line' id='line_1_2' title="bbox 209 444 1260 533; baseline 0.012 -26"><span class='ocrx_word' id='word_1_4' title='bbox 209 447 396 523; x_wconf 77' lang='lat' dir='ltr'>redolentia,</span> <span class='ocrx_word' id='word_1_5' title='bbox 411 459 440 506; x_wconf 93' lang='lat' dir='ltr'>et</span> <span class='ocrx_word' id='word_1_6' title='bbox 453 465 522 527; x_wconf 81' lang='lat' dir='ltr'>quae</span> <span class='ocrx_word' id='word_1_7' title='bbox 544 444 601 504; x_wconf 89' lang='lat' dir='ltr'>nisi</span> <span class='ocrx_word' id='word_1_8' title='bbox 618 444 760 525; x_wconf 79' lang='lat' dir='ltr'><strong>legissent</strong></span> <span class='ocrx_word' id='word_1_9' title='bbox 774 447 847 506; x_wconf 87' lang='lat' dir='ltr'>novi</span> <span class='ocrx_word' id='word_1_10' title='bbox 868 448 1047 531; x_wconf 80' lang='lat' dir='ltr'>interpretes</span> <span class='ocrx_word' id='word_1_11' title='bbox 1066 454 1175 533; x_wconf 89' lang='lat' dir='ltr'>Persii,</span> <span class='ocrx_word' id='word_1_12' title='bbox 1195 480 1260 520; x_wconf 88' lang='lat' dir='ltr'>non</span> 
     </span>
     <span class='ocr_line' id='line_1_3' title="bbox 208 539 1260 636; baseline 0.009 -33"><span class='ocrx_word' id='word_1_13' title='bbox 208 565 306 626; x_wconf 84' lang='lat' dir='ltr'>pauca</span> <span class='ocrx_word' id='word_1_14' title='bbox 328 545 361 601; x_wconf 90' lang='lat' dir='ltr'>in</span> <span class='ocrx_word' id='word_1_15' title='bbox 384 540 448 623; x_wconf 88' lang='lat' dir='ltr'>ejus</span> <span class='ocrx_word' id='word_1_16' title='bbox 467 539 571 601; x_wconf 90' lang='lat' dir='ltr'>libello</span> <span class='ocrx_word' id='word_1_17' title='bbox 593 543 802 620; x_wconf 78' lang='lat' dir='ltr'>ignorassent3</span> <span class='ocrx_word' id='word_1_18' title='bbox 824 543 875 604; x_wconf 87' lang='lat' dir='ltr'>sed</span> <span class='ocrx_word' id='word_1_19' title='bbox 899 545 1059 608; x_wconf 85' lang='lat' dir='ltr'>incudem</span> <span class='ocrx_word' id='word_1_20' title='bbox 1081 551 1113 610; x_wconf 94' lang='lat' dir='ltr'>id</span> <span class='ocrx_word' id='word_1_21' title='bbox 1135 575 1260 636; x_wconf 82' lang='lat' dir='ltr'>quoque</span> 
     </span>
     <span class='ocr_line' id='line_1_4' title="bbox 208 638 1258 733; baseline 0.008 -33"><span class='ocrx_word' id='word_1_22' title='bbox 208 640 367 715; x_wconf 86' lang='lat' dir='ltr'>offendes,</span> <span class='ocrx_word' id='word_1_23' title='bbox 387 639 512 700; x_wconf 87' lang='lat' dir='ltr'>indocta</span> <span class='ocrx_word' id='word_1_24' title='bbox 533 638 649 713; x_wconf 86' lang='lat' dir='ltr'>multa,</span> <span class='ocrx_word' id='word_1_25' title='bbox 665 653 695 698; x_wconf 89' lang='lat' dir='ltr'>et</span> <span class='ocrx_word' id='word_1_26' title='bbox 718 642 833 722; x_wconf 85' lang='lat' dir='ltr'>inepta.</span> <span class='ocrx_word' id='word_1_27' title='bbox 852 642 968 702; x_wconf 82' lang='lat' dir='ltr'><strong>Accidit</strong></span> <span class='ocrx_word' id='word_1_28' title='bbox 988 648 1071 706; x_wconf 88' lang='lat' dir='ltr'>enirn</span> <span class='ocrx_word' id='word_1_29' title='bbox 1090 647 1152 725; x_wconf 88' lang='lat' dir='ltr'>illi,</span> <span class='ocrx_word' id='word_1_30' title='bbox 1173 653 1258 733; x_wconf 90' lang='lat' dir='ltr'>quod</span> 
     </span>
     <span class='ocr_line' id='line_1_5' title="bbox 207 737 1258 815; baseline 0.011 -17"><span class='ocrx_word' id='word_1_31' title='bbox 207 741 326 799; x_wconf 78' lang='lat' dir='ltr'>Asconii</span> <span class='ocrx_word' id='word_1_32' title='bbox 341 737 485 811; x_wconf 82' lang='lat' dir='ltr'>Pediani,</span> <span class='ocrx_word' id='word_1_33' title='bbox 505 738 634 811; x_wconf 84' lang='lat' dir='ltr'>Donati,</span> <span class='ocrx_word' id='word_1_34' title='bbox 652 739 763 815; x_wconf 85' lang='lat' dir='ltr'>Servii,</span> <span class='ocrx_word' id='word_1_35' title='bbox 780 738 913 815; x_wconf 76' lang='lat' dir='ltr'>Placidi,</span> <span class='ocrx_word' id='word_1_36' title='bbox 929 742 1104 805; x_wconf 84' lang='lat' dir='ltr'>stallorum</span> <span class='ocrx_word' id='word_1_37' title='bbox 1121 763 1258 810; x_wconf 87' lang='lat' dir='ltr'>veterum</span> 
     </span>
     <span class='ocr_line' id='line_1_6' title="bbox 207 836 1257 917; baseline 0.012 -23"><span class='ocrx_word' id='word_1_38' title='bbox 207 837 443 896; x_wconf 88' lang='lat' dir='ltr'>commentariis.</span> <span class='ocrx_word' id='word_1_39' title='bbox 464 836 604 894; x_wconf 88' lang='lat' dir='ltr'>Primum</span> <span class='ocrx_word' id='word_1_40' title='bbox 620 837 703 895; x_wconf 89' lang='lat' dir='ltr'>enim</span> <span class='ocrx_word' id='word_1_41' title='bbox 722 837 882 917; x_wconf 88' lang='lat' dir='ltr'>imperitos</span> <span class='ocrx_word' id='word_1_42' title='bbox 897 837 1038 901; x_wconf 80' lang='lat' dir='ltr'>librarios</span> <span class='ocrx_word' id='word_1_43' title='bbox 1051 858 1177 905; x_wconf 87' lang='lat' dir='ltr'>nactum</span> <span class='ocrx_word' id='word_1_44' title='bbox 1195 861 1257 908; x_wconf 89' lang='lat' dir='ltr'>est:</span> 
     </span>
     <span class='ocr_line' id='line_1_7' title="bbox 207 931 1257 1018; baseline 0.01 -24"><span class='ocrx_word' id='word_1_45' title='bbox 207 933 291 1016; x_wconf 93' lang='lat' dir='ltr'>quod</span> <span class='ocrx_word' id='word_1_46' title='bbox 306 955 402 1014; x_wconf 77' lang='lat' dir='ltr'>genus</span> <span class='ocrx_word' id='word_1_47' title='bbox 415 931 492 992; x_wconf 90' lang='lat' dir='ltr'>nihil</span> <span class='ocrx_word' id='word_1_48' title='bbox 506 953 571 992; x_wconf 91' lang='lat' dir='ltr'>non</span> <span class='ocrx_word' id='word_1_49' title='bbox 583 953 777 1014; x_wconf 89' lang='lat' dir='ltr'>corrumpere</span> <span class='ocrx_word' id='word_1_50' title='bbox 790 933 874 994; x_wconf 87' lang='lat' dir='ltr'>solet.</span> <span class='ocrx_word' id='word_1_51' title='bbox 889 936 1008 997; x_wconf 84' lang='lat' dir='ltr'>Deinde</span> <span class='ocrx_word' id='word_1_52' title='bbox 1020 942 1074 1018; x_wconf 92' lang='lat' dir='ltr'>qui</span> <span class='ocrx_word' id='word_1_53' title='bbox 1090 940 1257 1006; x_wconf 72' lang='lat' dir='ltr'>describere</span> 
     </span>
     <span class='ocr_line' id='line_1_8' title="bbox 208 1029 1255 1114; baseline 0.011 -25"><span class='ocrx_word' id='word_1_54' title='bbox 208 1044 424 1114; x_wconf 78' lang='lat' dir='ltr'>properantes,</span> <span class='ocrx_word' id='word_1_55' title='bbox 450 1030 588 1089; x_wconf 85' lang='lat' dir='ltr'>laborem</span> <span class='ocrx_word' id='word_1_56' title='bbox 611 1029 772 1109; x_wconf 81' lang='lat' dir='ltr'>fugiebant</span> <span class='ocrx_word' id='word_1_57' title='bbox 797 1043 899 1090; x_wconf 90' lang='lat' dir='ltr'>totum</span> <span class='ocrx_word' id='word_1_58' title='bbox 921 1031 1130 1111; x_wconf 88' lang='lat' dir='ltr'>describendi,</span> <span class='ocrx_word' id='word_1_59' title='bbox 1158 1040 1255 1100; x_wconf 88' lang='lat' dir='ltr'>multa</span> 
     </span>
     <span class='ocr_line' id='line_1_9' title="bbox 206 1123 1257 1210; baseline 0.009 -24"><span class='ocrx_word' id='word_1_60' title='bbox 206 1141 441 1186; x_wconf 86' lang='lat' dir='ltr'>contraxerunt:</span> <span class='ocrx_word' id='word_1_61' title='bbox 457 1140 607 1209; x_wconf 87' lang='lat' dir='ltr'>postremo</span> <span class='ocrx_word' id='word_1_62' title='bbox 624 1145 688 1185; x_wconf 89' lang='lat' dir='ltr'>non</span> <span class='ocrx_word' id='word_1_63' title='bbox 708 1123 889 1198; x_wconf 88' lang='lat' dir='ltr'>defuerunt,</span> <span class='ocrx_word' id='word_1_64' title='bbox 910 1130 963 1206; x_wconf 93' lang='lat' dir='ltr'>qui</span> <span class='ocrx_word' id='word_1_65' title='bbox 983 1129 1117 1210; x_wconf 89' lang='lat' dir='ltr'>plurima</span> <span class='ocrx_word' id='word_1_66' title='bbox 1135 1133 1257 1196; x_wconf 88' lang='lat' dir='ltr'>inferci-</span> 
     </span>
     <span class='ocr_line' id='line_1_10' title="bbox 206 1221 1255 1310; baseline 0.01 -27"><span class='ocrx_word' id='word_1_67' title='bbox 206 1239 290 1299; x_wconf 88' lang='lat' dir='ltr'>rent,</span> <span class='ocrx_word' id='word_1_68' title='bbox 305 1224 507 1305; x_wconf 84' lang='lat' dir='ltr'>inprimisque</span> <span class='ocrx_word' id='word_1_69' title='bbox 525 1221 584 1298; x_wconf 93' lang='lat' dir='ltr'>illi,</span> <span class='ocrx_word' id='word_1_70' title='bbox 601 1223 713 1302; x_wconf 88' lang='lat' dir='ltr'>qulbus</span> <span class='ocrx_word' id='word_1_71' title='bbox 727 1223 899 1284; x_wconf 87' lang='lat' dir='ltr'>doctissima</span> <span class='ocrx_word' id='word_1_72' title='bbox 915 1230 1086 1304; x_wconf 80' lang='lat' dir='ltr'>enarratio,</span> <span class='ocrx_word' id='word_1_73' title='bbox 1108 1251 1176 1310; x_wconf 82' lang='lat' dir='ltr'>quae</span> <span class='ocrx_word' id='word_1_74' title='bbox 1193 1231 1255 1292; x_wconf 86' lang='lat' dir='ltr'>for·</span> 
     </span>
     <span class='ocr_line' id='line_1_11' title="bbox 205 1321 1255 1409; baseline 0.009 -26"><span class='ocrx_word' id='word_1_75' title='bbox 205 1338 281 1384; x_wconf 90' lang='lat' dir='ltr'>tasse</span> <span class='ocrx_word' id='word_1_76' title='bbox 303 1345 361 1404; x_wconf 93' lang='lat' dir='ltr'>pro</span> <span class='ocrx_word' id='word_1_77' title='bbox 383 1337 503 1384; x_wconf 80' lang='lat' dir='ltr'>vetusto</span> <span class='ocrx_word' id='word_1_78' title='bbox 526 1342 610 1382; x_wconf 90' lang='lat' dir='ltr'>more</span> <span class='ocrx_word' id='word_1_79' title='bbox 633 1321 825 1382; x_wconf 88' lang='lat' dir='ltr'>breviuscula</span> <span class='ocrx_word' id='word_1_80' title='bbox 849 1337 935 1397; x_wconf 87' lang='lat' dir='ltr'>erat,</span> <span class='ocrx_word' id='word_1_81' title='bbox 956 1323 994 1383; x_wconf 89' lang='lat' dir='ltr'>ad</span> <span class='ocrx_word' id='word_1_82' title='bbox 1020 1327 1255 1409; x_wconf 77' lang='lat' dir='ltr'>intelligendum</span> 
     </span>
     <span class='ocr_line' id='line_1_12' title="bbox 206 1419 1255 1507; baseline 0.009 -28"><span class='ocrx_word' id='word_1_83' title='bbox 206 1435 328 1502; x_wconf 90' lang='lat' dir='ltr'>poetam</span> <span class='ocrx_word' id='word_1_84' title='bbox 348 1421 512 1480; x_wconf 86' lang='lat' dir='ltr'>obscurum</span> <span class='ocrx_word' id='word_1_85' title='bbox 529 1433 558 1478; x_wconf 91' lang='lat' dir='ltr'>et</span> <span class='ocrx_word' id='word_1_86' title='bbox 572 1419 796 1478; x_wconf 86' lang='lat' dir='ltr'>tenebricosum</span> <span class='ocrx_word' id='word_1_87' title='bbox 815 1420 944 1478; x_wconf 86' lang='lat' dir='ltr'>minime</span> <span class='ocrx_word' id='word_1_88' title='bbox 959 1421 1149 1500; x_wconf 58' lang='lat' dir='ltr'>sufficiebam</span> <span class='ocrx_word' id='word_1_89' title='bbox 1164 1441 1255 1507; x_wconf 85' lang='lat' dir='ltr'>atque</span> 
     </span>
     <span class='ocr_line' id='line_1_13' title="bbox 205 1514 1254 1599; baseline 0.008 -23"><span class='ocrx_word' id='word_1_90' title='bbox 205 1519 246 1576; x_wconf 89' lang='lat' dir='ltr'>ita</span> <span class='ocrx_word' id='word_1_91' title='bbox 262 1537 327 1576; x_wconf 94' lang='lat' dir='ltr'>non</span> <span class='ocrx_word' id='word_1_92' title='bbox 342 1537 438 1598; x_wconf 88' lang='lat' dir='ltr'>pauca</span> <span class='ocrx_word' id='word_1_93' title='bbox 457 1514 676 1596; x_wconf 87' lang='lat' dir='ltr'>interjecerunt</span> <span class='ocrx_word' id='word_1_94' title='bbox 689 1529 719 1575; x_wconf 90' lang='lat' dir='ltr'>et</span> <span class='ocrx_word' id='word_1_95' title='bbox 733 1535 786 1575; x_wconf 88' lang='lat' dir='ltr'>sua</span> <span class='ocrx_word' id='word_1_96' title='bbox 806 1530 835 1574; x_wconf 92' lang='lat' dir='ltr'>et</span> <span class='ocrx_word' id='word_1_97' title='bbox 853 1516 953 1576; x_wconf 89' lang='lat' dir='ltr'>aliena</span> <span class='ocrx_word' id='word_1_98' title='bbox 973 1519 1112 1599; x_wconf 88' lang='lat' dir='ltr'>nudique</span> <span class='ocrx_word' id='word_1_99' title='bbox 1127 1522 1254 1584; x_wconf 91' lang='lat' dir='ltr'>collecta</span> 
     </span>
     <span class='ocr_line' id='line_1_14' title="bbox 204 1611 1254 1702; baseline 0.006 -27"><span class='ocrx_word' id='word_1_100' title='bbox 204 1614 366 1675; x_wconf 85' lang='lat' dir='ltr'>doctorum</span> <span class='ocrx_word' id='word_1_101' title='bbox 383 1613 564 1688; x_wconf 86' lang='lat' dir='ltr'>hominum,</span> <span class='ocrx_word' id='word_1_102' title='bbox 586 1611 847 1694; x_wconf 86' lang='lat' dir='ltr'>indoctorumque</span> <span class='ocrx_word' id='word_1_103' title='bbox 863 1611 990 1674; x_wconf 85' lang='lat' dir='ltr'>scholia.</span> <span class='ocrx_word' id='word_1_104' title='bbox 1009 1616 1055 1676; x_wconf 92' lang='lat' dir='ltr'>Sic</span> <span class='ocrx_word' id='word_1_105' title='bbox 1072 1638 1135 1678; x_wconf 90' lang='lat' dir='ltr'>nou</span> <span class='ocrx_word' id='word_1_106' title='bbox 1156 1622 1254 1702; x_wconf 76' lang='lat' dir='ltr'>magis</span> 
     </span>
     <span class='ocr_line' id='line_1_15' title="bbox 204 1710 1255 1792; baseline 0.01 -21"><span class='ocrx_word' id='word_1_107' title='bbox 204 1715 293 1772; x_wconf 89' lang='lat' dir='ltr'>unius</span> <span class='ocrx_word' id='word_1_108' title='bbox 310 1713 438 1771; x_wconf 87' lang='lat' dir='ltr'>Cornuti</span> <span class='ocrx_word' id='word_1_109' title='bbox 453 1711 590 1784; x_wconf 88' lang='lat' dir='ltr'>videtur,</span> <span class='ocrx_word' id='word_1_110' title='bbox 606 1710 688 1791; x_wconf 93' lang='lat' dir='ltr'>quod</span> <span class='ocrx_word' id='word_1_111' title='bbox 703 1711 894 1792; x_wconf 84' lang='lat' dir='ltr'>publicamus</span> <span class='ocrx_word' id='word_1_112' title='bbox 905 1714 937 1771; x_wconf 93' lang='lat' dir='ltr'>in</span> <span class='ocrx_word' id='word_1_113' title='bbox 951 1715 1089 1774; x_wconf 90' lang='lat' dir='ltr'>Persium</span> <span class='ocrx_word' id='word_1_114' title='bbox 1098 1737 1255 1780; x_wconf 89' lang='lat' dir='ltr'>commen·</span> 
     </span>
     <span class='ocr_line' id='line_1_16' title="bbox 202 1807 1252 1894; baseline 0.01 -26"><span class='ocrx_word' id='word_1_115' title='bbox 202 1812 335 1884; x_wconf 89' lang='lat' dir='ltr'>tarium,</span> <span class='ocrx_word' id='word_1_116' title='bbox 350 1829 444 1889; x_wconf 93' lang='lat' dir='ltr'>quam</span> <span class='ocrx_word' id='word_1_117' title='bbox 459 1811 551 1870; x_wconf 90' lang='lat' dir='ltr'>unius</span> <span class='ocrx_word' id='word_1_118' title='bbox 567 1810 698 1882; x_wconf 90' lang='lat' dir='ltr'>Donati,</span> <span class='ocrx_word' id='word_1_119' title='bbox 713 1807 799 1889; x_wconf 90' lang='lat' dir='ltr'>quod</span> <span class='ocrx_word' id='word_1_120' title='bbox 814 1809 929 1870; x_wconf 82' lang='lat' dir='ltr'>Donati</span> <span class='ocrx_word' id='word_1_121' title='bbox 946 1814 1075 1872; x_wconf 90' lang='lat' dir='ltr'>nomine</span> <span class='ocrx_word' id='word_1_122' title='bbox 1090 1830 1207 1894; x_wconf 86' lang='lat' dir='ltr'>prostat</span> <span class='ocrx_word' id='word_1_123' title='bbox 1220 1817 1252 1878; x_wconf 90' lang='lat' dir='ltr'>in</span> 
     </span>
     <span class='ocr_line' id='line_1_17' title="bbox 200 1903 1253 1991; baseline 0.009 -26"><span class='ocrx_word' id='word_1_124' title='bbox 200 1907 398 1978; x_wconf 79' lang='lat' dir='ltr'>&#39;serentium,</span> <span class='ocrx_word' id='word_1_125' title='bbox 417 1920 452 1966; x_wconf 91' lang='lat' dir='ltr'>ut</span> <span class='ocrx_word' id='word_1_126' title='bbox 475 1905 527 1964; x_wconf 92' lang='lat' dir='ltr'>illa</span> <span class='ocrx_word' id='word_1_127' title='bbox 548 1905 653 1964; x_wconf 87' lang='lat' dir='ltr'>multis</span> <span class='ocrx_word' id='word_1_128' title='bbox 669 1903 744 1964; x_wconf 91' lang='lat' dir='ltr'>locis</span> <span class='ocrx_word' id='word_1_129' title='bbox 762 1919 793 1964; x_wconf 91' lang='lat' dir='ltr'>te</span> <span class='ocrx_word' id='word_1_130' title='bbox 812 1904 940 1980; x_wconf 88' lang='lat' dir='ltr'>fallant,</span> <span class='ocrx_word' id='word_1_131' title='bbox 962 1909 1020 1968; x_wconf 91' lang='lat' dir='ltr'>nisi</span> <span class='ocrx_word' id='word_1_132' title='bbox 1048 1930 1120 1970; x_wconf 89' lang='lat' dir='ltr'>cum</span> <span class='ocrx_word' id='word_1_133' title='bbox 1136 1909 1253 1991; x_wconf 86' lang='lat' dir='ltr'>judicio</span> 
     </span>
     <span class='ocr_line' id='line_1_18' title="bbox 202 2001 1253 2085; baseline 0.009 -22"><span class='ocrx_word' id='word_1_134' title='bbox 202 2005 294 2085; x_wconf 77' lang='lat' dir='ltr'>legas.</span> <span class='ocrx_word' id='word_1_135' title='bbox 317 2005 377 2080; x_wconf 91' lang='lat' dir='ltr'>Qui</span> <span class='ocrx_word' id='word_1_136' title='bbox 398 2018 502 2064; x_wconf 90' lang='lat' dir='ltr'>autem</span> <span class='ocrx_word' id='word_1_137' title='bbox 526 2001 617 2083; x_wconf 86' lang='lat' dir='ltr'>hujus</span> <span class='ocrx_word' id='word_1_138' title='bbox 645 2004 781 2063; x_wconf 87' lang='lat' dir='ltr'>Persiani</span> <span class='ocrx_word' id='word_1_139' title='bbox 804 2008 1019 2066; x_wconf 86' lang='lat' dir='ltr'>commentarii</span> <span class='ocrx_word' id='word_1_140' title='bbox 1044 2009 1253 2073; x_wconf 89' lang='lat' dir='ltr'>meminerunt</span> 
     </span>
     <span class='ocr_line' id='line_1_19' title="bbox 202 2100 1251 2184; baseline 0.008 -24"><span class='ocrx_word' id='word_1_141' title='bbox 202 2103 384 2162; x_wconf 88' lang='lat' dir='ltr'>Hermolaus</span> <span class='ocrx_word' id='word_1_142' title='bbox 405 2103 571 2177; x_wconf 89' lang='lat' dir='ltr'>Barbarus,</span> <span class='ocrx_word' id='word_1_143' title='bbox 593 2101 723 2184; x_wconf 83' lang='lat' dir='ltr'>Baptista</span> <span class='ocrx_word' id='word_1_144' title='bbox 745 2100 899 2175; x_wconf 81' lang='lat' dir='ltr'>Plautius,</span> <span class='ocrx_word' id='word_1_145' title='bbox 920 2101 1015 2164; x_wconf 87' lang='lat' dir='ltr'>Lilius</span> <span class='ocrx_word' id='word_1_146' title='bbox 1035 2106 1251 2184; x_wconf 85' lang='lat' dir='ltr'>Ferrariensis,</span> 
     </span>
     <span class='ocr_line' id='line_1_20' title="bbox 201 2197 1251 2286; baseline 0.009 -29"><span class='ocrx_word' id='word_1_147' title='bbox 201 2219 236 2257; x_wconf 88' lang='lat' dir='ltr'>ac</span> <span class='ocrx_word' id='word_1_148' title='bbox 250 2199 302 2258; x_wconf 89' lang='lat' dir='ltr'>alii</span> <span class='ocrx_word' id='word_1_149' title='bbox 318 2197 429 2258; x_wconf 89' lang='lat' dir='ltr'>borum</span> <span class='ocrx_word' id='word_1_150' title='bbox 442 2200 573 2281; x_wconf 88' lang='lat' dir='ltr'>aequales</span> <span class='ocrx_word' id='word_1_151' title='bbox 587 2200 790 2279; x_wconf 87' lang='lat' dir='ltr'>(antiquiores</span> <span class='ocrx_word' id='word_1_152' title='bbox 802 2200 942 2281; x_wconf 84' lang='lat' dir='ltr'>equidem</span> <span class='ocrx_word' id='word_1_153' title='bbox 956 2199 1091 2282; x_wconf 83' lang='lat' dir='ltr'>prolerre</span> <span class='ocrx_word' id='word_1_154' title='bbox 1103 2223 1169 2264; x_wconf 89' lang='lat' dir='ltr'>non</span> <span class='ocrx_word' id='word_1_155' title='bbox 1181 2225 1251 2286; x_wconf 88' lang='lat' dir='ltr'>pos·</span> 
     </span>
     <span class='ocr_line' id='line_1_21' title="bbox 200 2295 1249 2380; baseline 0.005 -23"><span class='ocrx_word' id='word_1_156' title='bbox 200 2318 289 2374; x_wconf 89' lang='lat' dir='ltr'>sum,</span> <span class='ocrx_word' id='word_1_157' title='bbox 303 2298 355 2376; x_wconf 92' lang='lat' dir='ltr'>qui</span> <span class='ocrx_word' id='word_1_158' title='bbox 370 2318 400 2356; x_wconf 90' lang='lat' dir='ltr'>se</span> <span class='ocrx_word' id='word_1_159' title='bbox 415 2295 491 2357; x_wconf 89' lang='lat' dir='ltr'>illud</span> <span class='ocrx_word' id='word_1_160' title='bbox 509 2298 632 2372; x_wconf 85' lang='lat' dir='ltr'>vidisse,</span> <span class='ocrx_word' id='word_1_161' title='bbox 645 2298 758 2380; x_wconf 89' lang='lat' dir='ltr'>scripto</span> <span class='ocrx_word' id='word_1_162' title='bbox 770 2310 913 2357; x_wconf 87' lang='lat' dir='ltr'>testatum</span> <span class='ocrx_word' id='word_1_163' title='bbox 927 2298 1123 2379; x_wconf 85' lang='lat' dir='ltr'>reliquerint)</span> <span class='ocrx_word' id='word_1_164' title='bbox 1136 2303 1249 2377; x_wconf 87' lang='lat' dir='ltr'>nescio,</span> 
     </span>
     <span class='ocr_line' id='line_1_22' title="bbox 200 2391 1250 2476; baseline 0.004 -22"><span class='ocrx_word' id='word_1_165' title='bbox 200 2415 294 2476; x_wconf 88' lang='lat' dir='ltr'>quarn</span> <span class='ocrx_word' id='word_1_166' title='bbox 308 2394 390 2454; x_wconf 89' lang='lat' dir='ltr'>bona</span> <span class='ocrx_word' id='word_1_167' title='bbox 404 2391 570 2454; x_wconf 87' lang='lat' dir='ltr'>habuerint</span> <span class='ocrx_word' id='word_1_168' title='bbox 585 2394 770 2476; x_wconf 81' lang='lat' dir='ltr'>exemplaris</span> <span class='ocrx_word' id='word_1_169' title='bbox 783 2417 789 2452; x_wconf 94' lang='lat'><strong>:</strong></span> <span class='ocrx_word' id='word_1_170' title='bbox 804 2394 857 2454; x_wconf 91' lang='lat' dir='ltr'>sed</span> <span class='ocrx_word' id='word_1_171' title='bbox 870 2397 978 2455; x_wconf 88' lang='lat' dir='ltr'>nostris</span> <span class='ocrx_word' id='word_1_172' title='bbox 990 2398 1053 2456; x_wconf 91' lang='lat' dir='ltr'>scio</span> <span class='ocrx_word' id='word_1_173' title='bbox 1069 2395 1147 2456; x_wconf 91' lang='lat' dir='ltr'>nibil</span> <span class='ocrx_word' id='word_1_174' title='bbox 1164 2400 1250 2458; x_wconf 83' lang='lat' dir='ltr'>inre-</span> 
     </span>
     <span class='ocr_line' id='line_1_23' title="bbox 201 2489 1249 2574; baseline 0.002 -24"><span class='ocrx_word' id='word_1_175' title='bbox 201 2495 260 2551; x_wconf 90' lang='lat' dir='ltr'>niri</span> <span class='ocrx_word' id='word_1_176' title='bbox 273 2513 361 2573; x_wconf 89' lang='lat' dir='ltr'>posse</span> <span class='ocrx_word' id='word_1_177' title='bbox 370 2493 553 2572; x_wconf 89' lang='lat' dir='ltr'>corruptius.</span> <span class='ocrx_word' id='word_1_178' title='bbox 568 2495 707 2552; x_wconf 83' lang='lat' dir='ltr'>Fuerunt</span> <span class='ocrx_word' id='word_1_179' title='bbox 719 2505 820 2551; x_wconf 84' lang='lat' dir='ltr'>autern</span> <span class='ocrx_word' id='word_1_180' title='bbox 834 2489 899 2552; x_wconf 82' lang='lat' dir='ltr'>baec</span> <span class='ocrx_word' id='word_1_181' title='bbox 910 2493 966 2550; x_wconf 90' lang='lat' dir='ltr'>tria</span> <span class='ocrx_word' id='word_1_182' title='bbox 981 2514 988 2552; x_wconf 72' lang='grc' dir='ltr'><strong>ε</strong></span> <span class='ocrx_word' id='word_1_183' title='bbox 1001 2513 1137 2574; x_wconf 89' lang='lat' dir='ltr'>quorum</span> <span class='ocrx_word' id='word_1_184' title='bbox 1150 2515 1249 2554; x_wconf 89' lang='lat' dir='ltr'>unum</span> 
     </span>
     <span class='ocr_line' id='line_1_24' title="bbox 200 2573 1250 2663; baseline 0.002 -15"><span class='ocrx_word' id='word_1_185' title='bbox 200 2610 256 2649; x_wconf 89' lang='lat' dir='ltr'>nos</span> <span class='ocrx_word' id='word_1_186' title='bbox 270 2605 299 2649; x_wconf 89' lang='lat' dir='ltr'>et</span> <span class='ocrx_word' id='word_1_187' title='bbox 311 2590 481 2650; x_wconf 86' lang='lat' dir='ltr'>Gulielurus</span> <span class='ocrx_word' id='word_1_188' title='bbox 491 2573 643 2650; x_wconf 84' lang='lat' dir='ltr'>Martinus</span> <span class='ocrx_word' id='word_1_189' title='bbox 656 2589 822 2663; x_wconf 88' lang='lat' dir='ltr'>Voltanus,</span> <span class='ocrx_word' id='word_1_190' title='bbox 841 2588 1015 2648; x_wconf 73' lang='lat' dir='ltr'>clarissimae</span> <span class='ocrx_word' id='word_1_191' title='bbox 1031 2590 1158 2649; x_wconf 81' lang='lat' dir='ltr'>civitatis</span> <span class='ocrx_word' id='word_1_192' title='bbox 1174 2593 1250 2650; x_wconf 89' lang='lat' dir='ltr'>Bur·</span> 
     </span>
     <span class='ocr_line' id='line_1_25' title="bbox 199 2684 1248 2768; baseline 0.001 -23"><span class='ocrx_word' id='word_1_193' title='bbox 199 2687 360 2767; x_wconf 79' lang='lat' dir='ltr'>digalensis</span> <span class='ocrx_word' id='word_1_194' title='bbox 373 2701 569 2768; x_wconf 87' lang='lat' dir='ltr'>procurator,</span> <span class='ocrx_word' id='word_1_195' title='bbox 586 2689 679 2767; x_wconf 80' lang='lat' dir='ltr'>Aquis</span> <span class='ocrx_word' id='word_1_196' title='bbox 690 2687 831 2766; x_wconf 80' lang='lat' dir='ltr'>Augustis</span> <span class='ocrx_word' id='word_1_197' title='bbox 849 2685 882 2744; x_wconf 93' lang='lat' dir='ltr'>in</span> <span class='ocrx_word' id='word_1_198' title='bbox 896 2698 1012 2744; x_wconf 87' lang='lat' dir='ltr'>vetusta</span> <span class='ocrx_word' id='word_1_199' title='bbox 1027 2684 1150 2744; x_wconf 88' lang='lat' dir='ltr'>libraria</span> <span class='ocrx_word' id='word_1_200' title='bbox 1163 2707 1248 2746; x_wconf 89' lang='lat' dir='ltr'>anno</span> 
     </span>
     <span class='ocr_line' id='line_1_26' title="bbox 199 2784 1249 2866; baseline 0.002 -23"><span class='ocrx_word' id='word_1_201' title='bbox 199 2784 310 2846; x_wconf 86' lang='lat' dir='ltr'>Christi</span> <span class='ocrx_word' id='word_1_202' title='bbox 336 2787 426 2861; x_wconf 84' lang='lat'>1585,</span> <span class='ocrx_word' id='word_1_203' title='bbox 448 2806 672 2866; x_wconf 80' lang='lat' dir='ltr'>repereramus3</span> <span class='ocrx_word' id='word_1_204' title='bbox 692 2785 824 2844; x_wconf 87' lang='lat' dir='ltr'>alterum</span> <span class='ocrx_word' id='word_1_205' title='bbox 845 2786 995 2844; x_wconf 83' lang='lat' dir='ltr'>Francisci</span> <span class='ocrx_word' id='word_1_206' title='bbox 1016 2785 1122 2845; x_wconf 81' lang='lat' dir='ltr'>Rernae</span> <span class='ocrx_word' id='word_1_207' title='bbox 1141 2787 1249 2846; x_wconf 87' lang='lat' dir='ltr'>Santo-</span> 
     </span>
     <span class='ocr_line' id='line_1_27' title="bbox 198 2880 1248 2964; baseline 0.002 -23"><span class='ocrx_word' id='word_1_208' title='bbox 198 2885 320 2942; x_wconf 87' lang='lat' dir='ltr'>nensis:</span> <span class='ocrx_word' id='word_1_209' title='bbox 340 2887 465 2942; x_wconf 84' lang='lat' dir='ltr'>tertium</span> <span class='ocrx_word' id='word_1_210' title='bbox 481 2885 610 2942; x_wconf 81' lang='lat' dir='ltr'>loannis</span> <span class='ocrx_word' id='word_1_211' title='bbox 621 2882 808 2942; x_wconf 80' lang='lat' dir='ltr'>Amaritouis</span> <span class='ocrx_word' id='word_1_212' title='bbox 822 2881 949 2940; x_wconf 85' lang='lat' dir='ltr'>Arverni</span> <span class='ocrx_word' id='word_1_213' title='bbox 964 2880 1034 2940; x_wconf 89' lang='lat' dir='ltr'>fuit.</span> <span class='ocrx_word' id='word_1_214' title='bbox 1054 2883 1130 2958; x_wconf 78' lang='lat' dir='ltr'>Quae</span> <span class='ocrx_word' id='word_1_215' title='bbox 1151 2883 1248 2964; x_wconf 76' lang='lat' dir='ltr'>magis</span> 
     </span>
     <span class='ocr_line' id='line_1_28' title="bbox 199 2977 1247 3063; baseline 0.003 -25"><span class='ocrx_word' id='word_1_216' title='bbox 199 2983 279 3039; x_wconf 84' lang='lat' dir='ltr'>varia</span> <span class='ocrx_word' id='word_1_217' title='bbox 292 2982 324 3038; x_wconf 91' lang='lat' dir='ltr'>in</span> <span class='ocrx_word' id='word_1_218' title='bbox 339 2981 528 3041; x_wconf 87' lang='lat' dir='ltr'>conferendo</span> <span class='ocrx_word' id='word_1_219' title='bbox 544 2979 817 3063; x_wconf 87' lang='lat' dir='ltr'>deprehendimus,</span> <span class='ocrx_word' id='word_1_220' title='bbox 832 3000 924 3060; x_wconf 88' lang='lat' dir='ltr'>quam</span> <span class='ocrx_word' id='word_1_221' title='bbox 943 2979 1062 3039; x_wconf 82' lang='lat' dir='ltr'>diversa</span> <span class='ocrx_word' id='word_1_222' title='bbox 1077 2977 1145 3038; x_wconf 87' lang='lat' dir='ltr'>loca</span> <span class='ocrx_word' id='word_1_223' title='bbox 1157 2996 1247 3056; x_wconf 91' lang='lat' dir='ltr'>sunt,</span> 
     </span>
     <span class='ocr_line' id='line_1_29' title="bbox 197 3075 1247 3159; baseline 0 -22"><span class='ocrx_word' id='word_1_224' title='bbox 197 3078 279 3137; x_wconf 90' lang='lat' dir='ltr'>uude</span> <span class='ocrx_word' id='word_1_225' title='bbox 294 3079 415 3137; x_wconf 87' lang='lat' dir='ltr'>fuerant</span> <span class='ocrx_word' id='word_1_226' title='bbox 429 3081 608 3159; x_wconf 86' lang='lat' dir='ltr'>conquisita.</span> <span class='ocrx_word' id='word_1_227' title='bbox 629 3080 664 3138; x_wconf 92' lang='lat' dir='ltr'>ln</span> <span class='ocrx_word' id='word_1_228' title='bbox 685 3080 721 3137; x_wconf 89' lang='lat' dir='ltr'>iis</span> <span class='ocrx_word' id='word_1_229' title='bbox 736 3099 809 3158; x_wconf 77' lang='lat' dir='ltr'>ergo</span> <span class='ocrx_word' id='word_1_230' title='bbox 825 3079 909 3136; x_wconf 88' lang='lat' dir='ltr'>libris</span> <span class='ocrx_word' id='word_1_231' title='bbox 923 3075 983 3136; x_wconf 86' lang='lat' dir='ltr'>tale</span> <span class='ocrx_word' id='word_1_232' title='bbox 998 3076 1075 3150; x_wconf 78' lang='lat' dir='ltr'>fuit,</span> <span class='ocrx_word' id='word_1_233' title='bbox 1089 3076 1180 3158; x_wconf 88' lang='lat' dir='ltr'>quale</span> <span class='ocrx_word' id='word_1_234' title='bbox 1197 3076 1247 3139; x_wconf 87' lang='lat' dir='ltr'>hic</span> 
     </span>
     <span class='ocr_line' id='line_1_30' title="bbox 196 3169 1246 3234; baseline 0.002 -2"><span class='ocrx_word' id='word_1_235' title='bbox 196 3172 279 3232; x_wconf 87' lang='lat' dir='ltr'>vides</span> <span class='ocrx_word' id='word_1_236' title='bbox 303 3175 411 3233; x_wconf 81' lang='lat' dir='ltr'>Annaei</span> <span class='ocrx_word' id='word_1_237' title='bbox 433 3176 564 3234; x_wconf 87' lang='lat' dir='ltr'>Cornuti</span> <span class='ocrx_word' id='word_1_238' title='bbox 587 3175 854 3233; x_wconf 89' lang='lat' dir='ltr'>commentarium.</span> <span class='ocrx_word' id='word_1_239' title='bbox 878 3169 962 3231; x_wconf 89' lang='lat' dir='ltr'>Nihil</span> <span class='ocrx_word' id='word_1_240' title='bbox 986 3173 1019 3232; x_wconf 91' lang='lat' dir='ltr'>in</span> <span class='ocrx_word' id='word_1_241' title='bbox 1046 3173 1246 3234; x_wconf 87' lang='lat' dir='ltr'>describendo</span> 
     </span>
     <span class='ocr_line' id='line_1_31' title="bbox 198 3266 1246 3351; baseline 0.003 -23"><span class='ocrx_word' id='word_1_242' title='bbox 198 3271 331 3345; x_wconf 88' lang='lat' dir='ltr'>mutavi,</span> <span class='ocrx_word' id='word_1_243' title='bbox 352 3272 409 3328; x_wconf 90' lang='lat' dir='ltr'>uisi</span> <span class='ocrx_word' id='word_1_244' title='bbox 431 3271 541 3351; x_wconf 76' lang='lat' dir='ltr'>siquas</span> <span class='ocrx_word' id='word_1_245' title='bbox 564 3268 679 3328; x_wconf 70' lang='lat' dir='ltr'>voculae</span> <span class='ocrx_word' id='word_1_246' title='bbox 702 3281 854 3347; x_wconf 77' lang='lat' dir='ltr'>corruptas</span> <span class='ocrx_word' id='word_1_247' title='bbox 876 3266 1070 3328; x_wconf 85' lang='lat' dir='ltr'>videbantur.</span> <span class='ocrx_word' id='word_1_248' title='bbox 1092 3268 1174 3328; x_wconf 89' lang='lat' dir='ltr'>Nihil</span> <span class='ocrx_word' id='word_1_249' title='bbox 1195 3271 1246 3331; x_wconf 87' lang='lat' dir='ltr'>de·</span> 
     </span>
     <span class='ocr_line' id='line_1_32' title="bbox 198 3357 1245 3449; baseline 0 -21"><span class='ocrx_word' id='word_1_250' title='bbox 198 3368 291 3443; x_wconf 84' lang='lat' dir='ltr'>traxi,</span> <span class='ocrx_word' id='word_1_251' title='bbox 313 3367 397 3449; x_wconf 91' lang='lat' dir='ltr'>quod</span> <span class='ocrx_word' id='word_1_252' title='bbox 419 3367 586 3449; x_wconf 85' lang='lat' dir='ltr'>aliquando</span> <span class='ocrx_word' id='word_1_253' title='bbox 607 3387 674 3425; x_wconf 86' lang='lat' dir='ltr'>sum</span> <span class='ocrx_word' id='word_1_254' title='bbox 691 3379 847 3447; x_wconf 81' lang='lat' dir='ltr'>expertus,</span> <span class='ocrx_word' id='word_1_255' title='bbox 863 3386 960 3445; x_wconf 85' lang='lat' dir='ltr'>¹quum</span> <span class='ocrx_word' id='word_1_256' title='bbox 977 3357 1181 3448; x_wconf 90' lang='lat' dir='ltr'>periculosum</span> <span class='ocrx_word' id='word_1_257' title='bbox 1206 3371 1245 3428; x_wconf 88' lang='lat' dir='ltr'>sit</span> 
     </span>
     <span class='ocr_line' id='line_1_33' title="bbox 195 3463 1245 3546; baseline 0.001 -19"><span class='ocrx_word' id='word_1_258' title='bbox 195 3489 228 3527; x_wconf 89' lang='lat' dir='ltr'>ea</span> <span class='ocrx_word' id='word_1_259' title='bbox 243 3469 343 3527; x_wconf 82' lang='lat' dir='ltr'>statim</span> <span class='ocrx_word' id='word_1_260' title='bbox 361 3481 469 3526; x_wconf 89' lang='lat' dir='ltr'>contra</span> <span class='ocrx_word' id='word_1_261' title='bbox 485 3467 594 3526; x_wconf 84' lang='lat' dir='ltr'>vetusti</span> <span class='ocrx_word' id='word_1_262' title='bbox 612 3466 724 3526; x_wconf 90' lang='lat' dir='ltr'>codicis</span> <span class='ocrx_word' id='word_1_263' title='bbox 740 3463 836 3523; x_wconf 86' lang='lat' dir='ltr'>fidem</span> <span class='ocrx_word' id='word_1_264' title='bbox 854 3466 1125 3546; x_wconf 86' lang='lat' dir='ltr'>auctoritatemque</span> <span class='ocrx_word' id='word_1_265' title='bbox 1144 3466 1245 3528; x_wconf 88' lang='lat' dir='ltr'>delere</span> 
     </span>
     <span class='ocr_line' id='line_1_34' title="bbox 195 3561 1244 3646; baseline 0.001 -23"><span class='ocrx_word' id='word_1_266' title='bbox 195 3581 249 3625; x_wconf 85' lang='lat' dir='ltr'>aut</span> <span class='ocrx_word' id='word_1_267' title='bbox 266 3579 400 3637; x_wconf 85' lang='lat' dir='ltr'>mutare,</span> <span class='ocrx_word' id='word_1_268' title='bbox 416 3584 485 3646; x_wconf 81' lang='lat' dir='ltr'>quae</span> <span class='ocrx_word' id='word_1_269' title='bbox 505 3565 536 3622; x_wconf 91' lang='lat' dir='ltr'>in</span> <span class='ocrx_word' id='word_1_270' title='bbox 557 3561 665 3621; x_wconf 87' lang='lat' dir='ltr'>alienis</span> <span class='ocrx_word' id='word_1_271' title='bbox 684 3561 800 3642; x_wconf 89' lang='lat' dir='ltr'>scriptis</span> <span class='ocrx_word' id='word_1_272' title='bbox 824 3581 889 3620; x_wconf 90' lang='lat' dir='ltr'>non</span> <span class='ocrx_word' id='word_1_273' title='bbox 913 3562 1032 3643; x_wconf 87' lang='lat' dir='ltr'>probes.</span> <span class='ocrx_word' id='word_1_274' title='bbox 1054 3564 1244 3645; x_wconf 88' lang='lat' dir='ltr'>Optavissem</span> 
     </span>
     <span class='ocr_line' id='line_1_35' title="bbox 195 3659 1330 3746; baseline -0.002 -22"><span class='ocrx_word' id='word_1_275' title='bbox 195 3663 319 3743; x_wconf 86' lang='lat' dir='ltr'>quidem</span> <span class='ocrx_word' id='word_1_276' title='bbox 332 3677 412 3723; x_wconf 84' lang='lat' dir='ltr'>certe</span> <span class='ocrx_word' id='word_1_277' title='bbox 425 3663 484 3722; x_wconf 93' lang='lat' dir='ltr'>hoc</span> <span class='ocrx_word' id='word_1_278' title='bbox 499 3662 753 3721; x_wconf 83' lang='lat' dir='ltr'>commentorium</span> <span class='ocrx_word' id='word_1_279' title='bbox 767 3662 800 3719; x_wconf 90' lang='lat' dir='ltr'>in</span> <span class='ocrx_word' id='word_1_280' title='bbox 815 3659 914 3720; x_wconf 87' lang='lat' dir='ltr'>lucem</span> <span class='ocrx_word' id='word_1_281' title='bbox 931 3660 1003 3720; x_wconf 87' lang='lat' dir='ltr'>dare</span> <span class='ocrx_word' id='word_1_282' title='bbox 1019 3664 1125 3743; x_wconf 89' lang='lat' dir='ltr'>purius</span> <span class='ocrx_word' id='word_1_283' title='bbox 1142 3684 1244 3722; x_wconf 87' lang='lat' dir='ltr'>emen·</span> <span class='ocrx_word' id='word_1_284' title='bbox 1328 3743 1330 3746; x_wconf 22' lang='grc' dir='ltr'>Ι</span> 
     </span>
     <span class='ocr_line' id='line_1_36' title="bbox 195 3759 1243 3844; baseline 0.002 -24"><span class='ocrx_word' id='word_1_285' title='bbox 195 3763 374 3844; x_wconf 72' lang='lat' dir='ltr'>dariusque,</span> <span class='ocrx_word' id='word_1_286' title='bbox 388 3764 439 3822; x_wconf 88' lang='lat' dir='ltr'>sed</span> <span class='ocrx_word' id='word_1_287' title='bbox 453 3763 490 3822; x_wconf 89' lang='lat' dir='ltr'>ad</span> <span class='ocrx_word' id='word_1_288' title='bbox 508 3783 576 3820; x_wconf 86' lang='lat' dir='ltr'>eam</span> <span class='ocrx_word' id='word_1_289' title='bbox 591 3783 657 3820; x_wconf 90' lang='lat' dir='ltr'>rem</span> <span class='ocrx_word' id='word_1_290' title='bbox 673 3761 807 3841; x_wconf 89' lang='lat' dir='ltr'>antiquis</span> <span class='ocrx_word' id='word_1_291' title='bbox 823 3759 980 3820; x_wconf 90' lang='lat' dir='ltr'>codicibus</span> <span class='ocrx_word' id='word_1_292' title='bbox 996 3780 1072 3843; x_wconf 89' lang='lat' dir='ltr'>opus</span> <span class='ocrx_word' id='word_1_293' title='bbox 1088 3761 1168 3838; x_wconf 89' lang='lat' dir='ltr'>fnit,</span> <span class='ocrx_word' id='word_1_294' title='bbox 1189 3764 1243 3842; x_wconf 89' lang='lat' dir='ltr'>qui</span> 
     </span>
     <span class='ocr_line' id='line_1_37' title="bbox 196 3856 1243 3941; baseline 0.001 -24"><span class='ocrx_word' id='word_1_295' title='bbox 196 3877 259 3917; x_wconf 89' lang='lat' dir='ltr'>non</span> <span class='ocrx_word' id='word_1_296' title='bbox 284 3861 485 3941; x_wconf 86' lang='lat' dir='ltr'>suppetebant</span> <span class='ocrx_word' id='word_1_297' title='bbox 507 3858 576 3932; x_wconf 89' lang='lat' dir='ltr'>alii,</span> <span class='ocrx_word' id='word_1_298' title='bbox 599 3879 693 3940; x_wconf 88' lang='lat' dir='ltr'>quarn</span> <span class='ocrx_word' id='word_1_299' title='bbox 710 3878 787 3937; x_wconf 89' lang='lat' dir='ltr'>quos</span> <span class='ocrx_word' id='word_1_300' title='bbox 803 3856 888 3916; x_wconf 80' lang='lat' dir='ltr'>dixi:</span> <span class='ocrx_word' id='word_1_301' title='bbox 908 3879 1007 3938; x_wconf 92' lang='lat' dir='ltr'>neque</span> <span class='ocrx_word' id='word_1_302' title='bbox 1026 3856 1140 3930; x_wconf 88' lang='lat' dir='ltr'>habui,</span> <span class='ocrx_word' id='word_1_303' title='bbox 1159 3858 1243 3918; x_wconf 87' lang='lat' dir='ltr'>unde</span> 
     </span>
     <span class='ocr_line' id='line_1_38' title="bbox 194 3953 1241 4038; baseline 0.002 -26"><span class='ocrx_word' id='word_1_304' title='bbox 194 3954 267 4014; x_wconf 81' lang='lat' dir='ltr'>ulios</span> <span class='ocrx_word' id='word_1_305' title='bbox 279 3959 507 4038; x_wconf 83' lang='lat' dir='ltr'>conquirerem:</span> <span class='ocrx_word' id='word_1_306' title='bbox 519 3969 548 4014; x_wconf 88' lang='lat' dir='ltr'>et</span> <span class='ocrx_word' id='word_1_307' title='bbox 564 3955 628 4014; x_wconf 83' lang='lat' dir='ltr'>lraec</span> <span class='ocrx_word' id='word_1_308' title='bbox 640 3953 875 4036; x_wconf 84' lang='lat' dir='ltr'>qualiacumque</span> <span class='ocrx_word' id='word_1_309' title='bbox 889 3955 964 4028; x_wconf 90' lang='lat' dir='ltr'>sint,</span> <span class='ocrx_word' id='word_1_310' title='bbox 978 3956 1020 4013; x_wconf 90' lang='lat' dir='ltr'>ita</span> <span class='ocrx_word' id='word_1_311' title='bbox 1032 3954 1120 4012; x_wconf 89' lang='lat' dir='ltr'>edere</span> <span class='ocrx_word' id='word_1_312' title='bbox 1133 3954 1241 4014; x_wconf 89' lang='lat' dir='ltr'>mellus</span> 
     </span>
    </p>
   </div>
   <div class='ocr_carea' id='block_1_3' title="bbox 0 0 1562 4934">
    <p class='ocr_par' dir='ltr' id='par_1_3' title="bbox 0 0 1562 4934">
     <span class='ocr_line' id='line_1_39' title="bbox 0 0 1562 4934; baseline 0 6"><span class='ocrx_word' id='word_1_313' title='bbox 0 0 1562 4934; x_wconf 95' lang='lat' dir='ltr'> </span> 
     </span>
    </p>
   </div>
  </div>
 </body>
</html>
