3006 4934
370 577 418 642 ιιι
443 577 652 644 suumin
676 580 878 646 raanan.
1101 585 1141 671 ³7

378 702 530 758 ...Sabinoque
540 713 622 746 norum
631 713 758 758 consurgere
768 703 849 747 beilum

303 767 454 812 mutare...

104 842 155 894 liic
166 821 269 892 rero'ea
281 857 331 892 vox
346 839 466 894 eamdem
482 842 536 892 vim
550 839 631 892 habet
647 841 790 906 esurimus,
803 859 881 912 quam
898 844 1033 914 superius,
1050 863 1074 896 ι.
1091 862 1140 898 ao:

85 938 89 952 ’
106 921 219 992 inqentm
232 919 308 973 Titos.
317 921 521 992 componuntur
531 919 653 971 consulto
663 918 807 972 llomulidoe
818 922 933 974 etraturt'
943 941 990 993 per
996 927 1096 994 jocum.
1108 956 1142 965 -

107 999 175 1070 Quid
185 999 228 1051 din
238 1011 359 1072 poemata
369 1011 483 1052 narrent.
496 999 650 1069 Elegantior
658 999 759 1051 locutio
769 1017 832 1071 pro,
843 1003 1022 1054 recitationem
1034 1017 1142 1074 rogant,

103 1091 181 1147 atque.
189 1081 215 1130 in
223 1081 536 1132 oresotnrommcomica.
549 1079 601 1130 Dia
608 1097 657 1149 pro
665 1077 739 1143 diva,
751 1074 809 1130 dira
820 1097 870 1150 pro
882 1083 1142 1150 praestantissima.—

101 1157 160 1210 Mos
172 1171 228 1210 erut
239 1159 310 1230 apud
320 1175 436 1224 veteres,
446 1170 537 1210 nostro
548 1175 602 1209 non
611 1159 720 1209 omuino
728 1157 1002 1225 absimilis,rclerendi
1010 1160 1108 1232 aliquid
1116 1164 1143 1214 in

99 1239 220 1290 convivio
233 1237 419 1310 depromptum
437 1257 467 1291 ea
484 1237 664 1290 illustrissimis
681 1239 768 1308 poetis
785 1236 969 1292 auctoributre
985 1239 1055 1306 aliis,
1071 1240 1142 1294 unde

100 1320 207 1370 occasio
217 1331 365 1372 sumeretur
371 1318 531 1384 disserendi,
541 1317 639 1370 insulse
651 1319 746 1388 sapius
758 1329 784 1368 et
794 1319 899 1389 inepte,
909 1331 938 1370 ut
948 1319 977 1370 lit
986 1319 1020 1370 ab
1029 1319 1143 1373 hornini-

99 1394 150 1448 bus
164 1397 225 1449 cibo
238 1411 265 1450 et
275 1402 336 1452 vino
349 1398 433 1471 probe
445 1398 559 1470 repletis.
577 1399 681 1450 Petron.
695 1395 728 1450 55
747 1408 773 1448 et
789 1396 837 1466 593
857 1395 975 1450 Juvenal
987 1401 1021 1450 Vl
1026 1437 1036 1464 ,
1051 1400 1102 1467 433
1116 1414 1141 1454 et

100 1493 174 1548 sqq.;
186 1479 236 1546 xl,
254 1495 301 1549 177
313 1491 341 1548 ,et
356 1496 427 1550 sqq.;
442 1478 507 1530 Plin.
519 1478 602 1550 Epist.
615 1479 640 1543 l,
656 1475 701 1543 15,
716 1475 872 1545 231X,36,
887 1477 912 1543 4.

132 1609 187 1654 Van
212 1607 249 1656 32.
262 1610 305 1656 cat
311 1613 394 1657 citrum
404 1609 507 1656 lummr
517 1607 660 1670 lrynrintltinn
670 1607 774 1655 Ιὼιιιιιιι.
782 1633 814 1646 -
822 1608 899 1655 liabet
907 1613 969 1656 circu
978 1607 1053 1672 sso7a;
1063 1613 1141 1656 lacm-

101 1675 163 1724 tltina
179 1677 238 1725 imru
250 1682 326 1728 caeteri
340 1680 412 1727 lermc
426 1695 514 1727 omnes.
534 1681 624 1726 cusum
636 1677 770 1734 maluimus,
784 1679 849 1742 quod
863 1675 898 1727 eat
910 1682 983 1742 magis
997 1682 1106 1728 usitatum
1119 1683 1143 1728 iu

100 1749 205 1798 ratibus
215 1751 337 1816 laniosque
348 1751 393 1800 boc
404 1752 458 1800 loco
467 1751 497 1798 ad
508 1751 635 1800 elisionem.
647 1749 798 1811 Hyacinthus
810 1749 870 1797 loenu
880 1750 992 1814 analogia
1003 1767 1083 1814 praese
1094 1768 1143 1798 mn·

98 1813 1143 1886 giscalcamentorumscrihnureni-iugraco‘ruivtmcsextarucmjiciuutqm

97 1885 150 1935 darn
159 1891 259 1940 editores
267 1893 391 1955 legendum
397 1892 517 1947 lanchen,
526 1907 575 1939 sese
585 1903 676 1938 tuentes
684 1889 730 1938 hoc
739 1891 791 1938 loco
799 1891 864 1938 Plinii
872 1892 955 1953 blaJor.
966 1891 1006 1939 lib.
1016 1894 1080 1950 xxi,
1088 1910 1109 1942 c.
1118 1894 1140 1940 6.

99 1973 111 1994 ⁸
120 1959 227 2026 Solaque
237 1963 371 2024 (cujusdam
383 1965 474 2025 generis
484 1963 562 2021 riola)
574 1978 649 2024 graeco
659 1962 753 2008 nomine
762 1977 774 2007 a
784 1963 873 2010 catoris
882 1963 1054 2020 discernuntur,
1064 1963 1143 2027 appel·

97 2027 148 2076 latae
159 2035 201 2089 lo,
214 2049 240 2082 nt
253 2035 282 2081 ah
296 2036 323 2081 iis
334 2033 442 2081 Jnntlrina
455 2037 550 2082 vestis·
566 2035 623 2094 Quare
633 2037 746 2080 correctio
754 2035 882 2081 neccssaria
893 2034 967 2090 loret,
979 2036 1086 2100 sineque
1098 2053 1141 2084 rot

98 2101 242 2162 hyacinthina
256 2121 422 2170 usurparetur,
439 2117 466 2155 ut
480 2121 523 2154 rou
535 2105 653 2174 janthina,
671 2120 748 2170 neque
762 2106 787 2152 in
801 2104 893 2160 edendo
909 2104 1050 2165 mutulen
1064 2109 1138 2156 ints

97 2187 266 2274 comcnnpmt.
609 2201 612 2208 ·

133 2269 201 2322 Nor.
216 2272 258 2326 32.
270 2273 436 2352 Hicaliqus's,
446 2277 488 2332 cui
495 2277 592 2330 circum
603 2275 721 2330 humeros
729 2275 900 2350 hyacinthina
909 2277 975 2330 loenu
985 2289 1029 2332 est.
1040 2300 1074 2318 ⁴-
1088 2277 1141 2330 Hic

98 2365 147 2417 pro
163 2362 220 2402 tum
232 2371 300 2426 sape
312 2361 405 2427 saepius
418 2371 444 2410 ct
458 2359 484 2408 in
496 2359 583 2409 Persio
596 2360 661 2410 etin
674 2357 730 2408 aliis
747 2359 865 2408 recurrit.
886 2386 920 2396 -
938 2357 1017 2410 Mna
1033 2359 1141 2428 proprie

98 2431 178 2479 vestis
189 2447 273 2499 greca
283 2436 404 2505 amplior,
416 2435 514 2501 χλιιῖιι,
528 2454 606 2505 quam
619 2453 699 2506 supra
711 2449 817 2488 caeteras
829 2435 982 2488 induebant.
995 2435 1074 2506 Apud
1085 2437 1141 2488 lio-

99 2519 193 2555 manoa
205 2507 315 2561 lacerna
325 2529 423 2580 genus,
436 2531 493 2583 quse
506 2525 532 2564 et
543 2513 639 2563 militie
654 2525 680 2563 et
692 2511 764 2564 domi
775 2511 817 2563 vel
830 2517 857 2563 in
870 2516 949 2564 sacris
961 2513 1003 2564 rel
1019 2515 1046 2564 in
1061 2516 1142 2565 coenis

97 2581 263 2652 gestabatur,
279 2602 358 2658 atquc
375 2608 424 2660 pro
436 2607 485 2640 usu
503 2590 576 2639 vario
593 2589 704 2639 foi-sitan
719 2589 844 2639 variabat.
859 2590 969 2653 Strabo,
986 2590 1031 2640 lib.
1046 2593 1094 2655 tv,
1110 2591 1143 2642 de

94 2659 192 2713 babitu
204 2663 339 2717 Gallorum
352 2689 364 2710 c
372 2665 432 2718 lana
444 2666 549 2738 quidem
560 2683 668 2737 aspera,
679 2661 803 2717 'caeterum
817 2665 938 2736 oblongis
948 2665 1028 2733 viliis,
1037 2666 1108 2721 unde
1118 2683 1143 2721 et

93 2738 195 2793 hirsuta
212 2755 305 2795 texunt
321 2745 427 2813 sagula,
444 2761 500 2814 qua,²
513 2744 586 2797 loenoe
598 2739 753 2794 vocantur.»
767 2743 876 2810 Cicero,
890 2745 917 2794 iu
928 2743 1022 2810 Bruto,
1037 2759 1061 2797 c:
1073 2745 1134 2797 xiv

96 2840 109 2864 a
119 2819 156 2870 Μ.
165 2821 296 2893 Popilium
306 2823 383 2891 dicit,
393 2841 476 2894 quum
485 2825 642 2876 sacrificium
652 2817 858 2894 publicum'oum
870 2821 938 2873 loenu
946 2822 1058 2890 faceret,
1069 2823 1142 2894 quod

94 2913 152 2950 erat
158 2900 266 2954 Flamen
272 2902 492 2967 Carmentalis,nt
500 2915 557 2954 erat
565 2902 632 2954 lunia
640 2899 806 2968 amictus,ita
812 2903 1137 2958 venisseiuooncisnem..

92 2979 142 3030 Hic
154 2980 300 3034 notandum
310 2981 448 3036 verisimile
458 2999 514 3034 esse
524 2999 555 3034 ex
565 2985 621 3054 ejus
632 2983 709 3034 restis
720 2999 770 3034 usu
780 2981 907 3046 Loemtes,
919 2984 990 3034 cives
1001 3001 1140 3052 romnus,

91 3059 201 3112 marusa
214 3079 320 3114 nomen.
334 3060 447 3114 Martial.
460 3063 548 3131 Epigr.
564 3063 591 3112 in
603 3061 732 3127 Luscum,
744 3061 937 3113 furacissimntn
947 3064 1096 3115 convivans

322 3143 348 3185 Et
358 3150 427 3184 tectus
437 3142 500 3184 lanis
508 3154 564 3198 saepe
572 3141 658 3183 duabus
667 3141 720 3183 abit.

94 3240 129 3252 -
143 3215 338 3284 Hyacintlina,
349 3215 440 3268 colore
452 3216 639 3288 hyacinthino,
651 3213 678 3267 id
688 3229 742 3283 cst,
754 3217 917 3287 ferrugineo.
928 3216 1002 3283 Flos,
1013 3217 1140 3289 ut·placet

94 3293 195 3361 poetis,
206 3293 292 3346 dictus
302 3308 341 3347 est
354 3315 368 3348 a
380 3315 475 3348 cruore
488 3294 632 3367 hyacinthi.
646 3295 723 3348 Orid.
738 3297 846 3348 Metam.
861 3295 907 3348 lib.
920 3297 958 3362 X,
970 3297 1025 3350 tab.
1035 3297 1059 3350 5.
1072 3299 1138 3366 Quis

93 3387 158 3422 vcro
171 3371 251 3423 fuerit
263 3372 307 3424 ille
318 3372 381 3442 llos,
391 3373 465 3427 haud
476 3377 513 3426 ita
525 3388 638 3427 constat.
652 3374 712 3426 vid.
726 3374 831 3427 Floram
844 3375 952 3446 Virgilio
968 3375 1097 3428 aduenam
1112 3380 1137 3428 in

92 3447 145 3502 hac
154 3466 237 3502 ιιτιιι.
250 3449 363 3504 Cttssto.
377 3453 439 3506 edit.
452 3453 487 3505 ad
500 3472 558 3506 roc.
573 3453 762 3525 Hyacinthum.
775 3485 810 3495 —
821 3453 1002 3524 Hyacintlina
1014 3454 1082 3507 lena
1096 3476 1138 3507 re·

92 3531 139 3580 stis
152 3543 192 3582 est
203 3534 354 3602 pretiosior,
367 3546 391 3598 et
404 3551 459 3603 quc
470 3531 587 3585 nobilem
597 3530 734 3585 dinitemve
745 3532 860 3603 aliquem
871 3531 998 3604 designet.
1010 3533 1135 3586 Caeterum

90 3607 207 3681 aliquem
215 3609 290 3663 illum
299 3631 355 3664 esse
365 3615 498 3665 Neronem
507 3615 593 3684 ipsum
602 3611 745 3664 admodum
751 3612 1135 3680 infirmatueutnrargumcnta.

90 3687 133 3739 Sic
149 3693 217 3742 enim
229 3693 375 3762 conjiciunt
388 3694 543 3764 interpretes
556 3712 587 3744 ex
601 3690 651 3743 hac
663 3705 735 3744 veste
749 3693 880 3762 pretiosa,
894 3703 973 3762 atque
985 3690 1049 3743 inde
1064 3692 1135 3764 quod

90 3773 190 3843 exipuoe
198 3781 225 3823 et
227 3771 313 3843 fuecoe
322 3771 391 3825 vocis
400 3773 480 3825 fuisse
490 3773 561 3824 Nero
573 3771 668 3824 dicitur
680 3769 752 3844 apud
764 3771 932 3835 Suetonium
946 3770 1020 3842 quod
1030 3770 1135 3843 quidem

90 3853 182 3903 vitium
194 3869 333 3922 perperam
343 3853 498 3923 exprimeret
508 3851 581 3904 balla
590 3851 694 3904 de‘nnrc
704 3850 808 3904 luorum

126 3941 193 3992 Nor.
212 3940 255 3994 33.
266 3940 441 3994 Rancidulum
453 3939 579 4013 quiddam
588 3940 664 3992 balba
672 3939 704 3992 ete
712 3957 774 3992 nare
783 3939 889 3992 locutus.
899 3967 936 3978 -
946 3936 1135 4001 Rancidulum,

91 4017 211 4071 eamdem
226 4022 278 4071 rim
293 4018 377 4072 habet
390 4039 420 4072 ac
435 4017 570 4091 putidum,
585 4019 656 4091 quod
670 4018 801 4072 interdum
814 4019 922 4091 ponitur
935 4036 984 4088 pro
999 4019 1089 4086 inepto
1104 4033 1135 4066 ac

90 4096 214 4160 sordido;
228 4099 410 4169 metaphorice
424 4111 565 4172 utrumque
580 4117 594 4151 a
609 4099 731 4153 carnibus
746 4099 779 4151 ad
794 4100 993 4168 corruptionem
1005 4097 1134 4163 vergenti-

89 4177 151 4230 bus.
161 4207 197 4217 -
207 4175 289 4230 Bulba
298 4178 331 4230 de
342 4197 413 4232 aare.
425 4179 522 4232 Durior
534 4177 590 4231 luec
599 4181 724 4250 junctura
735 4179 980 4250 pronuntiationem
989 4171 1091 4224 bulbum
1104 4176 1147 4226 si·'

90 4257 145 4310 mul
154 4270 180 4311 et
186 4275 235 4329 per
243 4275 315 4310 narce
322 4261 442 4312 emissam
449 4257 570 4329 designat
575 4257 804 4329 reprehenditque.
813 4258 904 4307 Horat.
912 4253 964 4305 Sat.
973 4249 1051 4319 11‚3,
1060 4251 1119 4322 274.

289 4337 358 4401 Quies
365 4353 434 4396 quun
442 4339 508 4383 lullo
516 4337 566 4382 ictis
573 4350 655 4382 annoso
663 4338 727 4380 rerba
734 4334 813 4394 palato.
