3148 4950
414 339 477 404 nn
500 337 1019 406 31111110111110111111.
1170 343 1237 432 ⁴9³

197 473 233 550 4,
257 492 290 548 1,
313 479 347 532 et
366 465 432 533 Sat.
454 469 486 548 1,
510 474 547 548 4,
574 465 796 553 39-62;11,
820 462 859 546 6,
886 467 954 556 17),
977 461 1036 532 sed
1056 484 1239 536 venenatos

195 577 296 644 etiam
317 573 404 641 sales
423 589 457 641 et
475 571 685 674 ¹dicacitatem
705 572 882 641 aemulatus
902 592 961 641 est.
974 579 1016 640 Et
1031 573 1104 643 haec
1118 592 1169 643 est
1182 577 1240 644 illa

196 688 322 752 libertas
337 687 517 769 verborum,
536 709 612 781 quoe
627 687 659 752 ei
675 687 776 752 aCic.
796 683 839 752 ad
854 687 926 753 Div.
942 690 1021 769 XII,
1044 687 1099 769 16,
1115 702 1148 754 et
1165 688 1239 757 aliis

195 796 370 878 tribuitur,
383 794 438 864 hic
451 811 501 861 est
511 798 589 887 styli
600 821 695 862 nasus
707 795 911 883 (dicacitas),
927 798 965 862 ab
976 821 1011 864 eo
1021 805 1157 892 pt’imum
1170 826 1239 867 con·

196 909 279 975 dz'tus
293 907 376 995 (vid.
395 905 481 975 Plin.
495 908 589 974 Praef.
608 911 693 976 Hist.
716 913 789 975 Nat.
800 912 829 995 ),
849 924 883 975 et
896 909 1074 1002 singularis
1092 911 1148 979 ille
1166 913 1241 979 cltu-

197 1033 298 1086 racter
310 1019 494 1085 Lucilianus
507 1022 618 1103 (Varr.
633 1023 671 1084 lt.
687 1024 727 1085 R.
744 1023 810 1101 ΙΙΙ,
828 1043 865 1102 n,
886 1025 957 1110 17),
975 1037 1008 1087 et
1021 1024 1135 1090 Satirae
1146 1026 1243 1090 Luci·

198 1128 313 1212 lianae,
329 1130 387 1223 qui
398 1144 464 1194 tam
474 1152 515 1194 ex
528 1127 722 1219 fragmentis
731 1125 819 1221 ejus,
835 1153 936 1223 quam
951 1153 992 1198 ex
1000 1147 1152 1198 veterum
1163 1136 1243 1200 seri·

198 1255 336 1332 ptorurn
350 1240 548 1306 testimoniis
562 1241 666 1331 (inpr.
684 1244 801 1307 Horat.
817 1243 883 1308 Sat.
899 1245 932 1322 Ι,
950 1246 984 1324 4,
1007 1243 1110 1326 1-8,
1128 1247 1162 1326 Ι,
1185 1269 1242 1329 ιο,
1305 1239 1306 1244 ’

205 1347 331 1435 1-3ὀ,
348 1355 500 1442 43-7ι;
518 1354 566 1432 ΙΙ,
587 1376 619 1433 1,
639 1352 792 1442 62-703
812 1356 905 1419 Pers.
923 1358 953 1436 Ι,
978 1359 1038 1436 114
1056 1375 1126 1448 seq.
1140 1371 1174 1422 et
1187 1361 1246 1423 Ju-

200 1463 310 1560 uenal.
333 1467 363 1546 Ι,
383 1459 444 1528 152
465 1484 534 1555 seq.
554 1463 613 1528 165
636 1465 728 1557 seq.)
743 1463 967 1552 cognoscitur.
988 1462 1167 1533 Diomedes
1185 1464 1243 1532 lib.

201 1575 267 1655 ΙΙΙ,
289 1596 365 1664 pag.
389 1571 474 1655 482,
495 1569 548 1638 ed.
572 1571 705 1640 Putsch.
733 1575 874 1654 «Satira,
898 1577 1015 1666 inquit,
1039 1591 1090 1642 est
1110 1599 1246 1644 carmen

200 1681 292 1777 apud
307 1690 476 1751 Romanos
495 1707 586 1750 nnnc
602 1682 740 1778 quidem
752 1683 955 1753 maledicum
974 1686 1061 1754 etad
1079 1688 1247 1780 carpenda

202 1792 378 1862 hominnm
404 1796 484 1861 vitia
507 1794 646 1862 archaeae
669 1793 840 1864 comoediae
866 1794 1058 1864 charactere
1081 1799 1247 1889 composi-

202 1919 297 1971 tum:
317 1904 416 1999 quale
436 1907 643 1999 scripserunt
661 1905 809 1972 Lucilius
826 1922 860 1973 et
876 1909 1033 1974 Horatius
1050 1922 1084 1974 et
1102 1912 1247 1975 Persius.

202 2012 266 2082 Sed
283 2014 364 2083 olim
378 2039 529 2101 carmen,
547 2014 639 2111 quod
659 2041 700 2084 ex
717 2020 817 2086 variis
832 2015 1044 2110 poematibus
1056 2015 1246 2100 constabat,

203 2129 307 2196 Satira
326 2125 509 2212 dicebatur,
531 2129 631 2223 quale
652 2133 858 2223 scripserunt
877 2132 1040 2197 Pacuvius
1060 2147 1094 2197 et
1107 2132 1246 2197 Ennius.

203 2238 430 2325 Quintilianus
445 2245 525 2306 lnst.
541 2242 598 2307 Or.
613 2245 659 2322 X,
681 2265 690 2306 1
707 2292 715 2323 ,
737 2243 801 2332 93:
820 2271 832 2300 ιι
846 2242 949 2308 Satira
963 2256 1033 2306 tota
1050 2258 1166 2309 nostra
1177 2257 1246 2306 est:

203 2352 238 2417 in
259 2375 324 2445 qua
345 2353 474 2443 primus
489 2353 655 2442 insignem
674 2350 810 2418 laudem
828 2350 970 2445 adeptus
992 2368 1042 2418 est
1063 2349 1245 2418 Lucilius.»

204 2459 406 2543 Euanthius,
430 2485 489 2528 seu
510 2464 663 2557 quisquis
683 2478 801 2528 auctor
824 2463 887 2528 fuit
907 2461 1010 2529 libelli
1031 2460 1073 2527 de
1096 2466 1195 2553 Trag.
1218 2477 1251 2528 et

204 2577 298 2641 Gom.
327 2575 378 2659 (in
401 2571 504 2642 Thes.
526 2576 673 2642 Gronov.
701 2589 725 2640 t.
748 2575 847 2654 Vlll,
874 2588 908 2638 et
931 2575 967 2638 in
992 2569 1085 2639 editt.
1114 2575 1250 2638 Terent.

206 2681 418 2750 Westerhov.
439 2698 463 2749 t.
485 2689 514 2765 Ι,
533 2707 609 2775 pag.
624 2706 678 2766 11,
692 2681 917 2774 Lindenbrog.
937 2706 1012 2775 pag.
1036 2705 1097 2771 27,
1122 2697 1155 2748 et
1171 2687 1252 2748 Zeu·

206 2795 344 2879 niana):
365 2798 501 2879 «Quum
521 2809 630 2885 poetae
649 2793 742 2860 abuti
757 2788 912 2860 licentius
929 2791 1017 2884 stylo
1034 2795 1085 2877 (in
1100 2790 1252 2859 versibus

207 2906 434 2990 Fescenninis)
448 2919 481 2970 et
492 2907 617 2996 passim
635 2901 757 2970 laedere
775 2927 816 2970 ex
832 2901 969 2970 libidine
984 2903 1163 2992 coepissent
1177 2900 1253 2994 plu-

207 3038 261 3081 res
273 3014 399 3097 bonos,
420 3011 656 3109 nequisquam
675 3016 708 3079 in
728 3015 871 3082 alterum
890 3035 1026 3079 carmen
1041 3011 1163 3078 infame
1174 3035 1253 3102 pro-

207 3142 362 3216 poneret,
377 3125 450 3217 lege
460 3129 506 3213 (in
517 3131 580 3193 xu
591 3126 742 3213 Tabulis)
752 3126 831 3207 lata,
843 3125 976 3192 siluere.
988 3130 1031 3191 Et
1041 3123 1121 3191 hinc
1132 3121 1253 3191 deinde

208 3232 300 3300 aliud
313 3259 419 3325 genus
432 3234 569 3317 fabulae,
584 3235 693 3318 idest,
707 3235 824 3318 Setun,
840 3239 985 3327 sumpsit
995 3235 1169 3301 exordium
1180 3239 1255 3320 (Fe-

210 3346 380 3410 scenninis
402 3344 555 3411 versibus
579 3346 613 3409 in
637 3368 738 3411 scena
761 3347 921 3412 successit
947 3349 1065 3413 Satura
1089 3347 1199 3436 prisca
1222 3359 1256 3410 et

211 3453 394 3522 dramatico
406 3465 412 3492 ¹
423 3459 452 3541 ):
468 3477 544 3549 quae
558 3479 578 3520 a
590 3457 731 3547 Satyris,
744 3479 830 3549 quos
840 3455 950 3522 illotos
964 3478 1096 3546 semper
1109 3478 1149 3521 ac
1160 3471 1256 3548 petu-

211 3566 318 3634 lantes
332 3565 412 3634 deos
425 3567 548 3633 scimus
561 3589 651 3648 esse,
664 3569 808 3633 vocitata
822 3582 890 3648 est3
907 3568 969 3632 etsi
982 3563 1118 3633 aliunde
1131 3589 1255 3632 nomen

211 3681 350 3746 traxisse
374 3700 477 3768 prave
498 3693 620 3768 putant
643 3676 709 3745 alii.
735 3683 816 3746 Haec
838 3701 914 3772 quse
936 3680 1043 3746 Satira
1061 3677 1183 3746 dicitnr
1206 3681 1257 3764 (et

251 3888 271 3920 1.
284 3873 322 3923 lte
335 3871 477 3923 obscurum
489 3871 659 3924 Grammatici
671 3871 712 3924 lo·
756 3873 790 3926 ed
802 3874 896 3927 Sulzer.
910 3888 930 3927 t.
942 3875 991 3939 IV,
1006 3895 1033 3946 p.
1048 3873 1111 3939 126,
1127 3872 1189 3938 138,
1203 3871 1255 3924 alio

214 3966 272 3999 eum
283 3949 414 4020 intelligo,
429 3968 507 4022 quem
518 3950 570 4001 alio
583 3968 661 4002 sensu
673 3969 713 4002 ce·
756 3953 922 4019 Eichstaedt,
935 3973 961 4025 p.
976 3953 1023 4017 56,
1037 3952 1087 4021 57,
1102 3963 1128 4002 et
1142 3948 1194 4001 alio
1208 3949 1256 4002 de·

213 4031 251 4099 pit
263 4031 375 4085 Casaub.
388 4052 417 4103 p.
433 4032 482 4097 23,
501 4031 553 4084 alio
568 4031 710 4084 Blanltenb.
756 4035 837 4104 nique
847 4035 958 4100 Mauso,
972 4051 999 4104 p.
1014 4037 1079 4097 410,
1089 4032 1118 4098 41
1128 4047 1149 4082 1.
