3176 4954
397 395 471 470 'ux
495 408 642 472 imno
665 409 807 474 xxvu
832 411 985 510 sirm.
1059 493 1062 502 ,
1159 415 1224 504 399

580 606 817 627 mmm

288 748 363 822 EX
391 747 556 822 LIBRO
583 748 754 827 XXVII
782 747 1112 828 SATIRARUM.

689 931 714 994 I.

177 1038 216 1107 ld
228 1032 325 1106 bimis
337 1059 438 1130 porro
453 1041 531 1124 (seu
545 1041 737 1132 proprium)
750 1056 802 1105 est
812 1040 906 1122 viris,

175 1151 208 1217 Si
220 1149 310 1231 irati,
326 1169 386 1214 seu
398 1147 453 1213 cui
466 1149 602 1239 propitii
614 1164 695 1215 sunt
705 1149 744 1232 ii,
756 1164 795 1215 ut

176 1259 309 1326 Diutius
323 1255 440 1325 eadem
454 1281 524 1324 una
535 1275 696 1325 maneant
706 1259 742 1325 in
756 1263 934 1342 sententia,

177 1373 254 1436 Non
263 1393 340 1436 cum
354 1367 558 1460 benignitate
570 1365 775 1438 sollicitarier
788 1375 969 1464 proposito.

677 1487 720 1550 ΙΙ.

223 1593 359 1686 Coquus
371 1615 440 1657 non
454 1608 550 1659 curat
559 1591 701 1660 caudam
714 1595 881 1686 insignem
892 1618 980 1676 esse,
994 1593 1049 1662 illa
1061 1595 1145 1664 dum
1156 1600 1226 1690 pin-

176 1705 250 1793 guis
264 1705 342 1770 siet:

177 1816 282 1883 Amici
294 1831 450 1909 quaerunt
461 1818 613 1883 animum
625 1819 688 1900 sic,
702 1821 838 1910 parasiti
849 1835 964 1886 autem
974 1817 1115 1888 divitius.

668 1928 728 1992 111.

224 2038 316 2130 Facit
325 2036 416 2103 idem
428 2035 521 2132 quod
531 2033 592 2119 illi,
609 2040 667 2131 qui
681 2040 917 2131 inscripturus
933 2061 1034 2133 portu
1050 2059 1227 2138 exportant

176 2144 385 2230 clanculum,
398 2171 442 2215 ne
453 2149 641 2241 portorium
653 2146 744 2217 dent.

670 2263 726 2325 IV.

179 2417 472 2432 .........
498 2365 645 2434 Salutem
659 2367 744 2436 fictis
757 2369 911 2438 versibus
922 2369 1085 2455 Lucilius,

175 2477 303 2564 Quibus
316 2494 442 2571 potest,
455 2481 621 2572 impertit,
634 2495 809 2574 totumque
817 2481 883 2550 hoc
893 2483 1040 2551 studiose
1051 2501 1085 2551 et
1095 2483 1223 2553 sedulo.

683 2595 723 2657 V.

222 2705 277 2768 Tu
288 2698 454 2768 Lucilium
466 2700 574 2768 credis
591 2718 848 2786 contentarum,
866 2725 974 2797 quum
985 2725 1040 2770 me
1056 2705 1225 2797 ruperim,

177 2834 310 2878 summa
323 2811 435 2877 omnia
449 2807 597 2878 fecerim.

210 2994 229 3044 t.
244 2993 366 3045 Nonius:
381 2994 513 3066 Propitius
523 3005 549 3044 et
560 2992 680 3063 placatos
723 2994 752 3046 iu
774 2995 904 3066 scriptura
930 2991 1067 3065 publicani
1089 3010 1143 3045 non
1166 3005 1228 3045 sunt

175 3070 296 3124 homines
312 3071 366 3123 dici
382 3085 499 3124 vetustus
509 3071 601 3124 voluit.
617 3074 679 3124 Haec
722 3074 892 3144 perscriptis,
904 3073 932 3124 in
947 3074 1168 3143 commissumque
1187 3073 1227 3122 in-

176 3147 324 3218 invulgatis
332 3148 405 3202 libris
412 3148 536 3220 leguntur
543 3151 579 3203 sic
586 3162 612 3201 et
621 3169 680 3222 per·
725 3150 827 3204 eitiunt.
844 3149 912 3202 vido
927 3150 1100 3218 Turnebum,
1114 3150 1226 3203 Advers.

175 3227 300 3280 turbate:
316 3230 371 3280 «In
381 3228 465 3295 bonu,
473 3249 551 3301 porro
563 3241 601 3282 est
611 3231 679 3296 viris,
723 3228 771 3282 lib.
783 3231 825 3297 X,
836 3246 896 3300 cap.
909 3229 934 3280 6.
1013 3214 1020 3237 ⁴

175 3308 198 3360 εἰ
206 3307 283 3372 irati,
293 3327 338 3360 seu
346 3309 387 3362 cui
394 3309 504 3382 propitii
515 3310 637 3375 cumdii,
650 3321 679 3362 ut
757 3310 802 3360 tv,
819 3309 923 3361 Nonius
937 3327 944 3356 z
964 3308 1093 3380 Finqerc,
1114 3325 1227 3379 compo-

175 3387 272 3441 dt'utr'us
281 3389 370 3440 eadem
380 3407 433 3439 una
444 3401 570 3442 maneant
581 3389 609 3440 in
620 3407 679 3441 tert·
722 3405 794 3440 nere.
811 3385 884 3439 Idem
897 3407 904 3438 t
919 3387 1058 3458 Impertite
1070 3400 1110 3438 est
1121 3388 1228 3458 partici-

175 3468 271 3533 tentia,
285 3485 348 3519 nam
362 3485 421 3520 cum
432 3469 591 3541 benignitate
606 3465 679 3520 sottt-
722 3485 796 3538 pare,
805 3479 830 3518 et
837 3479 940 3537 partem
950 3465 1228 3529 dats.1dem=Sedulc
1268 3521 1272 3528 x

175 3546 238 3600 citos
247 3547 388 3618 proposito.
399 3570 410 3594 ι
723 3544 853 3617 siguificat
866 3546 922 3598 sine
935 3543 1006 3598 dolo.
1019 3547 1053 3597 Hi
1064 3563 1154 3599 versus
1165 3557 1228 3600 sunt

209 3623 374 3678 11.Nonius:
390 3627 496 3699 lusique
507 3624 606 3678 (licitur
620 3644 678 3678 ma·
723 3623 868 3686 trochaici;
888 3641 1001 3696 quorum
1018 3620 1085 3676 alter
1100 3625 1136 3676 itu
1154 3621 1228 3696 apud

174 3723 258 3776 guum
270 3717 447 3776 etpmstans.
723 3704 841 3756 Nouium
854 3702 970 3774 legitur:
992 3703 1081 3754 «Item
1097 3702 1228 3776 populum

209 3783 252 3835 111.
267 3782 372 3835 Nonius
388 3803 395 3834 ι
410 3781 564 3833 ‘Portorr‘um
581 3779 678 3832 dicitur
722 3778 916 3854 saluteetfictt's
924 3782 1032 3835 versibus
1040 3780 1184 3834 Lucilius.-

175 3877 290 3927 mcrces,
301 3879 357 3932 quae
370 3859 522 3933 portoribus
534 3857 620 3912 datur.
637 3862 679 3910 ln·
758 3865 791 3914 V.
801 3863 921 3915 Nonius:
933 3863 1128 3916 Contentum.
1139 3858 1224 3911 Idem:

175 3941 278 4012 scriptu
289 3960 392 4010 mercer
403 3953 476 4007 sunt,
487 3957 552 4012 quas
562 3941 680 4011 inportu
722 3939 865 4014 Rumpere,
874 3940 1030 4011 defatigare.
1040 3967 1077 3980 ·-
1084 3940 1125 3990 lta
1134 3938 1226 3990 Cicero

175 4017 426 4092 cpudpublicanum
438 4031 569 4072 mercator
582 4031 628 4071 aut
643 4020 680 4069 in·
724 4018 760 4072 ad
772 4021 904 4089 Atticum,
916 4020 961 4073 tth.
973 4021 1037 4072 XV:
1053 4017 1131 4071 uscze
1140 4014 1174 4068 ds
1187 4029 1227 4068 at·

175 4099 251 4152 utitor
265 4117 320 4152 non
339 4113 378 4154 est
391 4099 546 4172 professus,
563 4097 678 4170 ideoque
723 4099 867 4154 tributione
881 4102 970 4154 omnic
984 4115 1085 4151 summa
1100 4097 1224 4150 fecisse.»
1294 4092 1296 4096 ’
