3054 4932
17 3973 24 4018 ι

18 4055 27 4118 l

360 423 645 492 EDITIONUM
668 425 950 491 JUVENALIS.
1101 429 1167 518 657

120 551 325 625 mentationes
343 550 407 610 istae
419 547 592 609 doctrinam
606 545 732 629 quidem
745 560 774 608 et
786 551 996 631 sagacitatem,
1010 550 1062 612 sed
1081 552 1173 615 inhu-

120 650 303 710 manitatem
315 665 440 728 quoque
452 657 482 706 et
493 645 719 725 arrogantiam,
732 645 958 725 Heincckiana,
969 667 1039 731 qua
1052 648 1092 709 ab
1105 651 1174 733 ipso

121 767 228 807 earum
243 756 367 806 auctore
380 741 538 825 culpatur,
551 741 646 823 longe
657 739 807 823 majorem
818 743 947 825 spirant

163 841 380 904 Observationes
402 842 435 899 in
459 837 526 900 loco
548 835 662 920 aliquot
681 838 848 922 drffciliom
869 841 1038 918 luvenalis,
1062 846 1175 927 quibus

122 939 288 1024 praemissis
308 938 346 998 ad
366 956 494 998 examen
511 937 546 995 in
559 935 675 1018 Gymn.
697 936 833 1018 Magdal.
851 935 1033 1001 habendum
1053 943 1174 1004 invitat.

122 1036 188 1100 Jolr.
201 1039 286 1119 Cosp.
302 1034 382 1095 Frid.
401 1037 528 1108 Manto,
550 1034 589 1092 Ι)Ι
608 1031 721 1095 Philas.
740 1035 853 1094 Rector
869 1049 900 1095 ct
916 1035 999 1097 Prof.
1016 1038 1176 1102 Vratislav.

128 1136 202 1195 1812
219 1144 249 1193 et
265 1130 350 1207 18¹4.
365 1130 516 1209 Quaedam
526 1151 562 1191 ex
573 1129 622 1191 his
633 1130 720 1206 loca,
734 1151 798 1191 non
808 1133 930 1209 omnia,
944 1136 1069 1211 rectius,
1082 1159 1177 1218 quam

125 1231 165 1292 ab
179 1231 267 1306 aliis,
278 1229 413 1312 exposita
427 1228 632 1305 videbuntur3
648 1229 749 1290 oratio
764 1250 891 1312 quoque
910 1232 971 1290 viri
987 1231 1068 1294 docti
1085 1233 1179 1318 paulo

125 1331 297 1394 modestior
310 1341 356 1390 est
366 1340 397 1390 et
407 1325 590 1404 humanior,
602 1347 697 1411 quam
712 1327 957 1390 obtrectatorum
969 1330 1065 1392 modo
1080 1336 1180 1395 nomi·

124 1439 288 1503 natorum,
300 1446 437 1508 quorum
451 1425 628 1506 malignitas
644 1438 675 1486 et
687 1423 852 1486 calumniae
868 1426 908 1486 ab
921 1447 958 1487 ao
973 1440 1133 1494 notantur.

165 1524 246 1586 Alias
259 1524 399 1583 virorum
412 1520 575 1583 doctorum
591 1522 836 1598 observationes,
856 1543 913 1605 per
928 1527 1014 1586 varia
1029 1525 1181 1610 dispersas

122 1642 235 1704 opera,
249 1622 364 1703 passim
376 1619 511 1681 laudavi.
526 1620 632 1680 Plures
646 1633 751 1681 autem
765 1618 850 1680 haud
868 1619 962 1682 dubie
978 1623 1181 1685 inveniuntur

123 1721 162 1780 in
183 1717 287 1795 libris,
312 1738 392 1800 quos
412 1717 572 1778 consulere
593 1715 673 1779 mihi
695 1737 760 1778 non
785 1716 890 1798 licuit,
913 1719 962 1781 vel
985 1722 1018 1781 in
1043 1708 1180 1803 quorum

122 1815 261 1877 lectione
279 1835 343 1876 non
357 1826 561 1876 occurrerunt
575 1813 672 1875 oculis
683 1813 770 1874 meis.

379 2019 581 2086 lNEDlTA
606 2021 669 2086 ET
693 2019 935 2088 PROMlSSA

169 2221 272 2288 Multa
291 2243 328 2286 ex
349 2227 386 2286 iis
402 2224 470 2308 jam
486 2224 635 2287 indicavit
654 2225 832 2287 Herminius
850 2227 884 2287 in
899 2225 1018 2309 Proleg.
1034 2227 1182 2304 Sect.1v‚

125 2321 180 2384 his
197 2322 317 2384 verbis:

172 2421 312 2481 «Praeter
331 2439 366 2480 ea
379 2416 550 2500 (Scholia),
571 2439 640 2501 qua
655 2417 753 2479 latent
771 2419 805 2479 in
826 2417 1012 2480 Bibliotheca
1032 2419 1185 2481 Mediola-

125 2517 222 2578 nensi
245 2515 389 2598 aliisque,
410 2532 475 2575 non
495 2529 626 2599 possunt
648 2535 711 2576 non
735 2514 828 2575 latere
847 2512 922 2574 hinc
943 2514 1016 2575 inde
1037 2519 1185 2578 Lectiones

125 2612 263 2676 Publicoe
277 2635 369 2699 super
385 2611 585 2690 Juvenalem,
601 2612 706 2695 quales
722 2613 829 2673 Roma
841 2613 989 2689 Muretus,
1007 2613 1110 2676 Leidae
1128 2617 1186 2677 Cu·

126 2733 231 2787 umus,
245 2708 434 2772 Boxlrornius
449 2710 565 2791 aliique
579 2710 671 2769 variis
686 2711 719 2769 in
734 2707 812 2769 locis
829 2707 975 2786 habuere,
987 2709 1106 2772 Scholas
1119 2715 1188 2774 Pri-

125 2824 232 2886 uatas,
248 2830 324 2890 quas
334 2795 430 2891 vulgo
443 2807 573 2890 Collepia
583 2819 613 2866 et
623 2809 742 2868 Diruta
756 2807 929 2891 appellant,
943 2809 1012 2891 quis
1024 2829 1187 2872 enumera-

6 2971 8 2978 ,
126 2905 199 2971 hitt
215 2907 282 2967 Scio
299 2906 376 2967 tales
393 2919 509 2968 exstare
528 2905 607 2986 Auq.
622 2903 768 2964 Bnclman'
783 2917 814 2963 et
826 2904 971 2965 aliorum.
990 2905 1052 2982 Qui
1069 2908 1188 2967 cirratis

127 3007 220 3069 hunc
235 3008 364 3065 Poctam
375 3006 410 3066 in
419 3004 511 3066 trivio
520 3001 709 3086 praelegunt‚
720 2999 821 3062 solent
833 3015 864 3060 et
879 3000 925 3060 illi
937 3000 1053 3083 aliquid
1066 3004 1104 3063 ad
1115 3026 1187 3065 eum

131 3104 289 3180 allium-e²
303 3114 333 3161 et
350 3101 426 3161 talia
442 3100 508 3160 vidi
529 3101 603 3159 Ant.
616 3095 731 3158 AEmilii
744 3096 897 3179 quaedam.
910 3099 1008 3159 Taceo
1021 3102 1187 3182 superioris

131 3200 236 3263 artatis
252 3198 440 3258 Glossatores
455 3195 687 3270 Monachiscos,
700 3195 806 3275 quales
816 3193 1100 3279 suntPlrilippinru,
1119 3202 1190 3260 Mo·

12 3369 15 3378 1
132 3301 224 3382 qister
236 3298 386 3356 Martinus
395 3311 424 3356 et
437 3295 507 3370 alii,
529 3297 598 3376 qui,
618 3306 654 3355 ut
665 3293 771 3368 credo,
791 3293 825 3352 in
837 3294 963 3376 privatis
977 3297 1188 3376 quorumdam

133 3393 354 3471 Bibliothecis,
382 3395 536 3477 praecipue
558 3392 693 3466 Italicis,
724 3390 831 3451 latent.
851 3391 942 3452 Nunc
967 3405 1089 3454 tantum
1116 3417 1191 3457 enu-

135 3494 270 3557 merabo
284 3490 372 3566 illos,
386 3491 441 3573 qui
453 3488 641 3574 publicanda
657 3491 690 3548 in
705 3488 893 3570 Aquinatem
907 3503 979 3549 sunt
993 3490 1102 3552 moliti.

177 3595 202 3654 l.
213 3593 335 3651 Ouarsa
344 3591 515 3665 Brnrnrus,
525 3586 609 3670 quod
620 3589 685 3668 ipse
693 3587 786 3646 variis
796 3588 829 3646 in
839 3587 914 3647 locis
924 3607 1049 3650 suorum
1061 3609 1191 3674 operum

137 3701 287 3764 testatur,
299 3685 446 3769 quodque
460 3685 644 3768 intelligitur
657 3703 693 3745 cx
712 3684 837 3744 Daumii
851 3685 946 3768 Epist.
961 3685 1046 3761 XVI,
1064 3687 1104 3746 ad
1122 3688 1191 3749 Rei-

137 3810 202 3850 nes.
243 3805 306 3844 .m.
323 3783 370 3844 5².

180 3808 367 3944 ltplsncas
388 3883 604 3956 ossismos,
617 3878 702 3962 quod
721 3891 805 3962 patet
822 3901 887 3941 non
908 3878 1007 3940 solum
1028 3899 1063 3939 ex
1079 3879 1195 3940 iteratis

140 3979 261 4042 Barthii
274 3979 396 4042 indiciis
411 3979 494 4060 (vid.
507 3977 546 4040 ad
559 3977 719 4039 Claudian.
735 3991 765 4040 et
779 3977 901 4040 Advers.
914 3980 956 4054 L,
969 3979 1031 4057 9.),
1049 3975 1101 4037 sed
1115 3990 1145 4037 et
1160 3997 1196 4038 ex

1023 4062 1027 4071 ι

144 4077 241 4159 ipsius
259 4076 434 4140 Gasauboui
452 4075 598 4160 Epistolis
622 4095 690 4152 ιη,
710 4073 811 4136 atioet
826 4075 901 4149 266,
917 4094 989 4156 pag.
1009 4072 1068 4150 ²44
1083 4073 1196 4149 et3ol,
1300 4112 1306 4125 ·
1360 4093 1365 4106 ·

239 4177 306 4244 Ill.
998 4178 1039 4255 42
