3148 4950
374 498 434 561 DE
458 497 627 564 SATIRA
649 499 974 566 ROMANORUM.
1131 503 1196 572 505

159 631 288 712 κωμῳδίας
307 634 458 716 scrupula,
482 623 516 702 b.
539 649 568 692 e·
590 627 727 708 mimos,
751 627 934 697 imitatione
957 650 1132 719 expressos
1156 656 1196 698 ex

158 733 308 801 dramate
319 737 510 802 Graecorum
526 737 811 828 comico-satyrico
824 745 850 802 ιἐ
864 759 941 829 quae
956 736 1040 806 forte
1053 738 1197 832 explica·

158 847 205 911 tio
218 868 288 912 non
304 842 493 940 displicebit
505 847 550 928 ei,
570 847 629 938 qui
646 843 748 912 modo
760 845 847 912 dicta
859 861 893 912 et
906 848 1025 914 seriem
1038 854 1199 918 narratio-

158 959 209 1024 nis
227 957 440 1051 expenderit:
457 967 582 1032 Νικόλαος
599 957 774 1045 (Nicolaus
793 951 1035 1041 Damascenus,
1055 960 1199 1052 philoso-

158 1068 508 1164 phusperipateticus,
520 1087 632 1165 poeta,
643 1063 797 1138 oratoret
807 1069 1000 1152 historicus,
1012 1070 1053 1138 ab
1064 1074 1197 1143 Herode

159 1185 205 1246 M.
229 1180 424 1252 Judoeorum
446 1208 524 1277 rege
543 1199 655 1250 orator
676 1185 800 1250 missus
822 1181 866 1249 id
888 1167 1073 1274 Angustum
1093 1188 1198 1278 Imp.)

158 1293 184 1348 ίν
198 1300 229 1370 τῇ
244 1292 336 1373 ίὸδόμῃ
348 1299 391 1353 καὶ
405 1301 508 1376 εἰκοστῇ
520 1301 570 1352 τῶν
582 1284 700 1374 ἱστοριῶν
717 1295 826 1369 Σύλλαν,
840 1296 915 1365 φησὶ,
929 1294 974 1350 τὸν
992 1297 1111 1372 Ρωμαίων
1122 1317 1200 1374 στρα-

158 1398 253 1464 τηγόν,
268 1392 333 1450 οὕτω
349 1399 447 1472 χαίριιν
460 1395 545 1472 μίμοις
556 1394 599 1450 καί
612 1395 791 1469 ’μλωταποιαῑς
803 1393 939 1468 ριλίγιλων
950 1391 1096 1469 γινόμενον,
1109 1395 1142 1458 ὡς
1156 1397 1200 1450 καὶ

158 1489 240 1543 rolla
250 1496 296 1564 pit
308 1493 385 1571 μίτρα
397 1494 482 1557 αὐτοῖς
496 1492 643 1571 χαρίζεσθαι
655 1498 700 1555 τῆς
709 1487 840 1566 δημοσίας.
855 1475 1028 1566 ἐμφανίζουσι
1041 1485 1065 1545 d'
1081 1491 1159 1547 αὐτοῦ
1170 1491 1200 1546 τὸ

158 1586 215 1662 περὶ
229 1593 309 1643 ταῦτα
325 1587 408 1668 ἱλαρὸν
420 1589 448 1646 αἱ
460 1585 503 1646 ὑπ’
517 1589 595 1644 αὐτοῦ
611 1593 742 1665 γραφεῖσαι
761 1584 894 1664 σατυρικαὶ
911 1579 1038 1660 κωμῳδίαι
1054 1593 1085 1664 τῇ
1103 1589 1200 1666 πατρίῳ

160 1678 209 1762 (id
227 1680 411 1774 Schweigh.
426 1707 468 1750 ex
480 1686 566 1751 MSS.
587 1683 732 1748 restituit
747 1704 809 1772 pro
824 1685 947 1768 πατρῴῳ)
960 1693 1037 1764 φωνῇ.
1052 1721 1099 1732 -
1109 1679 1199 1768 Quid

159 1795 258 1856 vero?
270 1790 1011 1882 nonnefabulisGraecorumcomico-satyricis
1022 1787 1199 1872 Atellanas,

158 1897 201 1965 ab
221 1903 316 1968 Oscis
339 1906 509 1983 inventas,
536 1901 721 1968 simillimas
742 1900 845 1966 fuisse
867 1923 970 1991 supra
988 1899 1130 1991 professi
1148 1924 1200 1968 su·

158 2015 253 2078 mus?
270 2011 308 2080 Id
322 2001 458 2107 quidem
477 2037 546 2082 non
565 1999 835 2079 dissimulamus:
850 2013 1019 2078 enimvero
1036 2010 1108 2078 baec
1123 2035 1200 2080 eon-

159 2126 341 2206 venientia,
364 2127 392 2191 si
412 2149 479 2191 non
500 2141 584 2204 tota,
604 2140 693 2190 certe
709 2125 887 2189 maximam
904 2138 1050 2213 partem,
1064 2121 1200 2189 fortuita

158 2233 271 2323 potius
294 2232 396 2300 fnisse
416 2232 560 2315 videtur,
583 2256 684 2325 quam
706 2232 747 2297 ab
769 2231 952 2296 imitatione
972 2229 1132 2322 profecta.
1153 2234 1200 2296 Ea

159 2362 294 2433 quoque
308 2366 376 2407 non
391 2344 455 2408 nisi
472 2366 512 2408 ex
529 2344 831 2408 Grammaticorum
844 2339 1031 2426 (Diomedis
1050 2344 1107 2421 111,
1125 2363 1199 2430 pag.

161 2451 243 2539 487,
259 2469 292 2518 et
306 2453 403 2518 Marii
415 2453 575 2518 Victorini
595 2456 637 2532 11,
653 2474 728 2542 pag.
749 2452 855 2538 2527,
877 2447 928 2514 ed.
941 2448 1093 2534 Putsch.)
1111 2451 1201 2515 testi·

158 2563 297 2642 moniis,
312 2563 435 2655 quibus
452 2586 520 2628 non
533 2563 675 2627 nimium
694 2558 889 2640 tribuerim,
909 2581 1074 2649 suspensa
1089 2573 1152 2638 est;
1167 2573 1202 2625 et

160 2675 356 2766 neutiquam
368 2672 577 2754 dubitamus,
598 2675 680 2766 quin
694 2686 816 2764 praeter
829 2693 1051 2762 personarum
1066 2667 1202 2736 diversi·

160 2797 264 2848 tatem
282 2781 364 2869 (vid.
377 2808 449 2876 sup.
473 2799 543 2851 not.
578 2807 611 2866 r,
631 2806 707 2875 pag.
726 2784 840 2872 489),
854 2779 919 2846 alia
936 2803 1071 2874 quoque
1084 2779 1202 2870 depre-

160 2891 388 2963 henderentur
400 2875 618 2977 ¹disciimina,
638 2897 666 2962 si
684 2893 738 2960 vel
757 2897 858 2960 unius
870 2891 993 2960 fabulae
1011 2909 1046 2959 et
1061 2893 1202 2958 comico-

162 3008 313 3097 satyricae
321 3005 521 3073 etAtellanae
530 3003 682 3097 exempla
694 3003 907 3083 haberemus,
919 3025 996 3096 quae
1006 3024 1201 3092 comparare

159 3114 288 3184 liceret.
304 3123 387 3203 Quae
398 3117 538 3185 facultas
550 3142 655 3212 quum
665 3116 761 3182 nobis
772 3132 938 3207 praerepta
948 3116 991 3180 sit
1001 3115 1084 3180 tristi
1094 3112 1203 3179 litera-

160 3250 237 3293 rum
253 3226 337 3308 fato,
352 3243 386 3295 et
397 3227 486 3295 illius
499 3229 659 3296 dramatis
671 3229 727 3292 vix
739 3226 809 3292 ulla
818 3227 1020 3316 fragmenta,
1033 3239 1091 3291 aut
1100 3223 1203 3290 dubia

160 3355 292 3406 tantum
312 3336 435 3430 (qualia
447 3337 769 3407 suntSositheanum
781 3352 815 3402 et
827 3335 1044 3429 alia,quaeeo
1056 3334 1203 3402 referun-

199 3553 354 3606 1.Eamdem
365 3552 658 3626 explicationem,quam
705 3571 751 3624 77;
764 3551 910 3620 Schweigh.
923 3549 955 3603 ad
968 3550 1066 3602 Athen.
1079 3548 1129 3602 loe.
1143 3550 1160 3604 1.
1176 3564 1201 3604 et

159 3629 238 3683 nobis
250 3633 376 3700 suggessit
392 3634 549 3685 narrationis
562 3636 658 3699 series,
703 3630 817 3683 Casttnb.
829 3649 857 3700 p.
876 3629 942 3696 243,
961 3626 993 3679 al.
1008 3630 1076 3699 307,
1091 3648 1145 3700 seq.
1158 3631 1203 3700 qui

159 3711 186 3761 in
198 3711 257 3760 Jen.
271 3710 343 3784 Attq.
355 3712 403 3763 Lit.
418 3713 482 3763 zetr.
494 3733 518 3764 α.
535 3713 611 3781 1796,
622 3714 657 3766 Ν.
704 3725 807 3772 tarnrn,
822 3729 848 3780 p.
861 3710 908 3777 94,
923 3707 1076 3760 dubitanter
1088 3708 1204 3774 dixerat,

163 3805 207 3856 191
217 3825 226 3853 ,
236 3791 376 3859 proposuit
387 3791 426 3839 vir
435 3789 539 3861 quidam
551 3790 659 3858 doctus,
702 3790 804 3841 fabulas
821 3789 880 3840 illas
896 3788 937 3840 vel
953 3789 1087 3841 Atellanas
1105 3789 1202 3852 fuisse,

160 3868 204 3918 eui
216 3883 353 3938 acceptum
366 3869 503 3920 referimus
519 3868 658 3938 judicium,
702 3868 741 3921 vei
759 3869 937 3934 tabernarias,
956 3881 1001 3920 aut
1024 3882 1093 3920 certe
1109 3868 1201 3917 unimus

161 3943 233 4017 quod
245 3944 278 3997 de
289 3945 334 3997 illo
348 3947 424 3998 Marii
440 3949 567 4000 Victorini
581 3966 658 4000 versu
703 3947 842 4020 quosdam.
853 3951 913 4019 lpta
923 3947 1041 3999 dramata
1054 3947 1163 4016 satyrica
1171 3947 1203 3996 ai·

160 4021 243 4074 modo
259 4022 373 4078 tulimus.
388 4024 521 4078 Atellanas
537 4025 658 4093 fabulas,
703 4025 821 4096 gnificari
840 4026 895 4078 vult
915 4027 1027 4096 Koenig,
1048 4043 1074 4094 p.
1098 4021 1146 4088 ab,
1168 4041 1201 4074 ne

159 4101 299 4155 hilaritatis
318 4105 403 4156 minus
417 4105 532 4158 honeste
549 4104 659 4174 plenas,
703 4104 816 4174 frigeant
830 4103 912 4157 verba
929 4115 1044 4155 exueras
1061 4110 1089 4171 τῇ
1105 4107 1203 4170 πατρῴῳ

66 4213 70 4220 ,
160 4181 657 4252 designariexistimantEicbstaedt,p.
704 4193 770 4253 φωνῇ.
