3026 4944
6 535 7 572 ἰ
124 519 1176 556 m

398 743 609 822 SATIRAE
641 731 905 828 SECUNDAE

506 966 800 1022 ARGUMENTUM.

160 1166 325 1229 nissam
341 1180 388 1228 est
405 1169 445 1229 aa
464 1151 702 1252 Philosophum
725 1171 909 1252 meamque
929 1171 1059 1232 materia
1078 1172 1178 1235 divini

121 1263 224 1323 erutus
232 1264 607 1346 ignoratioethominum
617 1268 651 1326 in
661 1267 782 1328 orando
790 1268 919 1329 numine
929 1269 1078 1352 impietas.
1086 1271 1179 1330 Hunc

120 1357 368 1436 iocnm,Graecis
374 1363 554 1445 Latinisque
563 1363 764 1446 scriptoribus
771 1384 838 1425 non
846 1363 938 1426 semel
944 1367 1177 1440 tractamm,sui

116 1457 198 1538 juris
211 1479 302 1520 nunc
313 1459 390 1523 facit
399 1463 535 1541 Persius,
549 1475 580 1523 et
592 1461 690 1524 ferme
702 1473 804 1524 totum
819 1465 927 1545 paucis
940 1465 1079 1526 versibus
1093 1487 1179 1527 com·

120 1554 278 1638 plectinrr.
297 1558 404 1638 Neque
419 1559 503 1618 enim
520 1557 623 1619 solum
638 1559 790 1621 simulatae
806 1559 974 1620 sanctitatis
989 1561 1136 1644 speciem,
1150 1574 1180 1622 ct

120 1653 154 1712 in
166 1653 293 1714 orando
304 1654 492 1737 nequitiam,
505 1655 811 1736 nundinationesque
823 1655 896 1718 deos
907 1657 1027 1718 interet
1037 1656 1181 1719 homines

121 1751 296 1828 institutas,
315 1765 346 1814 et
364 1753 589 1836 superstitiosos
608 1754 642 1814 in
658 1753 801 1836 precibus
818 1754 1029 1837 concipiendis
1042 1755 1134 1834 ritus,
1151 1767 1181 1816 et

122 1861 302 1929 pugnantes
316 1848 397 1910 inter
409 1870 441 1910 se
453 1850 574 1934 sibique
587 1851 660 1933 ipsis
670 1851 841 1911 contrarias
853 1852 1042 1934 precationes
1054 1854 1181 1934 exponit

122 1947 300 2028 etexagitat
315 1971 321 2005 :
338 1967 448 2008 verum
467 1947 661 2010 haecomnia
680 1949 771 2010 docet
790 1949 875 2010 unde
893 1948 1129 2032 proficiscantur
1150 1964 1181 2012 et

6 2079 8 2100 2
122 2044 235 2125 quibus
247 2044 288 2106 ab
304 2046 462 2107 erroribus
475 2046 756 2131 cupiditatibusque
770 2047 886 2109 ducant
898 2049 1062 2130 originem.
1077 2049 1178 2109 Immo

6 2135 8 2208 ξ
125 2140 232 2217 enam,
240 2144 389 2204 extremis
400 2144 552 2222 versibus,
564 2143 658 2227 plane
670 2145 785 2222 aureis,
797 2144 972 2212 doctrinam
979 2145 1103 2207 devotis
1112 2147 1178 2207 Deo

6 2239 8 2324 ἰ
124 2237 305 2315 gratissimis
315 2260 420 2302 veram
433 2239 658 2322 honestamque
668 2238 842 2324 profitetur.
1186 2311 1210 2366 0

388 2672 608 2752 SATIRAE
636 2674 916 2752 SECUNDAE

553 2868 748 2922 Auatrsls.

6 3113 8 3120 ¹
163 3045 325 3123 Macrino,
341 3047 443 3107 amieo
461 3066 538 3123 suo,
558 3044 642 3107 diem
662 3045 797 3108 natalem
816 3059 846 3107 et
863 3047 982 3106 bonam
1002 3045 1037 3105 iu
1056 3048 1180 3108 orando

6 3145 7 3168 ³
126 3146 254 3205 numine
265 3154 405 3205 mentem
416 3141 738 3226 Persius'gratulatur,
754 3165 784 3219 r,
796 3142 826 3218 4.
843 3178 881 3188 -
902 3141 979 3203 Inde
990 3143 1116 3203 satiram
1130 3145 1176 3204 in-

6 3263 7 3268 *
125 3240 223 3302 tendit
237 3243 273 3303 in
288 3253 363 3303 vota
380 3261 543 3326 precesque
560 3237 738 3300 hominum.
755 3240 797 3300 Ac
815 3239 920 3321 primo
935 3237 1037 3319 tangit
1054 3240 1177 3319 eosqui

6 3349 7 3382 r
125 3353 264 3401 sanctam
281 3361 348 3424 prae
368 3361 399 3401 se
422 3339 529 3404 ferunt
551 3340 586 3400 in
601 3340 683 3400 rotis
702 3336 905 3414 modestiam,
927 3337 1013 3397 taciti
1028 3356 1102 3397 vero
1122 3357 1177 3397 ne·

126 3438 206 3499 fana
226 3449 417 3521 precantur:
441 3447 576 3520 quorum
599 3434 734 3496 occultas
754 3454 857 3518 preces
876 3433 986 3514 retegit
1011 3432 1178 3514 recitatque

126 3535 302 3613 irridendo,
318 3535 351 3613 5,
365 3535 409 3596 16.
422 3569 461 3582 -
477 3536 558 3595 Tum
568 3543 660 3594 vocat
673 3531 712 3594 ad
726 3531 860 3594 calculos
873 3531 960 3591 istius
973 3529 1060 3590 modi
1072 3527 1177 3591 homi-

128 3655 197 3710 nes,
206 3635 261 3716 qui
273 3645 382 3717 petant
393 3655 411 3694 a
422 3617 505 3710 Diis,
517 3652 587 3714 quae
602 3631 736 3714 pessimo
747 3631 859 3712 cuique
870 3623 937 3690 non
949 3626 1085 3688 audeant
1094 3647 1178 3688 com·

128 3733 263 3810 mittere3
274 3733 330 3815 qui
340 3752 459 3793 numen
468 3742 523 3792 aut
531 3739 747 3805 contemnant,
758 3727 831 3810 quia
838 3746 905 3788 non
912 3725 1015 3786 statim
1024 3724 1179 3808 aperian-

129 3842 180 3891 tur
187 3829 251 3912 ejus
258 3829 446 3908 vindictam,
462 3841 517 3891 aut
528 3827 684 3892 sacrificiis
695 3826 855 3910 corrumpi
870 3845 959 3909 posse
973 3824 1177 3897 arbitrentur,

138 3947 186 4008 17,
200 3927 248 3990 30,
262 3961 303 3974 -
319 3929 390 3988 Jam
404 3928 627 4010 superstitiosas
641 3925 819 4010 aggreditur
832 3923 1048 3996 caeremonias,
1064 3917 1178 4000 quibus

134 4025 234 4086 inania
251 4026 339 4086 bona
359 4025 549 4088 muliercula
568 4027 670 4109 pueris
691 4035 835 4107 exoptare
853 4021 969 4097 solent,
990 4020 1042 4094 31,
1063 4012 1114 4090 40.
1137 4049 1178 4061 -

132 4119 269 4205 Denique
278 4123 449 4205 quominus
457 4133 604 4185 votorum
616 4132 771 4205 compotes
780 4119 872 4197 fiant,
884 4117 944 4200 ipsi
953 4110 1177 4197 impedimento

131 4233 202 4281 sunt
212 4221 272 4283 sihi
282 4220 426 4286 homines
436 4245 445 4284 ι
457 4221 510 4286 alii
521 4221 645 4285 firmam
656 4219 866 4284 valetudinem
878 4227 1013 4289 orantes,
1028 4213 1178 4294 intempe-
