2986 4924
344 344 409 408 228
515 331 667 398 VARIAE
691 319 960 391 LECTIONES
982 319 1045 382 ΕΤ
1068 317 1203 382 NOTAE

339 479 403 540 pote
414 461 543 591 nimiam3
549 454 684 518 Ciceroni,
695 452 734 503 De
742 447 829 501 Finib.
840 448 888 512 111,
901 461 950 514 27,
961 460 1012 514 pro
1025 442 1128 494 uum.
1145 441 1195 506 30,
1209 453 1237 492 et
1253 439 1375 501 Horatio,

341 551 394 602 Sat.
410 546 434 610 Ι,
447 543 477 606 3,
494 555 523 590 ιι
554 559 560 588 =

513 663 557 706 uec
566 661 635 704 vincet
643 661 700 702 ratio
710 658 751 698 hoe
760 687 767 708 ,
777 653 915 698 tantumdem
926 661 950 694 nt
959 658 1044 707 peccet,
1054 648 1166 704 idemque,

449 773 453 780 ,
513 730 556 784 Qui
566 739 649 772 teneros
658 723 729 768 caules
738 721 801 765 alieni
812 719 899 776 fregerit
907 718 977 772 horti,

512 795 538 838 Ει
549 793 714 851 quinocturnus
724 787 802 830 Dirum
811 799 872 829 saera
883 783 964 840 legerit.
975 781 1037 826 Adsit

512 857 707 918 aegrumpecoeris
718 867 848 911 qrrapoerrnr
858 852 1033 909 irrogetequas:
1155 903 1156 906 Ἰ

514 931 546 972 lie
555 927 636 972 scutica
645 926 736 982 dignum
745 920 843 966 horribili
851 928 932 965 sectere
941 917 1026 980 flagello
1032 917 1040 967 ,¹
1054 923 1095 958 ete.

343 1043 414 1100 Conl
423 1055 449 1096 et
462 1039 553 1092 llor‘at.
568 1037 620 1089 Sat.
632 1027 714 1098 11,3;
726 1034 765 1098 Il,
778 1027 932 1102 7;Epistol.
945 1027 971 1094 l,
986 1042 1014 1092 r,
1028 1023 1078 1078 aab
1092 1021 1179 1074 linem.

336 1139 340 1146 Ι
377 1171 445 1220 Nor.
462 1179 520 1214 root
537 1161 573 1212 Et
590 1157 652 1230 qaid
669 1168 722 1208 tam
734 1153 915 1226 pamumest?
927 1150 975 1202 'sed
993 1144 1068 1199 nullo
1086 1143 1159 1210 thure
1180 1142 1275 1196 litabis.
1297 1166 1333 1180 -·
1348 1143 1380 1193 Et

342 1248 407 1322 quid
426 1255 479 1294 tam
493 1257 605 1314 pervum
617 1248 668 1298 est-5
685 1247 787 1307 spectat
801 1231 834 1284 ad
855 1232 965 1306 diqitum
978 1243 1057 1279 exere.
1074 1227 1134 1277 llaec
1148 1220 1205 1276 vult
1218 1220 1312 1294 reponi
1326 1221 1382 1272 Pra-

342 1341 407 1380 taeus
416 1343 431 1374 a
439 1324 475 1374 M.
483 1323 584 1381 Dama3
596 1317 643 1370 eerl
655 1315 736 1367 Persii
746 1313 865 1366 doceatis
876 1311 984 1382 propria
992 1309 1074 1378 magis
1083 1323 1139 1358 esse
1148 1301 1281 1355 vitientur.
1291 1330 1327 1342 -
1335 1300 1381 1353 Sed

343 1403 417 1460 nullo
431 1401 505 1454 thure
523 1398 624 1458 titania
635 1397 738 1467 poetica
757 1392 857 1444 locutio
874 1393 913 1443 es't
932 1408 981 1462 pro
998 1410 1005 1438 ι
1021 1386 1095 1438 nullo
1110 1383 1189 1435 morlo
1207 1381 1265 1434 lieri
1278 1391 1381 1452 potest,

342 1483 416 1536 nulla
438 1481 540 1532 ratione
552 1476 658 1529 efficies.
678 1475 765 1526 Litore
774 1495 784 1536 ς
804 1472 906 1543 respice
927 1468 1028 1522 adnot.
1052 1484 1119 1518 rere.
1138 1464 1224 1517 ultimi
1238 1462 1294 1514 Sat.
1307 1463 1338 1512 ll.
1353 1487 1383 1500 —

344 1563 445 1623 Tium
457 1579 506 1633 pro
518 1557 646 1611 sacrificio
660 1553 787 1624 quolibet.

378 1699 446 1750 Nor.
462 1709 519 1744 ror.
532 1690 684 1742 Hismario
700 1685 784 1740 emitis
806 1684 885 1738 brevis
903 1693 933 1735 ιιι
949 1681 1082 1736 semuncia
1099 1681 1168 1731 recti.
1183 1707 1220 1718 -
1237 1677 1345 1730 amar
1359 1677 1384 1726 io

343 1772 440 1838 stultis,
459 1769 537 1822 cadat
550 1769 577 1819 in
594 1765 697 1818 stultos.
709 1794 744 1805 —
755 1763 847 1815 Brevis·
856 1761 1004 1821 semunoie5
1023 1757 1132 1810 dimidia
1149 1775 1210 1828 pars
1227 1769 1267 1806 est
1284 1757 1385 1817 uncia,

343 1850 491 1924 etquidem
510 1861 600 1912 curta,
622 1847 665 1898 cui
682 1842 781 1915 aliquid
800 1840 875 1894 desit.
892 1869 928 1881 -
944 1840 1017 1892 Beati
1024 1861 1033 1900 ,-
1057 1839 1205 1910 eapientiae,
1222 1834 1385 1886 vinariesie
1489 1899 1490 1902 Ἴ

343 1929 567 2003 exprimitdogma
577 1925 643 1978 illud
650 1926 811 1978 Stoicorum:
826 1941 881 1974 non
890 1921 943 1974 lieri
951 1939 1044 1992 posse,
1054 1920 1196 1988 uteapiens
1208 1915 1264 1968 nlla
1273 1923 1305 1967 eir
1314 1929 1386 1986 parte

342 2015 391 2076 sit,
400 2012 445 2082 qui
455 2027 509 2061 non
520 2021 591 2059 totae
603 2008 696 2078 sapiat.
708 2005 824 2056 Virtutes
839 2003 924 2066 enirn,
937 2005 1010 2053 aiunt
1022 1997 1110 2065 illi,se
1118 2012 1386 2067 mutuoconsequun·

342 2106 400 2144 tur:
416 2092 462 2161 qni
475 2105 555 2140 unam
567 2084 662 2150 habet,
676 2103 767 2136 omnes
781 2083 877 2134 habeat
891 2099 998 2132 necesso
1010 2093 1064 2140 est;
1081 2091 1171 2130 careat
1181 2077 1306 2129 omnibus
1318 2115 1326 2142 ,
1339 2074 1387 2146 ¹qui

342 2183 413 2225 emt
425 2187 485 2220 una.
504 2168 639 2230 Laertius,
660 2165 699 2215 De
715 2163 873 2235 Chrysipp:
899 2159 963 2216 «seir
978 2156 1061 2228 ἀραιὰ
1086 2157 1188 2223 elysum
1208 2155 1387 2210 surmiseliis

343 2246 470 2309 ιἰλιῖιιιιιι,
483 2244 523 2297 aei
533 2241 638 2308 elimas
651 2244 735 2329 ἔχοιτε
748 2239 828 2297 παίσαι
841 2239 908 2306 ἔχειν,
922 2263 933 2287 ι

378 2379 451 2434 Nom
464 2397 521 2432 ιιι.
539 2379 601 2431 Hac
614 2379 718 2431 miscere
729 2377 821 2448 nefas:
835 2394 882 2428 rrae
890 2415 898 2442 ,
912 2393 993 2448 quum
1005 2376 1038 2427 sis
1048 2387 1139 2428 cetera
1147 2373 1240 2445 fossor.
1256 2401 1294 2414 -
1311 2374 1387 2434 Hac,-

344 2463 500 2533 sapientiam
515 2477 609 2531 nempe
623 2471 649 2510 et
658 2456 804 2510 stultitiam.
817 2485 850 2494 —
862 2455 969 2508 Miscere
976 2475 986 2516 ,·
997 2456 1159 2506 consociare.
1174 2481 1209 2492 -
1218 2450 1304 2520 Nefas
1311 2475 1321 2514 ‚·
1332 2471 1388 2504 ver·

338 2535 407 2592 'burn
421 2542 511 2612 posuit
523 2557 603 2610 quarn
616 2537 810 2607 gravissimum,
824 2549 850 2588 et
866 2535 899 2589 ad
914 2549 988 2587 saort
1003 2536 1137 2586 usitatum.
1150 2529 1230 2585 Aliud
1239 2544 1281 2583 eet
1294 2530 1388 2602 dogma

342 2611 500 2675 Stoicorum.
512 2621 624 2688 Diogen.
639 2617 724 2668 Laert.
737 2617 764 2666 in
776 2617 829 2666 Vit.
839 2615 972 2666 Zenonis:
990 2635 1002 2658 ι
1013 2608 1102 2678 sipiares
1114 2610 1194 2665 orieris
1206 2608 1284 2676 petis
1295 2610 1390 2676 maii

344 2691 400 2752 river
419 2689 501 2766 aperis
518 2695 558 2748 eal
576 2697 668 2750 eadee.
687 2693 793 2765 (Placet
805 2692 861 2746 illis
877 2692 947 2745 nilril
962 2693 1078 2746 interesse
1095 2693 1214 2742 uirtutem
1231 2691 1338 2743 imeret
1351 2692 1389 2742 vi·

344 2779 408 2831 tium
416 2815 425 2844 ,
438 2780 456 2829 i.
472 2778 597 2831 esomnia
612 2777 732 2828 virtutem
746 2775 814 2826 inter
823 2791 855 2826 ao
868 2775 960 2827 vitium
974 2790 1025 2825 esse
1039 2770 1174 2842 abrupta.)
1187 2769 1268 2838 Quod
1280 2784 1323 2822 est
1337 2789 1389 2822 om·

343 2849 407 2908 nino
419 2857 579 2908 contrarium
594 2852 656 2905 huic
668 2853 914 2923 Peripateticorum,
926 2864 972 2904 aut
986 2863 1056 2904 certe
1065 2852 1148 2921 ipsius
1161 2849 1313 2902 Aristotelia
1326 2849 1388 2920 ‹log-

344 2937 418 2997 mati,
429 2935 467 2986 sic
479 2952 602 3005 expresso
613 2931 684 3004 apud
695 2932 848 2982 Horatium:

517 3063 591 3107 Virtus
600 3072 632 3106 est
642 3061 739 3106 medium
749 3061 853 3105 vitiorum
862 3060 973 3116 utrimque
982 3061 1104 3104 reductum.

380 3186 446 3236 Nor.
463 3199 527 3249 rna,
545 3184 602 3236 123.
617 3181 687 3250 Nec,
702 3201 785 3255 quum
796 3185 828 3236 sis
839 3193 928 3236 catere
937 3169 1038 3253 fossor,
1058 3181 1118 3232 Tres
1135 3190 1237 3232 mamm
1248 3181 1287 3232 ad
1303 3197 1390 3233 nume·

343 3283 384 3316 ros
393 3263 474 3334 satyri
485 3280 602 3315 moveare
613 3261 740 3334 Bathylli.
754 3293 785 3302 -
797 3265 902 3334 Repetit
914 3262 1069 3314 sententiam
1083 3260 1152 3316 hanc
1160 3264 1216 3331 jam
1229 3261 1388 3331 praecedenti

342 3359 420 3394 versu
433 3359 581 3411 expressam
596 3355 622 3393 et
634 3342 812 3413 superioribus
823 3365 830 3395 z
843 3343 898 3394 lieri
910 3360 964 3392 non
981 3353 1070 3410 potest
1084 3353 1115 3393 ut
1125 3341 1211 3393 tenuia
1228 3357 1316 3392 rerum
1327 3339 1388 3414 effi·

344 3422 388 3498 cia,
397 3419 534 3491 pervideas
542 3434 575 3472 et
586 3423 735 3491 exsequaris
750 3421 803 3474 ulla
815 3424 841 3472 in
853 3441 895 3485 re,
908 3439 989 3494 quum
1005 3420 1033 3470 in
1042 3419 1138 3472 ceteris
1149 3419 1273 3470 omnibus
1285 3421 1389 3489 pinguis

346 3513 372 3551 et
392 3501 518 3571 insipiens
537 3504 580 3554 sis.
600 3502 686 3568 Quam
704 3505 861 3555 seutentiam
879 3521 928 3574 per
941 3501 1168 3570 comparationem
1181 3500 1307 3570 exponit,
1329 3499 1388 3551 lruio

344 3583 538 3652 'comparationi
545 3582 717 3648 simillimam,
726 3603 780 3656 qua
790 3586 910 3655 superius
921 3601 985 3635 neus
995 3595 1034 3634 est
1045 3581 1212 3634 :Sembucam
1218 3581 1298 3634 citiirs
1304 3580 1389 3633 caloni

344 3661 472 3730 aptaveris
489 3661 552 3713 alto.
568 3663 657 3714 Fossor
674 3665 742 3716 enim
755 3664 857 3733 positus
872 3675 912 3714 est
924 3679 972 3732 pro
983 3660 1091 3713 homine
1103 3657 1209 3730 stupido
1226 3673 1253 3711 et
1266 3659 1389 3722 sordido,

345 3740 392 3808 qui
407 3739 581 3792 membrorum
595 3741 711 3812 agilitate
725 3755 751 3795 et
765 3743 876 3795 actionis
885 3741 980 3793 decore
996 3739 1138 3792 destitutus
1152 3752 1201 3792 eet.
1213 3765 1248 3778 -·
1263 3739 1325 3791 Tres
1336 3750 1390 3791 tao·

346 3829 403 3868 tum
412 3818 447 3870 ad
456 3831 697 3872 numemsmoveare
704 3842 713 3882 ,·
722 3821 887 3892 prosaltare,
899 3819 1061 3889 ὄρχιὶσιιθιιι,
1070 3818 1219 3872 locutiones
1228 3831 1292 3871 sunt
1305 3819 1390 3890 poeti-

345 3915 396 3960 cae3
411 3897 510 3951 moveri
521 3899 556 3950 ad
568 3917 701 3966 numeros,
715 3897 805 3952 ludere
822 3903 848 3951 in
860 3919 1015 3964 numerum,
1027 3913 1058 3950 nt
1070 3899 1160 3970 virgil.
1175 3897 1268 3968 Eclog.
1281 3901 1333 3964 Vl,
1349 3914 1388 3966 ²7·

346 3975 467 4051 Propert.
482 3981 520 4044 11,
537 3980 584 4047 18,
601 3980 647 4042 ι6;
660 3978 773 4034 Martial.
786 3981 837 4047 Xl,
849 3983 898 4048 850,
912 3982 928 4034 3
941 3999 1001 4053 sqq.
1015 3981 1077 4033 Tres
1088 3990 1207 4052 ιαιιιιιιιιι
1221 3979 1297 4050 qunai
1310 3978 1388 4030 dixis·
