3148 4950
369 335 373 346 ’
402 373 468 455 tot
620 367 682 431 oa
705 364 874 431 statas
896 362 1221 432 aoutnonuu.

499 493 605 570 Quum
617 510 715 571 neque
725 449 885 548 blusarum
898 487 1040 571 scopulos
1050 488 1214 572 quisquam
1227 503 1401 573 superarat,

499 591 561 649 Nec
576 587 648 646 dicti
663 585 813 646 studiosus
824 597 898 646 erat.

399 768 529 831 Horum
540 783 698 828 versuum
712 759 870 853 frequens
882 759 946 825 fuit
962 773 996 824 et
1012 756 1192 826 diuturnus
1209 763 1324 826 Romae
1342 782 1449 840 usus,

399 892 472 944 tum
484 877 517 941 in
534 873 645 954 festis,
663 889 736 939 tum
751 873 786 937 in
801 869 874 940 aliis
894 869 1105 953 solennibus,
1124 873 1295 963 praecipue
1307 874 1449 965 nuptia·

396 1012 476 1056 rum
492 1004 525 1053 et
536 983 801 1076 triumphorum:

497 1171 694 1258 Libertasquc
708 1188 895 1235 recurrentes
909 1187 1031 1256 accepta
1046 1195 1100 1256 per
1113 1193 1214 1235 annos

495 1273 581 1333 Lusit
592 1270 778 1346 amabiliter,
791 1268 892 1330 donec
900 1268 966 1350 jam
979 1291 1075 1330 saevus
1086 1281 1224 1353 apertam

495 1371 532 1430 lu
547 1369 663 1430 rabiem
674 1369 752 1429 verti
768 1368 861 1450 coepit
869 1366 957 1448 jocus
969 1379 999 1428 et
1010 1387 1065 1449 por
1075 1366 1220 1428 honestas

496 1470 543 1529 lre
556 1468 667 1530 domos
679 1468 809 1548 impune
822 1467 937 1526 minax.
957 1465 1092 1526 Doluere
1101 1478 1232 1526 cruento

495 1568 593 1626 Dente
606 1563 755 1624 lacessiti:
768 1562 829 1624 fuit
840 1563 963 1622 intactis
974 1584 1099 1644 quoque
1112 1585 1186 1624 cura

494 1661 679 1722 Conditione
691 1681 782 1743 super
795 1659 975 1720 communi:
990 1661 1069 1740 quin
1079 1661 1173 1722 etiam
1185 1661 1232 1720 lex

495 1763 653 1840 Poenaque
667 1758 744 1834 lata,
759 1757 843 1818 malo
859 1778 928 1839 quae
941 1757 1038 1817 nollet
1052 1760 1189 1820 carmine
1200 1779 1393 1842 quemquam

494 1856 644 1917 Describi.
660 1859 782 1916 Vertere
796 1855 943 1930 modum,
955 1854 1126 1916 formidine
1137 1855 1225 1916 fustis

494 1953 541 2012 Ad
553 1952 633 2013 bene
645 1952 811 2014 dicendum
823 1953 1102 2034 delectandumque
1115 1953 1240 2015 redacti.

397 2122 530 2204 (Horat.
548 2120 652 2210 Epist.
673 2123 720 2200 ll,
739 2145 772 2200 r,
794 2119 855 2203 146
869 2122 955 2212 seq.)
968 2121 1048 2186 Haec
1060 2134 1112 2186 est
1120 2116 1174 2184 lex
1187 2113 1246 2184 illa
1258 2120 1321 2184 Xll
1332 2117 1449 2186 Tabu-

394 2227 505 2296 larum
524 2226 705 2322 etquidem
727 2229 811 2296 Tab.
826 2233 889 2295 Vll
905 2253 911 2292 :
927 2227 988 2296 aSi
1008 2229 1184 2324 quipipulo
1199 2224 1372 2321 (publice,
1392 2227 1448 2296 vel

395 2339 566 2426 convicio)
594 2343 760 2404 occentasit
783 2336 844 2423 (al.
870 2339 1092 2424 actitavisset)
1115 2361 1276 2404 cannenoe
1297 2339 1445 2420 condr'sit,
1565 2329 1566 2340 ¹

395 2449 480 2542 quod
490 2449 653 2541 infamiam
654 2441 746 2541 faxit
747 2451 949 2541 floqitiumve
961 2448 1055 2512 alteri
1058 2500 1066 2530 ,
1069 2449 1161 2538 firste
1162 2449 1291 2538 firito'.
1307 2475 1322 2506 υ

441 2558 645 2628 Eorumdem
658 2585 818 2628 versuum
834 2583 915 2628 usus
927 2559 1075 2626 Saturam
1086 2582 1114 2626 s.
1128 2557 1266 2625 Satiram
1277 2562 1445 2624 Romano-

395 2696 487 2754 rum,
504 2687 537 2740 et
558 2674 707 2766 primum
723 2671 860 2766 quidem
879 2671 1099 2750 dramaticum,
1124 2666 1244 2736 deinde
1260 2692 1341 2736 vero
1357 2669 1448 2734 dida-

396 2784 508 2846 cticum
522 2805 658 2876 quoque
673 2782 872 2874 procreavit.
890 2777 979 2846 lllud
991 2777 1090 2847 docet
1102 2781 1243 2870 insignis
1257 2774 1300 2846 de
1314 2779 1447 2869 origine

398 2891 445 2956 rei
465 2893 605 2956 sceuicae
617 2889 712 2956 locus
727 2891 811 2955 Irivii
828 2887 885 2956 lib.
902 2894 983 2970 Vll,
1003 2913 1076 2982 cap.
1098 2914 1135 2972 2,
1152 2913 1255 2984 quem
1271 2912 1448 2980 apponere

396 2999 495 3067 liceat
507 3013 541 3066 et
553 3001 670 3093 paucis
689 2995 963 3066 adnotationibus
976 2998 1149 3067 illustrare
1164 3027 1171 3066 :
1192 3003 1257 3066 «Et
1270 2998 1336 3066 hoc
1350 3017 1385 3066 et
1395 3002 1446 3066 in-

396 3112 657 3206 sequentianno
677 3114 734 3198 (A.
755 3115 796 3178 U.
815 3115 851 3177 C.
872 3115 1043 3198 CCCXC),
1062 3114 1100 3178 G.
1116 3109 1263 3205 Sulpicio
1283 3112 1398 3177 Petico
1413 3128 1449 3178 et

395 3224 433 3290 C.
448 3223 576 3289 Licinio
596 3221 731 3290 Stolone
750 3220 962 3301 consulibus,
983 3219 1173 3313 pestilentia
1193 3222 1267 3288 fuit.
1289 3225 1338 3287 Eo
1358 3219 1447 3287 nibil

395 3328 534 3423 dignum
548 3335 709 3401 memoria
719 3349 831 3401 actum
840 3386 849 3417 ,
859 3335 924 3400 nisi
935 3331 1027 3428 quod
1038 3336 1130 3425 pacis
1143 3339 1249 3400 Deum
1260 3355 1446 3424 exposcen-

396 3439 449 3508 dae
465 3465 566 3512 causa
583 3445 681 3510 tertio
699 3458 772 3510 tum
787 3458 864 3536 post
878 3441 1047 3510 conditam
1062 3441 1181 3510 urbem
1200 3441 1448 3510 lectisternium

395 3551 458 3618 fuit
470 3553 640 3648 (primum
662 3559 699 3619 A.
714 3556 757 3620 U.
770 3558 805 3621 C.
828 3555 996 3634 CCCLVI,
1019 3568 1052 3619 et
1073 3551 1228 3620 camdem
1244 3549 1288 3619 ob
1304 3575 1446 3618 causam

396 3661 523 3730 lactum
534 3687 625 3743 esse,
637 3660 740 3730 tradit
750 3659 840 3730 idem
854 3664 925 3730 Liv.
942 3669 983 3744 V,
1002 3664 1087 3748 13.):
1101 3679 1134 3730 et
1148 3686 1254 3758 quum
1267 3665 1317 3730 vis
1331 3661 1447 3729 morbi

395 3795 459 3840 uec
482 3772 638 3840 humanis
661 3773 807 3840 consiliis
830 3797 892 3840 nec
916 3795 980 3865 ope
1006 3771 1120 3840 divina
1140 3772 1324 3854 levaretur,
1345 3775 1446 3840 victis

433 4000 453 4033 ι.
474 3983 512 4033 De
528 3981 646 4034 versibus
660 3983 787 4036 Saturuit's
806 3995 830 4032 et
848 3983 895 4034 Fe·
940 3981 1062 4034 Wieland
1082 3982 1115 4033 ad
1136 3985 1228 4035 Horat.
1247 3981 1330 4054 Epist
1350 3981 1391 4049 ll,
1415 3999 1444 4044 ις

392 4053 520 4113 s'cenninis
534 4059 695 4113 etcasaub.
708 4079 768 4131 pag.
785 4077 849 4130 177,
869 4074 894 4112 ct
939 4073 995 4111 not.
1010 4077 1041 4111 aa
1055 4074 1082 4112 ct
1096 4061 1141 4112 23.
1397 4088 1399 4092 ·
