3148 4950
469 406 782 473 ROMANORUM
806 407 987 474 POETIS.
1017 435 1020 440 ·
1183 410 1249 500 509

253 536 311 601 Cn.
339 535 483 615 Novius,
512 533 765 626 antiquissimus
791 536 1017 599 Romanorum
1047 550 1163 625 poeta,
1192 538 1251 629 qui

208 641 335 712 bellum
346 645 510 710 Punicum
521 644 683 733 primum,
695 664 763 734 quo
774 640 938 732 stipendia
948 641 1086 727 fecerat,
1098 645 1250 712 versibus

208 752 387 844 descripsit
411 753 589 832 Saturniis‚
615 753 756 820 satiram
777 775 913 846 quoque
936 755 1142 844 composuit,
1168 768 1251 822 teste

208 869 323 946 Festo,
342 886 418 955 pag.
442 867 502 945 411
521 862 598 930 edit.
614 865 754 930 Dacerii.
769 867 849 931 Haec
863 887 944 930 vero
963 862 1054 930 haud
1071 861 1172 932 dubie
1188 865 1252 932 fuit

208 973 408 1040 dramatica:
430 995 510 1038 narn
529 973 678 1054 Navius,
698 968 769 1064 jam
793 971 870 1039 inde
890 971 933 1038 ab
956 978 991 1039 A.
1012 978 1053 1040 U.
1072 979 1107 1041 C.
1127 978 1250 1056 DXIX,

208 1081 360 1182 adeoqae
375 1081 596 1176 quadriennio
610 1098 688 1173 post
706 1099 822 1154 natum
835 1085 999 1164 EnnIum,
1014 1082 1148 1150 fabulas
1161 1083 1253 1150 dedit

211 1191 296 1280 (rid.
321 1191 405 1260 Gell.
430 1196 538 1273 XVII,
565 1215 604 1257 21
635 1196 758 1277 extr),
783 1209 817 1259 et
838 1208 992 1260 mortuus
1015 1210 1066 1260 est
1088 1200 1125 1260 Δ.
1151 1200 1192 1260 U.
1214 1199 1249 1260 C.

209 1309 359 1386 DXLIX,
372 1301 439 1370 vid.
455 1305 592 1372 Hieron.
606 1305 640 1369 in
652 1302 775 1371 Chron.
792 1304 914 1371 Euseb.
930 1304 973 1372 ad
983 1304 1117 1399 Olymp.
1127 1309 1251 1387 CXIV,

210 1415 267 1482 ubi
278 1416 378 1482 etiam
390 1413 506 1496 tradit,
518 1437 594 1480 eum
607 1413 651 1480 ob
661 1413 928 1483 maledicentiam
941 1419 1086 1509 Scipioni
1099 1416 1252 1484 Africano

211 1544 244 1593 et
270 1525 407 1593 Metello
431 1528 577 1592 invisum
600 1526 722 1609 fuisse,
752 1546 785 1594 et
801 1530 956 1618 primum
984 1532 1018 1597 in
1041 1553 1208 1596 carcerem
1232 1555 1253 1596 a

211 1638 393 1702 triumviris
424 1634 621 1727 capitalibus
651 1633 857 1728 conjectum,
883 1634 1006 1704 deinde
1035 1640 1070 1704 in
1100 1638 1253 1705 exsilium
1306 1624 1308 1628 ’

210 1766 338 1830 actum,
352 1771 414 1815 nec
430 1747 508 1816 inde
520 1747 658 1834 rediisse
673 1754 830 1831 Romam,
848 1748 908 1816 sed
925 1753 1032 1818 Uticae
1047 1751 1178 1819 obiisse.
1190 1757 1254 1819 Ta·

211 1858 278 1925 lem
293 1882 428 1952 quoque
443 1861 595 1950 suspicor
606 1858 709 1926 fuisse
721 1862 859 1927 Satiram
874 1861 912 1926 L.
929 1863 1097 1955 Pomponii
1101 1914 1111 1941 ,
1128 1886 1204 1956 quae
1218 1865 1253 1928 in

211 1985 304 2036 sexto
317 1971 474 2036 Prisciani
489 1967 575 2035 libro
592 1967 758 2036 laudatur.
776 1972 853 2035 Fuit
869 1972 896 2037 is
910 1974 1127 2038 Bononiensis
1142 1988 1176 2039 et
1186 1971 1253 2040 cla-

212 2083 363 2148 rissimus
379 2078 609 2146 Atellanarum
625 2082 779 2172 scriptor,
793 2089 894 2174 quem
907 2081 1053 2159 Velleius
1066 2087 1134 2150 Pat.
1151 2089 1199 2166 II,
1218 2109 1253 2174 9,

212 2191 356 2259 Sullanis
370 2190 450 2257 dicit
464 2189 671 2283 temporibus
684 2193 822 2274 vixisse,
836 2215 875 2260 ac
887 2193 1041 2260 sensibus
1053 2193 1157 2261 fuisse
1171 2193 1255 2261 cele·

211 2300 322 2381 brem,
341 2302 452 2369 verbis
471 2300 590 2368 rudem
609 2316 642 2368 et
656 2305 801 2368 novitate
817 2304 944 2371 inventi
956 2328 977 2368 a
993 2327 1029 2370 se
1043 2305 1154 2396 operis
1167 2326 1256 2370 com·

212 2411 445 2480 mendabilem.
466 2410 627 2479 Atellanas
647 2409 720 2503 ejus
742 2429 990 2493 memorantur,
1012 2412 1096 2480 Gell.
1120 2418 1166 2494 X,
1191 2419 1253 2496 243

212 2527 286 2603 XII,
304 2548 359 2604 ¹03
374 2524 466 2604 XVI,
486 2523 523 2604 6;
541 2527 668 2604 XVIII,
683 2525 715 2590 6.
730 2522 780 2590 Ad
798 2521 888 2589 idem
904 2521 988 2618 forte
1008 2525 1187 2592 Satirarum
1204 2546 1257 2614 ge·

214 2657 278 2700 nus
290 2633 475 2701 referendae
487 2632 748 2727 suntillae,quas
761 2635 794 2698 T.
806 2634 973 2721 Quinctius
981 2637 1073 2714 Atta,
1087 2633 1258 2720 Ciceronis

213 2759 326 2826 aetate,
337 2761 459 2837 praeter
467 2749 613 2836 Togatae
624 2745 753 2812 I'abulas
765 2761 797 2811 et
806 2749 1071 2837 EpIgrammata,
1084 2746 1256 2837 scripsisse

213 2855 417 2945 perhibetur.
435 2855 508 2922 Vid·
525 2855 675 2923 Diomed.
690 2872 723 2923 et
735 2852 884 2922 Macrob.

258 2965 425 3034 Ennianos
442 2967 563 3035 Satires
584 2968 718 3059 scripsit
736 2968 780 3034 M.
801 2969 974 3047 Pacuvius,
993 2981 1091 3056 poeta
1110 2967 1256 3057 tragicus

212 3097 246 3148 ct
259 3083 379 3171 pictor,
393 3082 490 3148 Ennii
505 3104 609 3172 nepos
628 3104 668 3146 ex
688 3102 819 3159 sorore,
835 3081 862 3145 si
880 3077 984 3144 Plinio
997 3081 1129 3155 XXXV,
1147 3083 1183 3160 4,
1202 3076 1256 3144 vel

213 3213 255 3256 ex
273 3188 356 3268 Iilia,
379 3192 405 3256 si
429 3193 633 3282 Hieronymo
654 3189 737 3255 fides
759 3187 914 3255 habenda
934 3190 967 3254 in
989 3186 1113 3254 Chron.
1132 3187 1254 3255 Euseb.

213 3295 347 3389 Olymp.
366 3301 481 3379 CLVI,
502 3301 537 3380 3,
553 3296 610 3365 ubi
627 3301 654 3364 is
671 3296 736 3364 hoc
746 3322 836 3365 anno
849 3297 945 3364 illum
960 3297 1125 3364 BrundIsii
1139 3317 1257 3366 natum

214 3431 287 3474 esse
297 3422 331 3473 et
339 3430 444 3499 prope
455 3409 720 3496 nonagenarium
728 3409 865 3474 Tarenti
878 3407 998 3473 obiisse
1011 3407 1123 3473 refert.
1135 3412 1257 3474 Utrum

213 3540 294 3584 vero
307 3521 454 3609 pressino
468 3518 564 3582 Ennii
575 3518 711 3609 vestigia
724 3532 964 3608 persequutuS,
975 3541 1018 3582 an
1031 3520 1168 3609 proprio
1181 3542 1258 3584 con-

214 3627 288 3697 siIIo
303 3653 385 3696 usus
404 3631 461 3708 sit,
484 3652 553 3695 non
572 3645 722 3694 constatz
736 3629 819 3721 quin
839 3628 1007 3693 satiricum
1028 3627 1163 3722 quoque
1179 3653 1258 3720 poe·

214 3757 282 3807 tam
300 3763 379 3807 eum
398 3739 500 3817 fuisse
513 3743 761 3829 ignoraremuS,
782 3740 844 3804 nisi
865 3736 898 3804 id
917 3737 1086 3806 docuisset
1105 3764 1166 3806 nos
1181 3741 1257 3806 Dio-

214 3848 344 3932 medes,
360 3849 417 3917 lib.
436 3855 495 3930 III,
518 3873 593 3942 pag.
617 3849 701 3932 483,
721 3847 773 3915 ed.
792 3847 925 3915 I‘utsch.
948 3845 1044 3940 cujus
1067 3850 1168 3915 verba
1185 3845 1257 3939 jam

216 3983 317 4050 supra
339 3960 566 4029 laudavimus:
588 3960 697 4026 «Olim
714 3985 864 4040 carmen,
888 3960 977 4054 quod
998 3984 1038 4026 ex
1059 3961 1158 4025 variis
1176 3983 1256 4051 poe·
1327 4025 1328 4028 ,

216 4072 360 4142 motibus
378 4073 568 4153 constabat,
589 4075 694 4140 Satira
714 4072 907 4154 vocabatur,
930 4071 1030 4164 quale
1051 4073 1257 4162 scripserunt
