3038 4932
406 385 455 450 tn
480 383 691 450 surtnstu
715 385 917 452 snxrsu.
995 371 1000 390 *
1116 387 1180 453 285

135 515 191 567 dut
202 493 427 584 quemadmodum
441 513 498 582 ipse
510 510 574 563 dixit
586 513 690 564 Persius
702 513 728 564 in
740 513 765 579 1,
779 529 827 582 79:

340 652 385 694 Hos
396 650 470 708 pneris
481 651 579 694 monitus
589 657 662 708 putres
673 651 789 702 iuiunders¹
799 650 871 709 lippos

339 719 414 774 Quum
424 718 496 762 rideas
498 749 615 762 .......

171 852 240 903 Ntrr.
255 848 299 919 67.
314 849 429 902 Foenoris
443 847 551 922 udcedut
563 865 677 901 merces:
694 847 755 899 irinc
772 847 857 898 exime
867 859 993 919 sumptus.
1007 877 1043 887 -
1053 849 1115 898 Huc
1129 867 1185 900 mo-

135 941 201 982 nent
223 927 301 982 solito
322 930 420 981 Patres.
435 927 671 999 Remyampiificm
692 938 719 978 et
730 925 878 998 foenoribus
899 945 964 999 auge
984 939 1057 978 tuum
1076 941 1183 979 sortem.

138 1007 252 1059 Foenoris
264 1025 358 1059 merces
369 1004 529 1077 periphrasis
541 1025 590 1076 pro
603 1004 708 1077 foenus,
726 1017 765 1056 est
780 1003 882 1056 lucrum
903 1023 933 1056 ex
952 1007 1065 1076 pecunie
1080 1004 1184 1077 foenore

137 1099 279 1158 occupatu.
293 1088 383 1138 Horat.
403 1085 456 1138 Sat.
469 1086 494 1152 1,
506 1103 534 1152 2,
552 1085 583 1151 td
598 1106 605 1148 ;
620 1085 650 1150 3,
670 1083 713 1136 88.
723 1113 759 1123 -
771 1083 841 1136 Histc
854 1083 937 1136 exime
948 1097 1061 1156 sumptus
1069 1107 1079 1147 ,-
1094 1104 1125 1136 ex
1138 1087 1185 1136 fce-

136 1185 218 1232 nore‚
235 1185 289 1218 non
308 1185 340 1219 ex
358 1163 443 1217 fundo
459 1163 550 1231 trahe,
569 1161 640 1236 quod
653 1161 686 1215 ud
705 1164 761 1214 vitae
776 1165 944 1216 necessitates
963 1164 1106 1235 impendas.
1125 1165 1183 1216 Vct.

137 1244 307 1298 scholiastes.
330 1248 408 1300 uttoc
427 1243 501 1317 quod
514 1242 664 1297 vohislucri
674 1241 706 1295 de
716 1245 817 1296 foenore
840 1245 964 1310 accessit,
982 1242 1015 1295 nd
1029 1263 1106 1296 usum
1125 1245 1183 1295 vitu

136 1324 213 1377 vobis
226 1325 382 1396 proficiat.-

166 1459 230 1502 Vsu.
241 1455 281 1504 68.
298 1477 309 1498 ι
319 1456 380 1516 Quid
390 1455 502 1522 reliquunt
515 1457 583 1502 est?-
596 1456 735 1522 Reliquum?
745 1471 805 1502 urano
818 1473 878 1503 nunc
889 1459 1011 1521 impensius
1022 1473 1092 1523 unqe,
1104 1460 1183 1522 Unqe,

135 1543 205 1592 puer,
219 1527 305 1574 seruies.
312 1555 343 1564 -
350 1531 385 1575 Sic
397 1529 469 1576 edunt
479 1527 573 1591 plurimi
583 1530 658 1575 MMS.
668 1528 778 1584 Codices,
791 1529 823 1574 sic
831 1531 911 1591 optimi
922 1541 1062 1592 receperunt
1073 1529 1183 1587 editores,

137 1610 210 1658 utque
230 1597 389 1660 recipiendum
404 1611 478 1660 puto,
495 1613 523 1644 cx
541 1611 622 1644 tenore
638 1600 757 1644 orationis.
771 1595 846 1644 Habet
858 1614 915 1645 vero
926 1600 999 1646 MMS.
1014 1599 1092 1646 Codex
1102 1634 1109 1657 ,
1120 1599 1181 1662 8273

135 1667 274 1722 lectionem.
288 1685 340 1732 quae
354 1671 436 1732 etipsa
451 1671 544 1715 minime
558 1671 634 1732 inepta
648 1681 698 1715 est:
714 1669 776 1734 quod
788 1669 900 1733 reliquum
914 1679 961 1726 cst,
980 1669 1107 1737 reliquum,
1119 1675 1185 1735 quusi

140 1749 216 1784 toturn
230 1739 254 1784 id
265 1739 294 1784 sit
304 1740 329 1785 iu
341 1754 381 1786 ore
390 1739 543 1802 possidentis,
559 1755 607 1786 non
615 1741 698 1802 partim
710 1742 739 1785 sit
748 1741 899 1801 interrogatio
910 1739 1022 1798 hreredis,
1037 1743 1120 1803 partim
1133 1757 1184 1788 res-

137 1811 222 1870 ponsio
234 1810 314 1855 Persii.

172 1933 241 1985 Nou.
263 1932 307 1986 68.
329 1955 341 1980 ι
357 1933 425 2005 Quid
443 1932 570 2007 reliquum
588 1935 672 1987 est?-
691 1933 850 2008 Reliquum?
864 1936 943 1989 Nunc
961 1955 1031 1989 nunc
1047 1936 1186 2010 impensius

139 2033 221 2088 stupe,
239 2015 330 2088 Unqe,
343 2034 421 2087 puer,
437 2014 530 2068 caules.
538 2045 574 2055 -
586 2015 676 2085 «Quid
688 2015 818 2087 reliquum
829 2018 885 2068 est?
894 2040 905 2062 s
917 2045 952 2056 -
962 2017 1003 2070 Sic
1015 2017 1096 2070 haeres
1106 2019 1185 2070 inter-

140 2106 231 2160 rogst‚
247 2092 468 2164 quemadmodum
482 2095 602 2164 superius
620 2092 799 2166 querebatur:
820 2093 896 2146 Deest
911 2093 1013 2167 aliquid
1024 2113 1139 2148 summm.
1149 2125 1185 2134 -

139 2171 304 2245 Reliquum?
326 2175 429 2244 Repetit
444 2175 675 2243 interrogationem
695 2185 774 2243 poeta
798 2171 961 2243 indignatus,
978 2173 1136 2246 subjicitque
1156 2193 1184 2226 se

139 2249 190 2303 lroc
205 2253 263 2321 ipso
273 2249 369 2304 leutius
381 2271 439 2304 esse
449 2254 591 2316 victurum,
606 2250 677 2323 quod
693 2250 774 2304 heres
789 2269 892 2302 suarum
906 2253 1074 2321 praeseferat
1087 2251 1185 2305 soltici-

140 2331 258 2382 tudinem
273 2330 307 2382 de
321 2329 432 2403 reliquo.
446 2359 481 2370 -
491 2331 580 2394 Nunc,
595 2347 678 2390 nunc5
695 2327 757 2380 dum
771 2331 847 2396 uiuo,
864 2327 927 2380 dum
945 2329 1024 2381 licet:
1042 2329 1083 2382 his
1099 2330 1184 2382 verbis

141 2413 288 2482 opponitur
298 2407 376 2476 olim,
386 2409 459 2482 quod
475 2411 543 2462 infra
558 2410 676 2461 recurrit.
688 2409 773 2460 Vertit
785 2407 957 2460 casaubonus
969 2431 975 2460 ε
992 2409 1136 2478 «quoniam
1144 2409 1184 2462 di·
1287 2447 1290 2454 1

141 2492 216 2542 vitius
229 2508 301 2542 mess
310 2490 393 2562 pluris
404 2490 480 2556 iacit,
492 2507 571 2560 quam
583 2506 700 2540 amorem
711 2488 772 2551 mei,
784 2485 825 2538 vei
835 2501 906 2540 certe
919 2487 1185 2540 modestiam-lm-

138 2571 243 2640 pensius
255 2587 337 2640 unqe,
356 2569 444 2641 Unqe,
458 2587 533 2640 puer,
550 2567 649 2628 caulem
662 2565 775 2631 famule,
787 2565 925 2619 lautiorem
940 2586 1040 2639 apparu
1053 2585 1183 2630 mensum,

140 2647 385 2721 quodsiuntGrteci
397 2647 508 2700 nicusus
521 2647 591 2714 ἐλαίᾳ
603 2645 695 2714 piger.
711 2644 897 2716 Cauiesposuit
906 2665 969 2718 pro,
980 2648 1070 2717 quovis
1080 2645 1183 2708 eduli03

144 2729 217 2800 Unqe
225 2765 234 2792 ,
248 2727 341 2780 eodem
352 2745 431 2780 sensu
451 2747 502 2799 quo
515 2729 637 2799 superius
649 2745 704 2778 uon
720 2725 800 2778 semel
813 2728 919 2796 posuit,
931 2737 1048 2778 unctum.
1062 2725 1185 2797 Sequitur

140 2813 235 2864 Horat.
246 2809 299 2864 Sat.
314 2811 352 2874 11,
365 2807 398 2875 3,
415 2809 482 2861 125:

342 2943 426 2998 Unqere
437 2939 455 2984 si
467 2939 541 2983 caules
551 2936 599 2982 oleo
611 2935 711 2990 meliore,
724 2945 833 2994 caputque

339 3003 439 3062 Goeperis.
452 3033 532 3048 .....

107 3131 113 3138 '
169 3137 233 3181 Vn.
246 3134 285 3195 69.
298 3129 428 3194 Miiifesto
440 3128 489 3176 ltus
499 3137 612 3192 coquatur
627 3129 712 3174 Urtr'cu.
726 3128 807 3172 -Sic
821 3125 900 3172 ierunt
911 3125 986 3170 MMS.
1001 3124 1099 3172 Codices
1114 3138 1184 3186 quem

139 3206 249 3270 plurimu
265 3207 299 3252 sic
310 3217 422 3266 recepere
435 3201 534 3248 editores
551 3201 600 3246 iere
612 3215 701 3246 omnes.
715 3199 804 3244 Ferunt
818 3199 890 3244 MMS.
903 3195 1001 3242 Codices
1016 3196 1075 3243 805⁵
1087 3229 1094 3250 ‚
1108 3195 1182 3256 8070,

130 3279 201 3343 *⁸²7³
213 3293 219 3323 t
229 3285 353 3340 coquatur,
363 3273 428 3338 quod
438 3285 460 3320 et
471 3276 547 3336 ipsum
559 3274 630 3334 recipi
640 3283 728 3333 potest,
741 3273 816 3316 minus
827 3285 884 3315 sero
893 3267 972 3330 probae
983 3279 1017 3313 est
1027 3266 1151 3312 latinitatis.

175 3410 243 3462 Nor.
256 3409 299 3477 69.
317 3406 465 3478 Miirs'festa
480 3402 537 3457 luce
546 3414 673 3476 coquatur
685 3403 780 3455 Ustica.
791 3431 823 3442 -
832 3399 993 3471 periphrasis
1001 3398 1106 3470 poetice
1119 3415 1181 3469 pro:

143 3509 193 3562 eqo
215 3507 295 3561 parce
310 3500 337 3538 et
355 3485 460 3538 sordide
474 3488 568 3537 vivam.
584 3513 619 3524 -
632 3482 715 3543 Mitt,·
727 3481 873 3553 opponitur
888 3479 928 3532 his
946 3499 1003 3550 quae
1018 3491 1182 3550 sequuntur:

145 3583 175 3624 ut
186 3581 244 3622 usus
256 3571 301 3622 r'ste
312 3587 399 3639 nepos.
416 3595 451 3607 -
464 3567 539 3618 Festa
555 3563 611 3616 luce
618 3585 627 3626 ,·
641 3577 671 3614 ut
685 3564 806 3632 superius
820 3561 853 3612 ud
865 3579 930 3612 vers.
950 3576 980 3628 19
991 3581 997 3610 ε
1018 3559 1086 3612 Solis
1106 3562 1183 3611 natass

144 3649 216 3704 iiius.
227 3679 265 3690 -
279 3649 384 3709 Unica3
397 3647 476 3698 oleris
488 3663 573 3716 genus
588 3642 682 3722 duruqr
697 3641 794 3694 et¹viie.
810 3640 875 3692 Plin.
892 3643 925 3692 ii.
939 3641 973 3691 N.
987 3639 1055 3704 XVI,
1071 3638 1112 3704 ²4·
1221 3629 1227 3638 ”

171 3798 232 3842 Vn.
253 3811 292 3858 7⁰·
309 3793 407 3854 Etfissa
421 3790 541 3854 firmorum
553 3791 653 3852 sinciput
663 3802 726 3834 oure.
740 3811 770 3822 -
781 3788 817 3832 Sic
837 3785 909 3831 edunt
924 3785 999 3831 MMS.
1021 3783 1117 3830 Codices
1132 3782 1183 3828 iere

144 3883 229 3914 omues.
239 3869 285 3914 Pru
295 3866 369 3928 fissa,
382 3862 434 3921 ulii,
441 3863 509 3925 fietu
521 3876 566 3923 pro
569 3857 691 3922 fumosum
702 3869 799 3905 testetur
807 3855 851 3919 legi
862 3856 1026 3913 Cenabum,
1035 3867 1183 3917 spumosum.

145 3952 246 3999 pesume.

178 4061 244 4116 lton
257 4075 300 4128 70.
317 4059 353 4111 Et
359 4053 423 4130 fisse
431 4054 570 4126 fumosum
581 4052 694 4124 sinciput
706 4069 775 4104 eure.
786 4081 822 4092 -
830 4053 915 4123 Caput
924 4060 963 4100 est
973 4046 1111 4118 porcinum
1121 4062 1184 4096 aure
