2970 4936
187 336 199 363 ,ί

304 393 308 404 '
346 427 396 490 ιιι
422 384 635 492 sarsurus
658 429 892 496 isurun.
1083 441 1139 519 ιιι

87 557 247 629 prenuntiat
259 556 506 626 comparationem,
522 556 567 609 sed
579 559 671 628 egroti
682 558 735 610 cito
749 559 829 610 rerba
841 561 939 627 refert,
951 582 1030 635 quern
1044 565 1146 619 inducit

90 637 220 690 medicum
234 635 436 708 appellantem:
449 637 571 710 Inspice,·
583 640 667 692 nescio
679 639 743 713 quid
755 641 867 712 trepidat
875 643 943 696 mibi
949 658 1047 716 pectus.

122 791 181 836 Vis.
189 789 227 851 89.
235 787 560 851 Faucibusexsupemtqrovr's
566 787 728 838 balitus-Sic
735 790 808 836 edum
815 791 891 838 Mus.
900 793 1144 855 melandre-semum

93 859 217 926 quzlertio
223 859 305 908 nescio
313 859 372 922 quid
378 859 465 906 habeat
471 861 534 916 vitii,
543 872 569 906 ut
575 859 645 908 aliam
655 861 782 925 quamlibet
792 865 926 926 quaesierint
934 866 1053 926 adimus,
1063 886 1147 932 posue·

93 935 183 996 sinque
196 931 235 978 alii
248 929 374 986 exumt,
390 929 455 993 quod
469 929 591 978 admittere
601 929 638 979 lex
649 950 728 980 versus
742 950 790 980 non
801 947 891 996 potest,
906 933 944 982 alii
957 940 1065 997 exsudet,
1081 943 1146 1004 quod

94 1005 165 1050 solans
174 1005 286 1050 convenit
296 1017 349 1048 cum
361 999 446 1056 ituir'tu,
461 1001 501 1046 alii
514 1000 615 1066 denique
626 1005 734 1066 exspiret.
751 1007 912 1054 Rectissimum
922 1020 957 1054 est
966 1021 1100 1074 exsuperat,
1110 1014 1146 1059 iu-

93 1077 141 1138 quit
150 1073 304 1122 casaubonus
313 1087 320 1126 3
333 1087 388 1118 nam
397 1084 477 1119 ructus
487 1087 501 1118 e
510 1073 641 1121 ventriculo
650 1089 741 1120 sursum
751 1076 888 1124 ascendunt.

124 1177 191 1231 Nor.
208 1177 253 1248 89.
267 1177 304 1229 Et
316 1179 390 1250 oeyris
400 1177 526 1229 Faucibus
535 1181 763 1253 exsuperutqrauis
773 1178 883 1234 lsatins:
896 1183 1006 1256 inspice,
1018 1186 1096 1239 sodes.
1111 1216 1146 1227 -

90 1257 231 1331 Physicum
243 1271 283 1310 est
300 1255 468 1308 laborantem
487 1255 620 1309 stomachi
639 1257 772 1311 cruditate
789 1260 997 1332 graveolentiam
1017 1269 1144 1319 emittere.

93 1339 199 1400 Grauis,·
213 1334 381 1408 graveolens.
396 1365 433 1375 —
452 1336 576 1390 Faucibus
594 1338 683 1409 oeqris5
704 1352 814 1410 propter
828 1354 960 1394 tumorem
978 1361 1009 1394 ac
1027 1346 1147 1415 spirandi

91 1417 286 1470 difficultatem.
299 1446 336 1456 —-
349 1415 452 1488 Inspice
460 1437 469 1476 ,·
483 1434 576 1467 rursus
595 1414 714 1486 appellat
728 1417 871 1470 medicum.
885 1448 921 1458 -
933 1420 1029 1484 Sodes,·
1043 1436 1146 1476 contra·

92 1501 182 1551 ationis
193 1499 288 1550 forma
299 1515 350 1568 pro
361 1495 485 1562 nuncies,
498 1497 569 1548 inter
581 1495 810 1550 confabulandum
822 1500 928 1552 usitata.

122 1615 188 1665 Nor.
215 1621 261 1684 90.
282 1613 335 1683 Qui
349 1612 412 1664 dicit
428 1610 545 1678 medico,
558 1615 644 1694 jussus
661 1615 823 1684 requiescere.
836 1643 873 1654 ·-·
885 1615 938 1685 Qui
953 1617 1016 1668 dicit
1030 1619 1146 1688 medico,

91 1695 226 1747 concludit
242 1695 472 1748 constructionem
485 1695 652 1764 superiorum
663 1711 803 1757 versuum
819 1697 866 1768 qui
876 1696 939 1748 dicit
953 1717 983 1750 ea
996 1717 1053 1770 quas
1066 1719 1147 1773 supe·

91 1775 202 1826 rioribus
217 1773 328 1826 duobus
339 1771 459 1824 versibus
474 1771 557 1824 relata
572 1786 641 1824 sunt.
657 1802 693 1812 -
706 1775 792 1826 Jussus
803 1776 973 1849 requiescere,·
986 1779 1101 1848 Seneca,
1113 1780 1146 1834 de

91 1855 143 1922 ira,
155 1853 202 1906 lib.
214 1855 239 1906 11
251 1876 258 1906 s
276 1875 288 1899 ι
300 1855 378 1904 initia
387 1851 544 1905 morborum
555 1855 627 1926 quies
638 1865 723 1905 curat.
733 1877 745 1900 s
759 1854 872 1922 Quintil.
883 1857 920 1922 li,
934 1873 981 1928 175
994 1859 1074 1912 Corn.
1088 1859 1147 1914 Cel·

93 1953 145 2001 sus,
157 1936 209 2002 111,
225 1953 249 1986 a.
266 1934 346 1987 conf.
359 1932 426 1985 Plin.
441 1933 507 1985 Min.
521 1933 607 2004 Epist.
619 1936 670 1998 Vi,
686 1949 708 1984 ι.
807 1973 813 1982 .

123 2053 188 2102 Non.
212 2065 258 2119 9¹·
280 2050 441 2120 Postquam,
461 2047 548 2098 Tertia
567 2049 720 2120 compositas
737 2047 803 2100 vidit
821 2066 874 2100 nos
891 2067 990 2103 eumne
1008 2069 1094 2105 venas.
1110 2083 1144 2092 -

92 2129 221 2200 Neglectis
235 2126 333 2180 medici
347 2127 501 2198 preceptis,
517 2130 614 2200 surgit,
628 2126 674 2178 ubi
690 2128 806 2197 primum
821 2129 970 2182 ostenditur
981 2149 1042 2203 spes
1055 2131 1168 2206 aliqua·

5 2205 7 2216 '
93 2210 189 2262 salutis.
196 2239 234 2251 ·-
244 2209 334 2261 Tertia
343 2225 396 2258 nox
406 2206 473 2257 vidit
479 2229 489 2268 ,-
499 2209 604 2277 poetica
614 2207 715 2260 locutio
724 2227 774 2280 pro
781 2207 828 2259 ubi
838 2211 918 2262 sensit
929 2213 1003 2263 tertia
1014 2223 1103 2265 nocte.
1114 2250 1121 2264 .
1132 2253 1140 2264 .

5 2291 7 2340 i
92 2291 220 2344 -Venes
232 2289 405 2361 compositas,·
418 2285 526 2357 pulsum
539 2289 697 2339 arteriarum
709 2289 793 2359 magis
804 2293 1145 2360 temperatum—Currere

5 2383 6 2424 ὲ
93 2369 145 2422 noli
160 2367 310 2440 intelligere
327 2367 361 2419 de
378 2367 491 2418 circuitu
508 2367 663 2437 sanguinis,
683 2385 763 2439 quem
781 2368 839 2438 fieri
856 2382 957 2422 veteres
975 2371 1142 2440 ignorabant.

5 2465 7 2524 ᾖ
95 2453 204 2506 brutio
216 2465 256 2504 est
270 2448 368 2522 populi
382 2462 408 2500 et
421 2460 515 2519 poete.

129 2570 194 2620 tter.
209 2585 252 2638 9²·
262 2569 303 2620 De
312 2570 411 2638 majore
420 2567 509 2633 domo,
522 2566 624 2618 modice
631 2565 734 2618 sitiente
745 2565 846 2638 lupeno.
855 2595 891 2606 ·-
899 2567 940 2618 De
949 2571 1046 2639 majore
1053 2571 1143 2638 domo,

5 2661 6 2672 ¹
93 2653 111 2700 i.
121 2668 146 2700 e.
159 2667 174 2700 e
185 2648 263 2702 domo
275 2648 364 2700 divitis
377 2647 513 2698 amiciunt
528 2647 616 2698 ricini.
626 2639 738 2698 'Minue
755 2644 877 2698 solebant
895 2645 1144 2703 convalescentibus

94 2731 181 2781 amicis
192 2743 239 2782 aut
255 2727 398 2780 clientibus
415 2739 552 2798 magnates
569 2725 670 2797 aliquid
688 2743 702 2778 e
720 2744 768 2778 sua
783 2743 889 2792 mensa,
901 2727 1008 2793 unum,
1023 2728 1144 2782 obsonia.

93 2809 203 2860 biartial.
218 2810 256 2874 11,
272 2807 308 2873 ⁴i⁰
322 2819 349 2859 et
363 2805 405 2876 76.
424 2835 461 2846 --
477 2805 583 2858 Modica
600 2805 702 2857 sitiente
722 2804 833 2878 inqena5
853 2807 961 2877 poetica
978 2805 1079 2859 locutio
1094 2828 1144 2880 pro

95 2906 147 2939 uon
164 2888 275 2940 multum
295 2888 435 2958 capiente,
455 2883 529 2936 baud
548 2888 585 2937 ita
607 2885 716 2956 capaci;
737 2887 824 2938 minus
846 2885 943 2956 plena,
963 2887 1051 2956 inquit
1067 2902 1144 2941 vetus

5 3015 6 3018 ,
94 2967 245 3022 scholiastes
259 2968 412 3034 Cornutus,
434 2967 566 3038 quianon
585 2965 728 3036 impleatur
742 2966 798 3016 vini
814 2984 899 3037 usque
918 2965 952 3017 ad
970 2967 1086 3036 collum,
1103 2969 1144 3021 rel

94 3051 151 3120 qnia
169 3061 303 3103 vetustate
322 3045 506 3118 decoquatur,
527 3065 558 3098 ac
577 3065 626 3117 per
645 3045 697 3098 hoc
717 3064 774 3098 sese
793 3059 922 3120 tanquam
940 3049 1026 3101 sitiens
1044 3048 1142 3101 ebibat.

93 3128 233 3180 Gonbrmat
245 3145 306 3179 eam
318 3127 564 3196 interpretationem
572 3126 670 3196 Koenig
682 3143 713 3175 eo
725 3124 797 3197 quod
808 3125 990 3178 Surrentinum
1000 3128 1145 3199 incipiebat

93 3205 145 3260 bibi
156 3227 212 3260 non
224 3208 276 3258 uisi
292 3218 353 3277 post
369 3206 402 3257 25
417 3223 525 3256 annum.
542 3204 629 3271 Quem
648 3221 788 3256 numerum
799 3205 858 3274 quis
873 3203 997 3258 indixerit
1010 3219 1143 3274 veterum,

95 3305 196 3340 necesse
210 3289 300 3340 fuerat
316 3284 468 3336 admonere.
483 3283 651 3335 Britannicus
662 3301 725 3336 vero
739 3297 764 3334 et
777 3284 954 3337 Casaubonus
967 3298 1074 3337 vertunt
1085 3306 1143 3341 mo·

93 3365 147 3420 dice
162 3366 264 3420 sitiente
283 3365 378 3438 ἰα9ειια
395 3381 557 3436 perparum
575 3365 685 3435 capaci,
704 3361 809 3418 tertiata
820 3362 930 3433 μηιίλῃ,
947 3365 1009 3436 quia
1022 3369 1083 3418 vina
1098 3384 1143 3418 ex·
1233 3357 1236 3368 ’

95 3449 183 3517 quisita
196 3448 306 3519 parcius
320 3443 413 3497 divites
425 3443 615 3514 largiebantur.
629 3443 759 3514 Equidem
772 3443 829 3496 baro
843 3461 893 3514 ego
908 3444 980 3496 dicta
993 3446 1074 3499 fuisse
1087 3465 1144 3499 cre-

95 3524 201 3578 diderim
213 3543 304 3598 neque
320 3526 347 3574 in
360 3522 470 3575 diuitum
482 3524 691 3594 parcimoniam,
708 3540 795 3592 neque
807 3523 835 3572 in
846 3522 945 3593 lagenae
958 3525 1143 3594 exiguitatem,

95 3605 171 3658 sedin
182 3619 314 3679 agrotum
323 3605 420 3668 istum,
433 3607 509 3674 cujus
523 3605 550 3654 iu
564 3601 686 3672 rogando
700 3603 761 3654 vina
774 3602 931 3655 modestiam
945 3602 1012 3656 ridet
1027 3606 1141 3658 Persius.

95 3688 177 3756 Quum
193 3689 264 3739 enim
280 3685 320 3738 rel
335 3686 473 3737 minimum
492 3699 582 3756 petere
602 3697 647 3736 aut
664 3682 756 3735 bibere
776 3686 888 3735 marim
907 3685 958 3735 fuit
972 3687 1143 3752 nociturum,

96 3765 135 3819 ille
150 3767 272 3841 laeenam
288 3767 377 3838 poscit
389 3763 464 3817 baud
482 3766 518 3816 ita
538 3783 673 3836 capacem.
695 3765 800 3835 Lapersa
819 3781 900 3834 porro
914 3781 998 3834 genus
1013 3781 1069 3818 erat
1083 3784 1142 3816 am-

97 3844 195 3915 phora,
211 3851 240 3900 in
257 3865 312 3918 qua
327 3847 387 3898 vina
404 3844 627 3910 asservabantur,
644 3856 690 3895 aut
705 3845 732 3894 in
745 3842 859 3896 triclinio
872 3843 1055 3910 habebantur,
1071 3843 1141 3896 unde

5 3929 7 3994 i
100 3925 187 3992 pocula
198 3927 304 3997 aliaque
315 3925 424 3979 vascula
435 3924 617 3996 implerentur.

128 4077 184 4122 Vsa.
200 4078 239 4139 93.
252 4080 321 4124 ittuls
331 4077 457 4126 loturosibi
470 4080 705 4141 Surrentinumqovit.
724 4103 753 4114 -
770 4077 891 4126 Εάίι8055
907 4094 912 4124 :
929 4079 997 4123 lenia
1013 4075 1087 4121 loturo
1104 4074 1146 4121 tibi
