2986 4924
445 445 838 555 sarruroururr.
1102 477 1165 543 183
1282 567 1288 578 .

110 609 220 696 Atque
233 597 425 668 verecunda
437 597 590 667 laxamus
603 602 689 668 seria
701 623 828 668 mensa.

110 717 182 779 Non
196 709 357 805 equidem
368 709 435 778 boc
446 709 597 792 dubites,
610 712 788 780 amborum
800 710 926 782 foedere
937 729 1031 781 certo
1131 727 1165 794 4⁵

109 827 310 893 Consentire
321 822 454 904 dies,et
464 821 709 904 abuuosidere
721 823 811 892 duci.

109 941 232 1004 Nostra
245 934 299 1004 vel
311 934 434 1030 aequnli
446 933 624 1028 suspendit
635 953 789 1029 tempora
801 936 901 1004 Libro

110 1052 213 1115 Parca
224 1065 329 1115 tenax
339 1048 429 1130 veri;
442 1067 503 1114 seu
515 1063 594 1114 nata
606 1045 762 1114 fidelibus
775 1045 857 1114 bora
944 1051 946 1054 ⁴

108 1157 238 1225 Dividit
248 1160 285 1224 in
297 1159 458 1224 Geminos
471 1155 651 1226 concordia
664 1157 732 1227 fata
744 1156 908 1238 duorum,

107 1271 363 1363 Saturnumque
376 1291 513 1360 gravem
525 1283 642 1336 nostro
656 1271 740 1336 Jove
752 1269 939 1361 frangimus
951 1291 1018 1336 una
1033 1295 1040 1334 ι
1125 1281 1167 1332 ’50

108 1382 231 1448 Nescio
244 1379 354 1475 quod,
366 1396 457 1448 certe
469 1395 536 1464 est,
550 1379 642 1475 quod
655 1404 710 1448 me
723 1380 782 1448 tibi
794 1395 979 1473 temperat,
992 1395 1133 1448 astrum.

153 1489 252 1560 Mille
264 1491 443 1558 bominum
456 1493 601 1582 species,
614 1508 649 1558 et
660 1513 775 1558 rerum
787 1489 934 1558 discolor
946 1513 1046 1559 usus:

109 1599 204 1670 Velle
217 1625 320 1670 suum
332 1605 456 1696 cuique
467 1616 537 1684 est,
549 1624 614 1670 nec
625 1619 704 1671 voto
716 1604 841 1670 vivitur
851 1624 931 1670 uno.

110 1713 283 1782 Mercibus
295 1712 350 1780 bic
365 1712 456 1780 italis
468 1729 579 1780 mutat
590 1714 654 1782 sub
665 1712 736 1782 sole
747 1715 874 1780 recenti

110 1829 287 1917 Rugosum
299 1828 396 1919 piper
407 1842 441 1892 et
452 1824 609 1918 pallentis
622 1849 728 1918 grana
738 1829 884 1907 cumini3

110 1941 172 2006 llic
183 1953 282 2006 eamr
292 1941 420 2030 irriguo
431 1935 563 2007 mavult
573 1955 765 2031 turgescere
778 1961 916 2022 somno,

1 2104 8 2119 .
110 2048 934 2145 Hicoempoindulget3huncaleodecoquit3ille

111 2167 151 2230 ln
162 2167 331 2230 Venerem
342 2179 395 2229 est
405 2164 516 2255 putris
529 2188 536 2228 :
550 2161 610 2230 sed
622 2187 729 2256 quum
740 2161 894 2258 lapidosa
905 2163 1059 2254 chiragra

110 2276 260 2366 Fregerit
272 2272 450 2354 articulos,
463 2274 585 2340 veteris
598 2273 736 2342 ramalia
747 2274 834 2366 fagi,

109 2389 198 2453 'l'rrm
209 2407 343 2453 crassos
355 2393 517 2452 transisse
529 2383 806 2480 dics,lucemque
818 2383 1022 2478 palustrem,
1127 2395 1162 2448 60

1 2669 2 2672 ,
110 2611 209 2672 bitere
226 2612 338 2694 igitur,
351 2613 429 2694 quin
442 2624 549 2674 nostra
563 2599 724 2696 utriusque
740 2613 801 2673 vita
814 2613 988 2674 consentiat
1003 2626 1032 2672 et
1044 2611 1085 2671 ab
1098 2631 1162 2671 uno

109 2707 205 2770 sidere
224 2708 426 2790 gubernetur.
447 2709 493 2770 lta
513 2722 575 2786 est,
599 2711 643 2770 ml
664 2711 820 2786 Cornute,
842 2722 986 2771 nostrum
1004 2708 1164 2789 utriusque

1 2856 2 2862 ,
110 2804 267 2867 rerumvel
276 2807 647 2889 equissuspendirbibrae
656 2806 799 2868 lancibus
807 2807 1046 2868 Parcareritarie
1056 2823 1164 2865 amans

110 2903 308 2978 etrenax3vel
316 2901 574 2986 horaquafideles
582 2905 673 2965 amici
684 2917 865 2980 nascuntur,
875 2921 1043 2964 commune
1052 2902 1165 2962 utrius·

108 3021 166 3081 que
184 2999 291 3062 fatum
306 2999 379 3060 duci
395 3000 495 3060 voluit
510 2997 596 3060 stella
613 2999 844 3073 Gemellorum,
859 2998 1094 3082 infaustumque
1110 2999 1163 3058 Sa·

108 3100 191 3160 turni
200 3096 287 3159 sidus
297 3095 421 3180 placido
431 3096 529 3158 sidere
538 3098 638 3172 lovis,
650 3097 735 3178 quod
746 3111 889 3158 nostrum
898 3113 955 3174 est,
967 3115 1031 3158 una
1040 3115 1163 3180 supera·

107 3215 195 3256 mus:
216 3209 263 3256 est
279 3193 407 3276 aliquod
421 3207 556 3270 astrum,
575 3194 735 3277 quodnam
755 3197 794 3255 sit
809 3195 929 3271 nescio,
948 3208 993 3256 est
1010 3207 1091 3256 certe
1104 3193 1160 3254 ali·

107 3290 210 3371 quod,
224 3288 313 3372 quod
326 3311 428 3352 meam
439 3311 510 3352 cum
524 3303 577 3352 tua
589 3293 745 3352 consociet
756 3293 862 3352 vitam.
896 3303 898 3310 ’

146 3389 193 3450 52.
208 3389 325 3451 Studiis
336 3388 479 3451 homines
490 3390 570 3450 iuter
581 3410 612 3452 se
620 3389 772 3451 differunt
781 3405 889 3451 omnes
900 3404 931 3450 et
939 3389 1029 3451 rebus
1039 3391 1162 3450 verium

106 3488 139 3548 in
157 3507 283 3548 morem
299 3500 449 3548 utuntur:
467 3487 564 3548 babet
580 3488 775 3550 voluntatem
791 3489 920 3570 quisque
937 3508 1042 3565 suam,
1061 3505 1162 3570 neque

108 3605 170 3646 uno
184 3598 261 3646 voto
283 3605 392 3646 omnes
405 3588 502 3648 vitam
523 3588 701 3648 instituunt.
724 3587 782 3647 Hic
802 3599 1006 3647 mercaturam
1027 3599 1159 3661 exercet,

108 3680 256 3766 ltalisque
267 3683 420 3746 mercibus
432 3686 465 3745 in
477 3683 688 3763 locumdaris,
700 3685 874 3746 scabiosum
887 3687 976 3768 piper
985 3689 1162 3746 cuminum-

109 3799 165 3862 que
188 3781 346 3864 pallorem
370 3783 557 3863 ingenerant
579 3782 636 3842 sub
659 3782 721 3844 sole
744 3781 902 3843 contrabit
923 3779 1087 3856 orientali3
1110 3780 1160 3842 bic

109 3877 177 3939 cibo
192 3878 344 3962 repletus,
363 3899 419 3964 per
436 3901 583 3942 somnum
598 3881 779 3962 irrigantem
793 3893 878 3942 artus
895 3880 1014 3942 mavult
1033 3882 1163 3962 pingue-

110 3995 203 4054 scere3
220 3974 272 4038 bic
284 3976 423 4060 indulget
435 3982 538 4062 campi
550 3981 655 4040 Martii
666 3979 763 4057 ludis;
777 3979 862 4040 hunc
872 3979 1001 4040 destruit
1013 3979 1095 4053 elea3
1110 3978 1162 4038 ille

110 4073 208 4135 nimio
221 4074 420 4158 voluptatum
432 4097 490 4140 usu
501 4077 538 4138 fit
552 4077 653 4161 putris
665 4077 703 4138 ad
716 4076 782 4138 reni
794 4099 971 4140 veneream:
984 4095 1092 4136 rerum
1105 4076 1160 4136 ubi

1 4167 2 4224 l
112 4173 249 4255 perrupit
267 4173 391 4236 calculis
405 4173 546 4258 podagra
565 4175 779 4238 membrorum
792 4173 939 4237 articulos
957 4176 1160 4235 arescentium
