3116 4934
386 519 451 608 ⁵7²
791 473 1027 586 iussum

423 645 451 704 8.
469 643 540 702 tsoec
558 641 653 718 ciuis,
671 654 700 702 st
711 655 744 702 ut
762 637 994 726 uudiut'itospss:
1010 641 1068 704 ttta
1081 641 1138 704 sibi
1154 647 1309 706 introrsum
1327 661 1355 710 st
1370 647 1414 710 mi
1480 690 1481 696 κ

384 737 486 822 linquo
502 741 715 802 immurmurat.
726 777 764 788 -
774 741 812 803 in
830 744 865 802 16
880 743 972 826 primi
988 739 1212 826 Epistularum,
1225 765 1270 806 vs.
1286 745 1342 827 59:

538 885 596 931 iaus
605 897 671 948 pater
681 885 754 943 dare,
763 886 825 934 slars
833 901 907 950 quum
916 885 986 944 dixit,
997 885 1082 950 Apollo
1091 901 1098 934 τ

539 956 612 1003 [abra
623 969 700 1003 movet
709 970 813 1004 metuens
821 957 910 1006 audiri:
921 956 1019 1022 pulchra
1029 961 1148 1017 taverna,

540 1029 576 1073 Da
585 1027 642 1074 nihi
652 1027 741 1077 satiare.

383 1151 527 1214 Grascum
540 1167 586 1214 est
604 1151 705 1236 hospes
722 1174 778 1237 pro
795 1155 906 1236 quovis
919 1151 1006 1236 cujus
1024 1175 1140 1217 nomen
1158 1169 1296 1234 uretur,
1317 1169 1351 1216 ut
1369 1153 1421 1216 illis

384 1255 475 1328 iisse,
491 1253 637 1312 Horatius
652 1252 713 1314 oda
727 1254 852 1335 quinta,
866 1253 923 1314 lib.
935 1255 978 1329 ΙΙ,
988 1275 1032 1315 vs.
1046 1273 1104 1314 aa:

661 1399 723 1447 Mira
733 1415 826 1463 sagam
838 1397 929 1448 iulisrst
937 1399 1045 1462 hospitas.

428 1534 472 1575 ιο.
483 1513 542 1574 Osi
552 1513 613 1578 Sub
624 1529 714 1578 mstm
724 1530 818 1600 cmpet
827 1518 941 1599 arpenti
953 1507 1026 1576 mihi
1034 1496 1127 1592 sen'u,¹
1138 1515 1247 1578 duum.
1256 1551 1296 1564 -
1306 1516 1342 1576 In
1351 1527 1423 1578 sexta

384 1610 509 1671 secundi
526 1611 613 1672 Satis.
629 1633 671 1674 va.
691 1633 740 1673 10:

570 1757 591 1801 0
605 1757 624 1802 si
637 1771 720 1804 maru
732 1759 821 1819 argenti
831 1757 889 1804 Fors
901 1773 946 1820 qus
960 1755 1017 1804 mihi
1030 1769 1151 1806 monstret

429 1900 473 1939 ιο.
489 1881 599 1942 Dextro
616 1880 797 1942 stercutu-
810 1880 944 1958 Ibidem,
962 1901 1004 1942 vs.
1023 1902 1075 1942 sa:

606 2059 611 2070 .
629 2059 634 2070 .
650 2059 656 2070 .
672 2060 677 2071 .
694 2060 700 2071 .
716 2060 721 2069 .
735 2024 806 2073 Dives
817 2027 893 2071 amiso
903 2023 1014 2072 Hercule.

430 2145 475 2225 14.
488 2151 579 2210 Nerio
588 2145 657 2231 jam
674 2153 756 2212 tertio
769 2151 884 2212 ducitur
894 2153 983 2213 uxor!
994 2183 1028 2200 -
1040 2153 1148 2212 Nerius
1163 2149 1282 2228 tutu,
1302 2159 1338 2210 ut
1350 2145 1424 2232 apud

386 2247 567 2324 Horatium,
583 2248 682 2311 Scribe
693 2248 790 2310 decem
804 2251 905 2310 Nerio.

428 2365 473 2428 ¹7·
484 2346 646 2407 Minimum
656 2357 698 2406 est
708 2343 786 2427 quod
798 2348 868 2406 scitu
881 2341 991 2406 laboro.
1002 2375 1040 2390 -·
1050 2344 1175 2406 Dictum
1185 2347 1211 2404 u
1221 2343 1295 2420 itu,
1305 2355 1341 2402 ut
1349 2335 1424 2424 apud

384 2443 549 2504 Horatium
564 2444 597 2502 in
613 2444 714 2524 prima
727 2444 841 2518 Satira,
856 2463 917 2504 mm
931 2440 1020 2524 lorsqu
1036 2438 1208 2526 estfubuiu,
1221 2439 1324 2502 simila
1340 2439 1373 2500 in
1384 2455 1425 2500 ss·

383 2538 485 2602 cunda
499 2539 628 2622 epistola
642 2540 751 2624 primi,
764 2543 821 2600 nisi
833 2539 906 2623 quid
917 2553 943 2601 te
956 2539 1079 2616 detinet,
1093 2537 1174 2600 asisii.

425 2657 474 2697 aa.
487 2635 568 2698 Prot
579 2639 711 2720 Jupiter!
728 2636 849 2714 abone,
868 2635 983 2698 clamet.
993 2637 1078 2698 -ln
1094 2633 1229 2698 secunda
1238 2635 1335 2718 primi
1346 2632 1423 2694 Satis.

384 2755 428 2794 vs.
447 2735 500 2795 18:

684 2842 1055 2907 ......Masime‚quisnon

584 2914 692 2979 iuppiter
704 2914 830 2974 exclamet,
845 2914 996 2980 simulatque
1007 2913 1105 2962 audivit,

424 3067 472 3131 ²7·
507 3051 598 3112 tum
607 3047 693 3134 juoss
720 3047 793 3112 lucis
813 3049 1039 3133 euitmciumqus
1064 3047 1203 3112 ttdmut
1222 3080 1263 3094 -
1287 3047 1325 3108 lu
1346 3043 1423 3112 Artes

385 3165 429 3208 vs.
441 3145 497 3230 471
509 3171 517 3207 ι

699 3291 816 3305 ......
828 3257 863 3304 An
874 3257 938 3306 trista
949 3255 1055 3306 bidentat

650 3327 751 3375 Noverit
764 3331 772 3374 i
773 3341 875 3375 nnnnnnnn

426 3441 474 3521 39
495 3441 551 3501 Ast
561 3463 614 3524 eqo
637 3445 745 3504 nutrici
759 3464 820 3505 non
836 3441 943 3504 maudo
957 3454 1033 3504 uoto.
1053 3473 1094 3488 -
1112 3441 1149 3500 ln
1166 3449 1278 3522 quarta
1295 3429 1423 3520 Epistola

388 3531 442 3596 lib.
454 3537 566 3618 primi,
582 3558 626 3599 vs.
641 3538 660 3600 8
673 3561 681 3600 s

589 3667 651 3729 Quid
659 3680 743 3716 sorsat
751 3667 812 3714 dulci
821 3667 935 3714 nutricula
946 3665 1021 3730 majus
1030 3665 1134 3714 simum.

426 3787 476 3867 4¹·
490 3792 588 3854 Poscis
609 3815 692 3876 opem
708 3795 801 3854 nervis
816 3815 983 3876 corpusque.
996 3826 1036 3838 -
1049 3790 1162 3872 Tangit
1177 3801 1208 3850 et
1223 3787 1366 3849 Horatius
1379 3799 1422 3843 su·

388 3909 458 3949 rum
470 3887 649 3968 stultitiam,
664 3892 718 3972 qui
733 3911 786 3950 sua
801 3890 859 3950 sibi
872 3903 945 3950 vota
957 3887 1156 3950 destruebant
1173 3885 1333 3946 contrariis
1350 3873 1423 3938 vitiis

388 3985 423 4044 in
434 3988 524 4046 tertia
535 3987 633 4047 Satira
644 3987 716 4047 libri
728 3987 774 4063 tl,
787 3985 836 4046 sed
853 3985 919 4046 aliis
933 3985 1031 4045 utitur
1042 3981 1196 4065 exemplis.
1462 4050 1464 4052 ¹

429 4081 478 4160 46.
496 4086 559 4166 Quo
565 4129 576 4160 ,
587 4088 723 4168 pessime,
733 4085 930 4167 pacto....t-
940 4085 977 4145 in
995 4084 1094 4146 Satira
1108 4101 1144 4162 7,
1160 4079 1216 4140 lib.
1228 4078 1268 4156 11,
1279 4097 1334 4159 quo
1343 4079 1421 4158 paru

386 4181 529 4261 pissime?
