<?xml version="1.0" encoding="UTF-8"?>
<!DOCTYPE html PUBLIC "-//W3C//DTD XHTML 1.0 Transitional//EN"
    "http://www.w3.org/TR/xhtml1/DTD/xhtml1-transitional.dtd">
<html xmlns="http://www.w3.org/1999/xhtml" xml:lang="en" lang="en">
 <head>
  <title>
</title>
<meta http-equiv="Content-Type" content="text/html;charset=utf-8" />
  <meta name='ocr-system' content='tesseract 3.04.00' />
  <meta name='ocr-capabilities' content='ocr_page ocr_carea ocr_par ocr_line ocrx_word'/>
</head>
<body>
  <div class='ocr_page' id='page_1' title='image "./sexdecimsatir00lemagoog_0523.png"; bbox 0 0 3148 4950; ppageno 0'>
   <div class='ocr_carea' id='block_1_1' title="bbox 201 490 1240 521">
    <p class='ocr_par' dir='ltr' id='par_1_1' title="bbox 201 490 1240 521">
     <span class='ocr_line' id='line_1_1' title="bbox 201 490 1240 521; baseline -0.009 -2"><span class='ocrx_word' id='word_1_1' title='bbox 201 497 473 521; x_wconf 58' lang='lat' dir='ltr'>mmmmm</span> <span class='ocrx_word' id='word_1_2' title='bbox 477 490 1240 515; x_wconf 58' lang='lat' dir='ltr'>tumvmwhmmwhmmmoemmmmwkm</span> 
     </span>
    </p>
   </div>
   <div class='ocr_carea' id='block_1_2' title="bbox 227 715 1218 1105">
    <p class='ocr_par' dir='ltr' id='par_1_2' title="bbox 227 687 1218 1105">
     <span class='ocr_line' id='line_1_2' title="bbox 227 715 1218 834; baseline -0.009 -1"><span class='ocrx_word' id='word_1_3' title='bbox 227 722 324 834; x_wconf 81' lang='lat' dir='ltr'>uu</span> <span class='ocrx_word' id='word_1_4' title='bbox 354 716 706 830; x_wconf 67' lang='lat' dir='ltr'>sinnius</span> <span class='ocrx_word' id='word_1_5' title='bbox 732 715 1218 829; x_wconf 71' lang='lat' dir='ltr'>uouluouuu</span> 
     </span>
     <span class='ocr_line' id='line_1_3' title="bbox 599 1007 848 1105; baseline -0.008 0"><span class='ocrx_word' id='word_1_6' title='bbox 599 1007 848 1105; x_wconf 83' lang='lat' dir='ltr'><strong>POETIS.</strong></span> 
     </span>
    </p>
   </div>
   <div class='ocr_carea' id='block_1_3' title="bbox 616 1288 836 1312">
    <p class='ocr_par' dir='ltr' id='par_1_3' title="bbox 616 1288 836 1312">
     <span class='ocr_line' id='line_1_4' title="bbox 616 1288 836 1312; baseline -0.005 -8"><span class='ocrx_word' id='word_1_7' title='bbox 616 1288 836 1312; x_wconf 52' lang='lat'>*—</span> 
     </span>
    </p>
   </div>
   <div class='ocr_carea' id='block_1_4' title="bbox 208 1449 1279 3786">
    <p class='ocr_par' dir='ltr' id='par_1_4' title="bbox 208 1449 1279 3786">
     <span class='ocr_line' id='line_1_5' title="bbox 209 1449 1250 1581; baseline -0.003 -26"><span class='ocrx_word' id='word_1_8' title='bbox 209 1449 256 1555; x_wconf 86' lang='lat' dir='ltr'>lu</span> <span class='ocrx_word' id='word_1_9' title='bbox 275 1491 447 1581; x_wconf 84' lang='lat' dir='ltr'>superiore</span> <span class='ocrx_word' id='word_1_10' title='bbox 464 1489 746 1556; x_wconf 81' lang='lat' dir='ltr'><strong>commentatione</strong></span> <span class='ocrx_word' id='word_1_11' title='bbox 769 1485 993 1566; x_wconf 81' lang='lat' dir='ltr'>ostendimus,</span> <span class='ocrx_word' id='word_1_12' title='bbox 1011 1490 1163 1555; x_wconf 83' lang='lat' dir='ltr'><strong>Saturam</strong></span> <span class='ocrx_word' id='word_1_13' title='bbox 1180 1489 1250 1553; x_wconf 89' lang='lat' dir='ltr'>sive</span> 
     </span>
     <span class='ocr_line' id='line_1_6' title="bbox 208 1595 1250 1678; baseline -0.006 -10"><span class='ocrx_word' id='word_1_14' title='bbox 208 1602 348 1668; x_wconf 86' lang='lat' dir='ltr'>Satiram</span> <span class='ocrx_word' id='word_1_15' title='bbox 360 1605 590 1666; x_wconf 85' lang='lat' dir='ltr'>Romanorum</span> <span class='ocrx_word' id='word_1_16' title='bbox 608 1615 679 1664; x_wconf 88' lang='lat' dir='ltr'>tum</span> <span class='ocrx_word' id='word_1_17' title='bbox 703 1596 920 1664; x_wconf 77' lang='lat' dir='ltr'>dramaticum</span> <span class='ocrx_word' id='word_1_18' title='bbox 936 1597 1053 1678; x_wconf 80' lang='lat' dir='ltr'>fuisse,</span> <span class='ocrx_word' id='word_1_19' title='bbox 1077 1613 1148 1663; x_wconf 91' lang='lat' dir='ltr'>tum</span> <span class='ocrx_word' id='word_1_20' title='bbox 1161 1595 1250 1663; x_wconf 89' lang='lat' dir='ltr'>didu-</span> 
     </span>
     <span class='ocr_line' id='line_1_7' title="bbox 209 1706 1251 1793; baseline -0.004 -18"><span class='ocrx_word' id='word_1_21' title='bbox 209 1713 343 1793; x_wconf 84' lang='lat' dir='ltr'>cticam,</span> <span class='ocrx_word' id='word_1_22' title='bbox 367 1724 401 1775; x_wconf 91' lang='lat' dir='ltr'>et</span> <span class='ocrx_word' id='word_1_23' title='bbox 415 1707 516 1788; x_wconf 90' lang='lat' dir='ltr'>hanc,</span> <span class='ocrx_word' id='word_1_24' title='bbox 539 1710 608 1774; x_wconf 89' lang='lat' dir='ltr'>sive</span> <span class='ocrx_word' id='word_1_25' title='bbox 622 1709 828 1786; x_wconf 78' lang='lat' dir='ltr'>Ennianum,</span> <span class='ocrx_word' id='word_1_26' title='bbox 851 1707 922 1774; x_wconf 87' lang='lat' dir='ltr'>sive</span> <span class='ocrx_word' id='word_1_27' title='bbox 936 1706 1153 1773; x_wconf 85' lang='lat' dir='ltr'>Lucilianam.</span> <span class='ocrx_word' id='word_1_28' title='bbox 1175 1710 1251 1772; x_wconf 85' lang='lat' dir='ltr'>lam</span> 
     </span>
     <span class='ocr_line' id='line_1_8' title="bbox 209 1816 1251 1909; baseline -0.005 -24"><span class='ocrx_word' id='word_1_29' title='bbox 209 1819 352 1886; x_wconf 90' lang='lat' dir='ltr'>breviter</span> <span class='ocrx_word' id='word_1_30' title='bbox 372 1818 617 1885; x_wconf 82' lang='lat' dir='ltr'>recensebimus</span> <span class='ocrx_word' id='word_1_31' title='bbox 632 1834 766 1909; x_wconf 89' lang='lat' dir='ltr'>poetas,</span> <span class='ocrx_word' id='word_1_32' title='bbox 782 1819 839 1909; x_wconf 92' lang='lat' dir='ltr'>qui</span> <span class='ocrx_word' id='word_1_33' title='bbox 858 1817 912 1883; x_wconf 87' lang='lat' dir='ltr'>vel</span> <span class='ocrx_word' id='word_1_34' title='bbox 927 1820 1072 1884; x_wconf 90' lang='lat' dir='ltr'>Ennium</span> <span class='ocrx_word' id='word_1_35' title='bbox 1084 1816 1138 1883; x_wconf 84' lang='lat' dir='ltr'>vel</span> <span class='ocrx_word' id='word_1_36' title='bbox 1152 1817 1251 1884; x_wconf 90' lang='lat' dir='ltr'>Luci-</span> 
     </span>
     <span class='ocr_line' id='line_1_9' title="bbox 209 1925 1251 2021; baseline -0.006 -26"><span class='ocrx_word' id='word_1_37' title='bbox 209 1928 291 1995; x_wconf 89' lang='lat' dir='ltr'><strong>lium</strong></span> <span class='ocrx_word' id='word_1_38' title='bbox 304 1931 438 2008; x_wconf 87' lang='lat' dir='ltr'>imitati,</span> <span class='ocrx_word' id='word_1_39' title='bbox 451 1926 603 2021; x_wconf 85' lang='lat' dir='ltr'>adeoque</span> <span class='ocrx_word' id='word_1_40' title='bbox 618 1925 669 1992; x_wconf 91' lang='lat' dir='ltr'>vel</span> <span class='ocrx_word' id='word_1_41' title='bbox 691 1927 782 1991; x_wconf 89' lang='lat' dir='ltr'>varia</span> <span class='ocrx_word' id='word_1_42' title='bbox 799 1943 997 2016; x_wconf 73' lang='lat' dir='ltr'>argumenta</span> <span class='ocrx_word' id='word_1_43' title='bbox 1010 1925 1160 1992; x_wconf 88' lang='lat' dir='ltr'>versibus</span> <span class='ocrx_word' id='word_1_44' title='bbox 1175 1949 1251 2017; x_wconf 88' lang='lat' dir='ltr'>per-</span> 
     </span>
     <span class='ocr_line' id='line_1_10' title="bbox 210 2035 1279 2132; baseline -0.007 -24"><span class='ocrx_word' id='word_1_45' title='bbox 210 2041 359 2132; x_wconf 87' lang='lat' dir='ltr'>sequuti,</span> <span class='ocrx_word' id='word_1_46' title='bbox 369 2037 421 2105; x_wconf 89' lang='lat' dir='ltr'>vel</span> <span class='ocrx_word' id='word_1_47' title='bbox 430 2041 463 2104; x_wconf 90' lang='lat' dir='ltr'>in</span> <span class='ocrx_word' id='word_1_48' title='bbox 471 2037 729 2106; x_wconf 87' lang='lat' dir='ltr'>vitiasaeculisui</span> <span class='ocrx_word' id='word_1_49' title='bbox 741 2039 861 2104; x_wconf 84' lang='lat' dir='ltr'>invecti</span> <span class='ocrx_word' id='word_1_50' title='bbox 872 2047 965 2104; x_wconf 91' lang='lat' dir='ltr'>suut¹</span> <span class='ocrx_word' id='word_1_51' title='bbox 977 2063 985 2118; x_wconf 76' lang='lat'>3</span> <span class='ocrx_word' id='word_1_52' title='bbox 997 2035 1136 2104; x_wconf 85' lang='lat' dir='ltr'>etsimul</span> <span class='ocrx_word' id='word_1_53' title='bbox 1145 2050 1253 2102; x_wconf 88' lang='lat' dir='ltr'>osten·</span> <span class='ocrx_word' id='word_1_54' title='bbox 1278 2073 1279 2076; x_wconf 16' lang='grc' dir='ltr'><strong>κ</strong></span> 
     </span>
     <span class='ocr_line' id='line_1_11' title="bbox 210 2148 1253 2242; baseline -0.005 -27"><span class='ocrx_word' id='word_1_55' title='bbox 210 2148 345 2226; x_wconf 86' lang='lat' dir='ltr'>demus,</span> <span class='ocrx_word' id='word_1_56' title='bbox 371 2173 472 2242; x_wconf 89' lang='lat' dir='ltr'>quam</span> <span class='ocrx_word' id='word_1_57' title='bbox 496 2150 585 2214; x_wconf 88' lang='lat' dir='ltr'>varie</span> <span class='ocrx_word' id='word_1_58' title='bbox 611 2148 653 2214; x_wconf 89' lang='lat' dir='ltr'>ab</span> <span class='ocrx_word' id='word_1_59' title='bbox 676 2150 714 2214; x_wconf 91' lang='lat' dir='ltr'>iis</span> <span class='ocrx_word' id='word_1_60' title='bbox 739 2163 877 2215; x_wconf 87' lang='lat' dir='ltr'>tractata</span> <span class='ocrx_word' id='word_1_61' title='bbox 901 2151 944 2214; x_wconf 90' lang='lat' dir='ltr'>sit</span> <span class='ocrx_word' id='word_1_62' title='bbox 966 2149 1070 2215; x_wconf 89' lang='lat' dir='ltr'>Satira</span> <span class='ocrx_word' id='word_1_63' title='bbox 1095 2163 1128 2214; x_wconf 91' lang='lat' dir='ltr'>et</span> <span class='ocrx_word' id='word_1_64' title='bbox 1151 2169 1253 2240; x_wconf 90' lang='lat' dir='ltr'>quam</span> 
     </span>
     <span class='ocr_line' id='line_1_12' title="bbox 211 2254 1254 2350; baseline -0.003 -25"><span class='ocrx_word' id='word_1_65' title='bbox 211 2257 357 2325; x_wconf 89' lang='lat' dir='ltr'>diversas</span> <span class='ocrx_word' id='word_1_66' title='bbox 381 2257 459 2324; x_wconf 88' lang='lat' dir='ltr'>inde</span> <span class='ocrx_word' id='word_1_67' title='bbox 482 2259 608 2350; x_wconf 85' lang='lat' dir='ltr'>species</span> <span class='ocrx_word' id='word_1_68' title='bbox 630 2257 786 2328; x_wconf 80' lang='lat' dir='ltr'>induerit.</span> <span class='ocrx_word' id='word_1_69' title='bbox 808 2255 907 2342; x_wconf 90' lang='lat' dir='ltr'>Quod</span> <span class='ocrx_word' id='word_1_70' title='bbox 930 2257 1108 2326; x_wconf 89' lang='lat' dir='ltr'>consilium</span> <span class='ocrx_word' id='word_1_71' title='bbox 1133 2254 1254 2322; x_wconf 90' lang='lat' dir='ltr'>vellem</span> 
     </span>
     <span class='ocr_line' id='line_1_13' title="bbox 210 2344 1250 2460; baseline -0.009 -22"><span class='ocrx_word' id='word_1_72' title='bbox 210 2370 397 2438; x_wconf 80' lang='lat' dir='ltr'>accuratius</span> <span class='ocrx_word' id='word_1_73' title='bbox 409 2367 523 2460; x_wconf 87' lang='lat' dir='ltr'>perlici</span> <span class='ocrx_word' id='word_1_74' title='bbox 537 2384 650 2458; x_wconf 89' lang='lat' dir='ltr'>posset</span> <span class='ocrx_word' id='word_1_75' title='bbox 662 2395 669 2433; x_wconf 91' lang='lat'>:</span> <span class='ocrx_word' id='word_1_76' title='bbox 680 2344 742 2448; x_wconf 51' lang='lat' dir='ltr'>,s&#39;ed</span> <span class='ocrx_word' id='word_1_77' title='bbox 757 2369 904 2459; x_wconf 89' lang='lat' dir='ltr'>primum</span> <span class='ocrx_word' id='word_1_78' title='bbox 916 2367 1042 2460; x_wconf 81' lang='lat' dir='ltr'>duplex</span> <span class='ocrx_word' id='word_1_79' title='bbox 1055 2365 1118 2433; x_wconf 91' lang='lat' dir='ltr'>hoc</span> <span class='ocrx_word' id='word_1_80' title='bbox 1132 2367 1250 2432; x_wconf 87' lang='lat' dir='ltr'>carmi-</span> 
     </span>
     <span class='ocr_line' id='line_1_14' title="bbox 211 2460 1256 2574; baseline -0.006 -28"><span class='ocrx_word' id='word_1_81' title='bbox 211 2505 294 2546; x_wconf 89' lang='lat' dir='ltr'>num</span> <span class='ocrx_word' id='word_1_82' title='bbox 311 2504 434 2571; x_wconf 78' lang='lat' dir='ltr'>genus,</span> <span class='ocrx_word' id='word_1_83' title='bbox 456 2482 624 2572; x_wconf 71' lang='lat' dir='ltr'>praecipue</span> <span class='ocrx_word' id='word_1_84' title='bbox 645 2460 873 2560; x_wconf 78' lang='lat' dir='ltr'>Lucilianum,</span> <span class='ocrx_word' id='word_1_85' title='bbox 896 2469 987 2574; x_wconf 89' lang='lat' dir='ltr'>quod</span> <span class='ocrx_word' id='word_1_86' title='bbox 1009 2478 1168 2570; x_wconf 75' lang='lat' dir='ltr'>gliscente</span> <span class='ocrx_word' id='word_1_87' title='bbox 1187 2501 1256 2541; x_wconf 90' lang='lat' dir='ltr'>mo-</span> 
     </span>
     <span class='ocr_line' id='line_1_15' title="bbox 212 2586 1256 2680; baseline -0.006 -24"><span class='ocrx_word' id='word_1_88' title='bbox 212 2614 287 2656; x_wconf 88' lang='lat' dir='ltr'>rum</span> <span class='ocrx_word' id='word_1_89' title='bbox 303 2587 492 2680; x_wconf 86' lang='lat' dir='ltr'>corruptela</span> <span class='ocrx_word' id='word_1_90' title='bbox 504 2587 567 2655; x_wconf 91' lang='lat' dir='ltr'>sub</span> <span class='ocrx_word' id='word_1_91' title='bbox 586 2586 753 2656; x_wconf 85' lang='lat' dir='ltr'>malorum</span> <span class='ocrx_word' id='word_1_92' title='bbox 767 2591 957 2680; x_wconf 89' lang='lat' dir='ltr'>Principum</span> <span class='ocrx_word' id='word_1_93' title='bbox 971 2588 1145 2655; x_wconf 90' lang='lat' dir='ltr'>dominatu</span> <span class='ocrx_word' id='word_1_94' title='bbox 1156 2601 1191 2652; x_wconf 88' lang='lat' dir='ltr'>et</span> <span class='ocrx_word' id='word_1_95' title='bbox 1208 2587 1256 2651; x_wconf 91' lang='lat' dir='ltr'>in·</span> 
     </span>
     <span class='ocr_line' id='line_1_16' title="bbox 214 2696 1256 2793; baseline -0.005 -25"><span class='ocrx_word' id='word_1_96' title='bbox 214 2701 404 2793; x_wconf 76' lang='lat' dir='ltr'>dignatione</span> <span class='ocrx_word' id='word_1_97' title='bbox 426 2724 561 2768; x_wconf 90' lang='lat' dir='ltr'>versum</span> <span class='ocrx_word' id='word_1_98' title='bbox 581 2700 722 2767; x_wconf 86' lang='lat' dir='ltr'>faciente</span> <span class='ocrx_word' id='word_1_99' title='bbox 738 2696 874 2786; x_wconf 80' lang='lat' dir='ltr'>(Juv&#39;en.</span> <span class='ocrx_word' id='word_1_100' title='bbox 895 2705 924 2784; x_wconf 94' lang='lat' dir='ltr'>l,</span> <span class='ocrx_word' id='word_1_101' title='bbox 948 2705 1022 2791; x_wconf 86' lang='lat'>79),</span> <span class='ocrx_word' id='word_1_102' title='bbox 1042 2723 1112 2792; x_wconf 87' lang='lat' dir='ltr'>prae</span> <span class='ocrx_word' id='word_1_103' title='bbox 1128 2699 1256 2766; x_wconf 65' lang='lat' dir='ltr'>caeteris</span> 
     </span>
     <span class='ocr_line' id='line_1_17' title="bbox 213 2808 1257 2904; baseline -0.002 -28"><span class='ocrx_word' id='word_1_104' title='bbox 213 2813 362 2878; x_wconf 87' lang='lat' dir='ltr'>arrisisse</span> <span class='ocrx_word' id='word_1_105' title='bbox 379 2834 449 2876; x_wconf 93' lang='lat' dir='ltr'>non</span> <span class='ocrx_word' id='word_1_106' title='bbox 468 2809 627 2904; x_wconf 90' lang='lat' dir='ltr'>estquod</span> <span class='ocrx_word' id='word_1_107' title='bbox 649 2813 820 2894; x_wconf 88' lang='lat' dir='ltr'>miremur,</span> <span class='ocrx_word' id='word_1_108' title='bbox 841 2810 1025 2880; x_wconf 88' lang='lat' dir='ltr'>multorum</span> <span class='ocrx_word' id='word_1_109' title='bbox 1047 2808 1257 2877; x_wconf 89' lang='lat' dir='ltr'>hauddubie</span> 
     </span>
     <span class='ocr_line' id='line_1_18' title="bbox 212 2918 1256 3014; baseline -0.004 -26"><span class='ocrx_word' id='word_1_110' title='bbox 212 2922 344 3012; x_wconf 74' lang='lat' dir='ltr'>ingenia</span> <span class='ocrx_word' id='word_1_111' title='bbox 374 2923 539 3002; x_wconf 84' lang='lat' dir='ltr'>exercuit,</span> <span class='ocrx_word' id='word_1_112' title='bbox 569 2945 716 3014; x_wconf 88' lang='lat' dir='ltr'>quorum</span> <span class='ocrx_word' id='word_1_113' title='bbox 746 2924 854 2988; x_wconf 92' lang='lat' dir='ltr'>omnis</span> <span class='ocrx_word' id='word_1_114' title='bbox 885 2918 1053 2987; x_wconf 86' lang='lat' dir='ltr'>intercidit</span> <span class='ocrx_word' id='word_1_115' title='bbox 1076 2921 1256 3000; x_wconf 81' lang='lat' dir='ltr'>memoria3</span> 
     </span>
     <span class='ocr_line' id='line_1_19' title="bbox 214 3029 1259 3129; baseline 0 -33"><span class='ocrx_word' id='word_1_116' title='bbox 214 3029 334 3098; x_wconf 83' lang='lat' dir='ltr'>deinde</span> <span class='ocrx_word' id='word_1_117' title='bbox 348 3030 587 3126; x_wconf 89' lang='lat' dir='ltr'>plerorumque</span> <span class='ocrx_word' id='word_1_118' title='bbox 601 3047 794 3124; x_wconf 86' lang='lat' dir='ltr'>poetarum,</span> <span class='ocrx_word' id='word_1_119' title='bbox 810 3055 894 3129; x_wconf 91' lang='lat' dir='ltr'>quos</span> <span class='ocrx_word' id='word_1_120' title='bbox 909 3029 1186 3113; x_wconf 84' lang='lat' dir='ltr'>memorabimus,</span> <span class='ocrx_word' id='word_1_121' title='bbox 1200 3053 1259 3097; x_wconf 90' lang='lat' dir='ltr'>no-</span> 
     </span>
     <span class='ocr_line' id='line_1_20' title="bbox 214 3140 1260 3236; baseline 0.002 -30"><span class='ocrx_word' id='word_1_122' title='bbox 214 3143 304 3207; x_wconf 88' lang='lat' dir='ltr'>mina</span> <span class='ocrx_word' id='word_1_123' title='bbox 318 3157 449 3209; x_wconf 82' lang='lat' dir='ltr'>tantum</span> <span class='ocrx_word' id='word_1_124' title='bbox 473 3140 570 3208; x_wconf 87' lang='lat' dir='ltr'>nobis</span> <span class='ocrx_word' id='word_1_125' title='bbox 590 3145 782 3225; x_wconf 84' lang='lat' dir='ltr'>innotuere,</span> <span class='ocrx_word' id='word_1_126' title='bbox 804 3167 873 3209; x_wconf 92' lang='lat' dir='ltr'>non</span> <span class='ocrx_word' id='word_1_127' title='bbox 893 3144 1042 3209; x_wconf 88' lang='lat' dir='ltr'>carmina</span> <span class='ocrx_word' id='word_1_128' title='bbox 1061 3164 1196 3236; x_wconf 91' lang='lat' dir='ltr'>quoque</span> <span class='ocrx_word' id='word_1_129' title='bbox 1211 3166 1260 3208; x_wconf 90' lang='lat' dir='ltr'>re·</span> 
     </span>
     <span class='ocr_line' id='line_1_21' title="bbox 215 3246 1260 3343; baseline 0.002 -29"><span class='ocrx_word' id='word_1_130' title='bbox 215 3246 293 3315; x_wconf 85' lang='lat' dir='ltr'>licta</span> <span class='ocrx_word' id='word_1_131' title='bbox 306 3266 402 3332; x_wconf 87' lang='lat' dir='ltr'>sunt;</span> <span class='ocrx_word' id='word_1_132' title='bbox 417 3249 562 3343; x_wconf 89' lang='lat' dir='ltr'>denique</span> <span class='ocrx_word' id='word_1_133' title='bbox 575 3253 729 3317; x_wconf 88' lang='lat' dir='ltr'>novimus</span> <span class='ocrx_word' id='word_1_134' title='bbox 741 3249 894 3343; x_wconf 89' lang='lat' dir='ltr'>quidem,</span> <span class='ocrx_word' id='word_1_135' title='bbox 909 3249 952 3315; x_wconf 86' lang='lat' dir='ltr'>ab</span> <span class='ocrx_word' id='word_1_136' title='bbox 967 3251 1017 3317; x_wconf 90' lang='lat' dir='ltr'>his</span> <span class='ocrx_word' id='word_1_137' title='bbox 1034 3249 1086 3315; x_wconf 91' lang='lat' dir='ltr'>vel</span> <span class='ocrx_word' id='word_1_138' title='bbox 1100 3249 1165 3316; x_wconf 91' lang='lat' dir='ltr'>illis</span> <span class='ocrx_word' id='word_1_139' title='bbox 1178 3252 1260 3318; x_wconf 90' lang='lat' dir='ltr'>Sati-</span> 
     </span>
     <span class='ocr_line' id='line_1_22' title="bbox 215 3357 1259 3452; baseline 0.004 -28"><span class='ocrx_word' id='word_1_140' title='bbox 215 3381 270 3426; x_wconf 88' lang='lat' dir='ltr'>ras</span> <span class='ocrx_word' id='word_1_141' title='bbox 283 3381 356 3424; x_wconf 88' lang='lat' dir='ltr'>esse</span> <span class='ocrx_word' id='word_1_142' title='bbox 374 3361 529 3452; x_wconf 85' lang='lat' dir='ltr'>scriptas,</span> <span class='ocrx_word' id='word_1_143' title='bbox 548 3357 607 3425; x_wconf 86' lang='lat' dir='ltr'>sed</span> <span class='ocrx_word' id='word_1_144' title='bbox 627 3361 820 3450; x_wconf 80' lang='lat' dir='ltr'>ignoramus</span> <span class='ocrx_word' id='word_1_145' title='bbox 841 3383 947 3451; x_wconf 84' lang='lat' dir='ltr'>saepe,</span> <span class='ocrx_word' id='word_1_146' title='bbox 965 3375 1081 3426; x_wconf 86' lang='lat' dir='ltr'>utrum</span> <span class='ocrx_word' id='word_1_147' title='bbox 1097 3362 1259 3428; x_wconf 85' lang='lat' dir='ltr'>Euniauae</span> 
     </span>
     <span class='ocr_line' id='line_1_23' title="bbox 215 3467 1260 3553; baseline 0 -17"><span class='ocrx_word' id='word_1_148' title='bbox 215 3471 341 3538; x_wconf 86' lang='lat' dir='ltr'>fuerint</span> <span class='ocrx_word' id='word_1_149' title='bbox 352 3467 434 3553; x_wconf 86' lang='lat' dir='ltr'>illae,</span> <span class='ocrx_word' id='word_1_150' title='bbox 453 3495 498 3536; x_wconf 88' lang='lat' dir='ltr'>an</span> <span class='ocrx_word' id='word_1_151' title='bbox 510 3473 744 3553; x_wconf 85' lang='lat' dir='ltr'>Varronianae,</span> <span class='ocrx_word' id='word_1_152' title='bbox 761 3495 805 3536; x_wconf 93' lang='lat' dir='ltr'>an</span> <span class='ocrx_word' id='word_1_153' title='bbox 823 3471 1018 3550; x_wconf 66' lang='lat' dir='ltr'>Lucilianae,</span> <span class='ocrx_word' id='word_1_154' title='bbox 1032 3496 1076 3538; x_wconf 91' lang='lat' dir='ltr'>an</span> <span class='ocrx_word' id='word_1_155' title='bbox 1091 3470 1175 3538; x_wconf 88' lang='lat' dir='ltr'>adeo</span> <span class='ocrx_word' id='word_1_156' title='bbox 1188 3471 1260 3538; x_wconf 87' lang='lat' dir='ltr'>dra-</span> 
     </span>
     <span class='ocr_line' id='line_1_24' title="bbox 216 3578 1260 3677; baseline 0 -29"><span class='ocrx_word' id='word_1_157' title='bbox 216 3583 355 3648; x_wconf 85' lang='lat' dir='ltr'>maticae.</span> <span class='ocrx_word' id='word_1_158' title='bbox 371 3587 452 3647; x_wconf 87' lang='lat' dir='ltr'>Rem</span> <span class='ocrx_word' id='word_1_159' title='bbox 471 3605 605 3676; x_wconf 91' lang='lat' dir='ltr'>quoque</span> <span class='ocrx_word' id='word_1_160' title='bbox 617 3580 796 3647; x_wconf 87' lang='lat' dir='ltr'>turbarunt</span> <span class='ocrx_word' id='word_1_161' title='bbox 815 3583 876 3648; x_wconf 91' lang='lat' dir='ltr'>viri</span> <span class='ocrx_word' id='word_1_162' title='bbox 890 3578 996 3664; x_wconf 89' lang='lat' dir='ltr'>docti,</span> <span class='ocrx_word' id='word_1_163' title='bbox 1013 3583 1070 3677; x_wconf 94' lang='lat' dir='ltr'>qui</span> <span class='ocrx_word' id='word_1_164' title='bbox 1088 3581 1140 3648; x_wconf 92' lang='lat' dir='ltr'>vel</span> <span class='ocrx_word' id='word_1_165' title='bbox 1153 3583 1188 3648; x_wconf 93' lang='lat' dir='ltr'>in</span> <span class='ocrx_word' id='word_1_166' title='bbox 1200 3605 1260 3648; x_wconf 88' lang='lat' dir='ltr'>cae·</span> 
     </span>
     <span class='ocr_line' id='line_1_25' title="bbox 217 3690 1259 3786; baseline -0.003 -28"><span class='ocrx_word' id='word_1_167' title='bbox 217 3715 290 3758; x_wconf 85' lang='lat' dir='ltr'>cam</span> <span class='ocrx_word' id='word_1_168' title='bbox 316 3690 441 3758; x_wconf 89' lang='lat' dir='ltr'>molem</span> <span class='ocrx_word' id='word_1_169' title='bbox 471 3714 667 3784; x_wconf 73' lang='lat' dir='ltr'>congessere</span> <span class='ocrx_word' id='word_1_170' title='bbox 702 3694 849 3760; x_wconf 89' lang='lat' dir='ltr'>carmina</span> <span class='ocrx_word' id='word_1_171' title='bbox 874 3695 1004 3773; x_wconf 88' lang='lat' dir='ltr'>omnia,</span> <span class='ocrx_word' id='word_1_172' title='bbox 1032 3715 1109 3786; x_wconf 83' lang='lat' dir='ltr'>quae</span> <span class='ocrx_word' id='word_1_173' title='bbox 1136 3692 1259 3758; x_wconf 89' lang='lat' dir='ltr'>satirici</span> 
     </span>
    </p>
   </div>
   <div class='ocr_carea' id='block_1_5' title="bbox 218 3913 1261 4208">
    <p class='ocr_par' dir='ltr' id='par_1_5' title="bbox 218 3913 1261 4208">
     <span class='ocr_line' id='line_1_26' title="bbox 256 3913 1261 3988; baseline 0.002 -23"><span class='ocrx_word' id='word_1_174' title='bbox 256 3915 366 3967; x_wconf 84' lang='lat' dir='ltr'>1.Conf.</span> <span class='ocrx_word' id='word_1_175' title='bbox 380 3917 450 3988; x_wconf 89' lang='lat' dir='ltr'>inpr.</span> <span class='ocrx_word' id='word_1_176' title='bbox 461 3915 572 3968; x_wconf 85' lang='lat' dir='ltr'>Casaub.</span> <span class='ocrx_word' id='word_1_177' title='bbox 585 3913 618 3966; x_wconf 87' lang='lat' dir='ltr'>de</span> <span class='ocrx_word' id='word_1_178' title='bbox 632 3915 714 3987; x_wconf 75' lang='lat' dir='ltr'>Satyr.</span> <span class='ocrx_word' id='word_1_179' title='bbox 759 3915 814 3982; x_wconf 87' lang='lat'>111,</span> <span class='ocrx_word' id='word_1_180' title='bbox 829 3935 856 3987; x_wconf 90' lang='lat' dir='ltr'>p.</span> <span class='ocrx_word' id='word_1_181' title='bbox 877 3916 992 3987; x_wconf 77' lang='lat'>13-27,</span> <span class='ocrx_word' id='word_1_182' title='bbox 1013 3913 1117 3984; x_wconf 67' lang='lat'>45-70</span> <span class='ocrx_word' id='word_1_183' title='bbox 1146 3930 1261 3986; x_wconf 81' lang='lat' dir='ltr'>quorum</span> 
     </span>
     <span class='ocr_line' id='line_1_27' title="bbox 218 3991 1260 4065; baseline 0.001 -21"><span class='ocrx_word' id='word_1_184' title='bbox 218 3993 300 4044; x_wconf 70' lang='lat' dir='ltr'>Grac.</span> <span class='ocrx_word' id='word_1_185' title='bbox 313 3997 388 4065; x_wconf 90' lang='lat' dir='ltr'>poesi</span> <span class='ocrx_word' id='word_1_186' title='bbox 399 4008 424 4047; x_wconf 90' lang='lat' dir='ltr'>et</span> <span class='ocrx_word' id='word_1_187' title='bbox 436 3997 510 4047; x_wconf 89' lang='lat' dir='ltr'>Rom.</span> <span class='ocrx_word' id='word_1_188' title='bbox 524 3993 609 4045; x_wconf 83' lang='lat' dir='ltr'>Satira</span> <span class='ocrx_word' id='word_1_189' title='bbox 620 3992 666 4045; x_wconf 88' lang='lat' dir='ltr'>lib.</span> <span class='ocrx_word' id='word_1_190' title='bbox 679 3993 716 4063; x_wconf 85' lang='lat'>11,</span> <span class='ocrx_word' id='word_1_191' title='bbox 761 3998 1018 4048; x_wconf 65' lang='lat' dir='ltr'>commentationem</span> <span class='ocrx_word' id='word_1_192' title='bbox 1029 3992 1106 4044; x_wconf 84' lang='lat' dir='ltr'>nobis</span> <span class='ocrx_word' id='word_1_193' title='bbox 1117 3991 1195 4043; x_wconf 89' lang='lat' dir='ltr'>modo</span> <span class='ocrx_word' id='word_1_194' title='bbox 1207 4011 1260 4045; x_wconf 82' lang='lat' dir='ltr'>am·</span> 
     </span>
     <span class='ocr_line' id='line_1_28' title="bbox 219 4067 1259 4146; baseline 0 -23"><span class='ocrx_word' id='word_1_195' title='bbox 219 4089 278 4144; x_wconf 79' lang='lat' dir='ltr'>cap.</span> <span class='ocrx_word' id='word_1_196' title='bbox 287 4091 300 4124; x_wconf 79' lang='lat' dir='ltr'>a</span> <span class='ocrx_word' id='word_1_197' title='bbox 310 4076 368 4140; x_wconf 79' lang='lat' dir='ltr'>et3,</span> <span class='ocrx_word' id='word_1_198' title='bbox 375 4092 402 4143; x_wconf 89' lang='lat' dir='ltr'>p.</span> <span class='ocrx_word' id='word_1_199' title='bbox 413 4076 559 4146; x_wconf 76' lang='lat'>198-211,</span> <span class='ocrx_word' id='word_1_200' title='bbox 569 4073 716 4140; x_wconf 71' lang='lat'>225-240,</span> <span class='ocrx_word' id='word_1_201' title='bbox 761 4071 904 4146; x_wconf 82' lang='lat' dir='ltr'>plilicatas,</span> <span class='ocrx_word' id='word_1_202' title='bbox 914 4071 994 4123; x_wconf 87' lang='lat' dir='ltr'>modo</span> <span class='ocrx_word' id='word_1_203' title='bbox 1003 4082 1168 4136; x_wconf 83' lang='lat' dir='ltr'>contractas,</span> <span class='ocrx_word' id='word_1_204' title='bbox 1178 4067 1259 4123; x_wconf 88' lang='lat' dir='ltr'>modo</span> 
     </span>
     <span class='ocr_line' id='line_1_29' title="bbox 220 4148 1036 4208; baseline 0 -6"><span class='ocrx_word' id='word_1_205' title='bbox 220 4164 246 4202; x_wconf 87' lang='lat' dir='ltr'>et</span> <span class='ocrx_word' id='word_1_206' title='bbox 273 4153 433 4205; x_wconf 80' lang='lat' dir='ltr'>Wernsdorf</span> <span class='ocrx_word' id='word_1_207' title='bbox 448 4158 521 4208; x_wconf 88' lang='lat' dir='ltr'>Poet.</span> <span class='ocrx_word' id='word_1_208' title='bbox 541 4155 597 4206; x_wconf 84' lang='lat' dir='ltr'>Lat.</span> <span class='ocrx_word' id='word_1_209' title='bbox 612 4155 676 4206; x_wconf 85' lang='lat' dir='ltr'>Min.</span> <span class='ocrx_word' id='word_1_210' title='bbox 697 4166 715 4204; x_wconf 96' lang='lat' dir='ltr'>t.</span> <span class='ocrx_word' id='word_1_211' title='bbox 762 4150 914 4204; x_wconf 83' lang='lat' dir='ltr'>emendatas</span> <span class='ocrx_word' id='word_1_212' title='bbox 926 4148 1036 4202; x_wconf 78' lang='lat' dir='ltr'>videbis.</span> 
     </span>
    </p>
   </div>
   <div class='ocr_carea' id='block_1_6' title="bbox 0 0 1600 4950">
    <p class='ocr_par' dir='ltr' id='par_1_6' title="bbox 0 0 1600 4950">
     <span class='ocr_line' id='line_1_30' title="bbox 0 0 1600 4950; baseline 0 0"><span class='ocrx_word' id='word_1_213' title='bbox 0 0 1600 4950; x_wconf 95' lang='lat' dir='ltr'> </span> 
     </span>
    </p>
   </div>
  </div>
 </body>
</html>
