3038 4932
346 481 407 544 Ex
431 480 642 547 INCERTO
666 483 811 550 SATIR.
839 487 990 556 LIBRO.
1122 495 1185 558 325

589 611 742 676 CLXXX.

146 714 256 802 Quid?
268 719 352 783 Puto
363 732 396 782 te
408 719 445 783 in'
454 715 519 784 hoc
532 733 590 784 aut
601 721 730 800 risisse,
742 737 801 788 aut
813 725 1033 814 ingemuisse,

146 832 193 894 Ut
204 827 349 895 frontem
361 827 471 896 feries.

578 944 748 1009 CLXXXI.

145 1046 313 1141 Displiceo
324 1047 421 1134 mihi,
435 1072 498 1117 nec
509 1053 580 1117 sine
592 1075 725 1118 summo
738 1053 847 1120 scribo
858 1053 984 1122 dolore.

481 1221 484 1228 .
570 1163 760 1230 CLXXXII.
1066 1257 1073 1267 .

144 1272 175 1336 Ο
186 1269 306 1338 domus
320 1274 474 1367 antiqua!
488 1272 555 1341 heu
568 1296 671 1366 quam
683 1272 807 1366 dispari
820 1272 992 1344 dominare
1003 1275 1140 1347 domino
1151 1288 1162 1345 I·

561 1388 766 1454 CLXXXIII.

143 1493 314 1558 Sustineat
323 1515 476 1576 currum,
494 1508 532 1560 ut
543 1491 643 1559 bonu'
656 1517 745 1586 saepe
757 1497 914 1586 agitator,
928 1519 1108 1593 equosque.
1159 1559 1162 1564 .

560 1608 761 1676 CLXXXIV.

143 1720 253 1806 Atque
265 1712 396 1807 aliquos
408 1714 483 1781 ibus
496 1713 539 1780 ub
550 1715 650 1782 rebus
663 1714 813 1808 clepsere
826 1718 978 1812 foroque.

570 1829 755 1894 CLXXXV.

143 1931 323 2000 Tantidem
334 1937 430 2028 quasi
442 1934 508 2002 feta
521 1959 620 2002 canes
633 1939 704 2003 sine
716 1936 863 2005 dentibu'
875 1937 982 2006 latrat.

565 2049 765 2114 CLXXXVI.

142 2155 219 2219 Non
229 2151 453 2236 frustillatim,
468 2178 531 2222 uec
542 2157 732 2222 minutatim
747 2156 829 2223 dari.

554 2269 770 2334 CLXXXVII.

143 2378 303 2444 Priverno
315 2376 494 2444 Oufentina
505 2379 611 2458 venit,
624 2375 797 2473 fluvioque
810 2377 965 2446 Oufente.

142 2597 202 2648 nius
219 2595 349 2650 obruebat
364 2600 453 2651 nescio
473 2617 526 2672 quo
547 2619 642 2672 sapone
722 2601 882 2652 CLXXXIV.
901 2602 1000 2663 Varro,
1019 2597 1064 2650 lib.
1082 2600 1135 2664 VI,
1154 2601 1186 2654 de

141 2675 291 2728 vernaculo.
302 2699 314 2722 ι
685 2678 760 2748 Ling.
766 2680 821 2729 Lat.
829 2677 944 2749 Clepsere
951 2676 1024 2742 dixit,
1031 2674 1101 2727 unde
1109 2678 1186 2728 etiam

178 2753 302 2806 CLXXX.
326 2757 382 2808 Cic.¹
403 2755 437 2807 nd
454 2756 532 2808 Attic.
549 2755 593 2808 lib.
612 2759 641 2822 1,
687 2755 730 2807 alii
739 2755 852 2826 clepere,
865 2754 893 2805 id
904 2766 954 2820 est,
965 2756 1097 2826 corripere.

142 2831 190 2900 Ep.
204 2850 225 2883 t.
720 2835 867 2886 CLXXXV.
888 2836 992 2899 Varro,
1008 2831 1054 2884 Iib.
1078 2834 1134 2899 IV,'
1152 2832 1185 2886 de

177 2912 313 2964 CLXXXI.
327 2911 381 2963 Cic.
398 2913 432 2965 sul
447 2913 526 2965 Attin.
542 2913 588 2965 lib.
602 2915 641 2980 ll,
684 2914 760 2984 Ling.
773 2913 828 2964 Lut.
843 2915 935 2965 Utrum
949 2915 1062 2984 primum
1076 2929 1129 2962 una
1142 2931 1188 2963 ca·

141 2988 188 3061 Ep.
204 2989 244 3040 18.
685 2994 738 3056 m's,
750 3012 782 3044 an
796 3009 873 3045 canes
884 2993 917 3043 sit
926 2990 1065 3062 appellata.

174 3065 324 3120 CLXXXII.
346 3069 453 3137 Cicero,
468 3069 501 3122 de
522 3069 640 3136 officiis,
720 3071 879 3123 CLXXXVI.
889 3073 992 3122 Nonius
1001 3089 1007 3117 :
1015 3069 1152 3121 Frustatt'm
1161 3079 1187 3120 et

142 3143 187 3197 lib.
198 3148 218 3198 1.
229 3147 278 3198 ffie
286 3167 388 3214 versus,
400 3151 453 3200 Jos.
469 3149 590 3219 Scaligeri
598 3152 642 3219 ju·
680 3147 862 3221 frustillatim,
874 3168 921 3220 per
930 3151 1025 3214 frusta,
1035 3160 1064 3198 ut
1073 3150 1186 3198 minuta·

144 3221 232 3290 dicio,
252 3223 352 3276 Lucilio
373 3225 560 3277 adscribendus
583 3239 639 3292 est,
686 3229 741 3281 tim.
761 3227 900 3295 Cohaerent
909 3227 964 3278 haec
981 3224 1052 3297 apud
1069 3226 1187 3280 Nonium

143 3321 221 3373 quem
236 3321 336 3356 versum
346 3307 415 3355 idem
431 3317 506 3376 putat
521 3325 551 3356 ex
564 3307 596 3356 iis
608 3307 641 3355 li·
684 3325 743 3358 curn
771 3307 909 3377 Pomponii
932 3307 1098 3376 fragmento,
1121 3306 1159 3355 sie
1179 3327 1185 3355 :

141 3380 195 3433 bris
212 3383 292 3434 fuisse
311 3403 376 3455 quos
391 3384 504 3436 iambico
524 3397 569 3436 aut
587 3396 641 3434 tro·
687 3405 698 3428 n
707 3386 804 3434 Verum
820 3383 858 3436 illi
873 3383 975 3449 valent,
993 3385 1038 3454 qui
1054 3381 1187 3434 luctantur

142 3458 640 3528 chaicocaminescripseratLuciIiu33
685 3481 744 3515 eum
760 3461 894 3527 leonibus,
909 3476 938 3512 ut
953 3475 978 3513 te
993 3461 1102 3535 objectis
1116 3461 1187 3513 frus-

141 3538 183 3590 alii
193 3559 254 3592 eum
263 3541 348 3592 Ennio
359 3541 490 3608 tribuunt,
507 3541 554 3594 sed
563 3538 640 3594 nullis
685 3542 760 3592 tutim
777 3543 939 3614 passerinum
957 3539 1098 3611 prandium
1116 3553 1188 3591 satu·
1243 3583 1245 3587 .

142 3621 216 3672 certis
228 3619 374 3673 rationibus
387 3623 476 3674 innixi.
685 3637 772 3672 rarum
787 3638 840 3670 non
853 3617 1024 3684 frustillatim,
1040 3637 1089 3669 nec
1103 3620 1187 3669 minu·

173 3701 336 3753 CLXXXIII.
357 3701 416 3752 Cic:
437 3701 470 3754 ed
491 3705 570 3754 Attio.
594 3701 640 3754 lib.
685 3697 853 3749 mumdum.»
866 3695 1186 3764 Quaemniecoalesceutie

141 3777 212 3842 XIII,
229 3779 279 3850 Ep.
295 3795 337 3830 αι.
352 3779 436 3830 Etiam
453 3778 524 3831 bunc
538 3799 642 3832 versum
686 3777 824 3832 commode
838 3775 936 3843 divisit,
948 3795 979 3828 uc
992 3773 1184 3828 distraxitIIed:

143 3856 304 3909 Lucilianum
311 3859 642 3930 esseexistimamus,quan·
685 3859 779 3908 Junius
795 3856 1000 3921 nomineLucilii
1015 3855 1184 3924 interposito:

145 3935 236 3984 tumuit
252 3935 279 3986 in
294 3936 422 3988 Cicerone
438 3935 621 4006 sit'legendum
633 3957 638 3985 :
689 3936 822 3987 «Lucilius
833 3937 984 3989 satirarum:
996 3953 1050 3986 non
1061 3929 1188 3982 frustilla-

148 4013 224 4065 ·Nee
233 4028 270 4066 est
279 4013 370 4066 melius
384 4014 546 4087 quidquam,
563 4033 641 4086 quam
686 4016 731 4065 tim
744 4031 792 4065 nee
802 4014 950 4066 minutatim
957 4012 1022 4065 dari.
1031 4034 1042 4056 ι

145 4105 172 4144 nt
188 4093 312 4146 Lucullus
329 4095 460 4146 Sustineat
474 4111 595 4161 currum,
612 4107 642 4144 ut
721 4092 890 4145 CLXXXVII.
907 4094 1019 4144 Festus:
1037 4087 1187 4158 Oufentina!

149 4173 225 4225 bonu'
237 4192 305 4244 supe
315 4174 442 4244 agitator,
453 4191 618 4244 equosque.»
688 4173 777 4238 tribus,
794 4173 869 4223 initio
880 4189 959 4222 ceusu
969 4169 1018 4220 fuit
1029 4186 1125 4221 nomen
1136 4169 1191 4220 Itu*
