3148 4950
438 427 754 500 ROMANORUM
778 438 953 504 POETlS
1155 443 1220 510 513

171 581 274 654 quam
288 556 414 641 alebat,
428 555 575 626 ludibrio
591 559 720 629 luerat:
737 563 777 630 L.
795 567 934 632 Annaeus
945 565 1077 648 Seneca,
1092 571 1128 636 in
1143 569 1222 666 lepi-

171 667 309 736 dissimo
323 666 405 736 ludo
422 667 464 736 de
478 684 587 737 morte
599 669 728 738 Claudii
743 675 899 760 Gaesaris,
916 679 950 742 iu
963 701 1031 771 quo
1043 677 1221 772 confingit,

170 777 264 846 hunc
280 779 425 870 ingentis
438 781 586 872 stuporis
601 778 775 850 bominem
788 807 859 850 non
872 785 907 851 in
925 783 1025 870 deos,
1045 786 1105 856 sed
1119 791 1155 857 in
1168 815 1224 858 cu-

172 889 319 966 curbitas
334 889 477 958 relatum
493 915 584 960 esse:
602 915 683 960 nam
695 919 756 962 esu
768 900 925 964 venenati
939 895 1058 982 boleti,
1071 909 1224 975 κολοκύντης

172 1023 200 1067 s.
225 1008 393 1084 κολοκύνθης,
416 1000 592 1087 Claudius,
619 1001 721 1096 hujus
744 1005 809 1074 cibi
829 1005 1062 1091 avidissimus,
1085 1014 1223 1102 periisse

173 1109 384 1196 credebatur,
401 1130 436 1180 et
448 1116 554 1207 inepti
568 1114 722 1184 homines
736 1116 921 1187 cucurbitis
935 1123 1123 1213 comparari
1139 1123 1223 1192 sole·

173 1220 256 1290 bant
278 1221 482 1310 (cucmbitae
503 1241 606 1318 ceput
626 1224 752 1294 habere
775 1225 945 1309 dicuutur,
968 1229 1067 1323 Apul.
1093 1238 1172 1300 Met.
1193 1239 1224 1315 l,

172 1355 249 1424 pag.
276 1358 354 1426 109,
374 1333 427 1402 ed.
451 1333 640 1423 Elmenli.);
665 1336 757 1404 unde
782 1341 907 1407 Seneca
928 1338 1080 1408 libellum
1104 1367 1224 1430 suuni,

174 1470 243 1512 non
258 1445 414 1526 Satiram,
431 1469 541 1543 neque
555 1454 714 1533 ἀποθέωσιν,
726 1448 783 1517 sed
798 1457 1040 1516 ἁποκολοκύντωσιν
1053 1453 1159 1522 facete
1174 1457 1226 1522 ln-

175 1561 325 1652 scripsit:
341 1562 373 1628 t.
391 1563 557 1627 Petronius
576 1561 705 1628 Arbiter
726 1563 979 1650 (Massiliensis,
1002 1571 1148 1660 equestri
1170 1593 1226 1660 ge-

174 1692 255 1737 nere
270 1688 385 1750 natus,
400 1668 605 1752 consularis,
620 1674 744 1738 Neroni
757 1670 930 1740 familiaris
943 1690 977 1740 et
991 1673 1165 1767 elegantiae
1179 1703 1227 1743 ar·

174 1780 263 1860 liter,
278 1778 338 1847 sed
356 1779 485 1847 artibus
497 1779 654 1872 Tigellini
669 1782 782 1850 aemuli
796 1783 839 1851 ad
853 1799 996 1852 mortem
1011 1787 1226 1879 compulsus,
1334 1837 1339 1848 ·

175 1914 278 1984 quam
293 1890 356 1958 sibi
371 1889 478 1972 lente,
498 1892 610 1959 incisis
630 1893 737 1975 venis,
758 1892 887 1977 intulit;
909 1893 951 1960 de
971 1918 1040 1988 quo
1059 1894 1125 1962 vid.
1145 1901 1224 1964 Tac.

175 2013 261 2070 Anu.
284 2007 377 2086 XVI,
399 2008 455 2086 rs,
481 2007 557 2094 19),
581 2006 616 2071 in
637 2003 773 2072 Satirico
793 2004 846 2072 vel
871 2004 1029 2072 Satiricon
1052 2009 1171 2090 libris',
1191 2011 1226 2074 in

176 2114 299 2208 quibus
317 2137 428 2181 mores
448 2137 519 2182 suae
537 2117 661 2198 aetatis,
677 2119 858 2209 praecipuae
876 2118 1068 2199 avaritiam,
1089 2117 1226 2200 luxum,

176 2215 370 2317 superbiam
392 2223 525 2319 aliaque
545 2228 640 2309 vitia,
664 2225 848 2295 discordias
871 2226 1027 2323 bellaque
1051 2230 1158 2298 civilia
1183 2233 1229 2323 gi-

177 2339 313 2428 guentia
326 2353 361 2402 et
371 2334 566 2427 reipublicae
585 2339 840 2404 conversionem
854 2340 1016 2404 minantia
1031 2341 1119 2432 stylo
1137 2364 1227 2407 mor·

177 2445 251 2514 daci
266 2460 299 2514 ct
310 2445 411 2538 plano
421 2446 597 2528 describit,
607 2449 740 2514 insertis
750 2449 877 2540 passim
887 2447 1109 2532 carminibus,
1125 2449 1226 2517 modo

178 2559 402 2652 longioribus,
418 2561 572 2652 inprimis
588 2557 729 2627 debello
741 2559 830 2628 civili
843 2559 895 2628 vel
907 2557 949 2626 de
964 2562 1150 2628 mutatione
1162 2564 1226 2627 rei-

218 2801 239 2834 t.
252 2782 426 2836 casaubonus
436 2784 489 2835 loc.
501 2782 519 2834 l.
534 2802 595 2856 pag.
612 2783 681 2854 2592
728 2782 869 2836 «Tandem
883 2783 991 2836 senilem
1009 2783 1141 2836 Martiaue
1149 2782 1229 2853 sabu-

181 2861 336 2927 aPetronii‚
358 2863 460 2934 inquit,
481 2860 584 2914 libellus
608 2880 679 2914 mera
726 2863 780 2916 lem
804 2861 921 2916 Miscillo
943 2861 1004 2916 lusit
1022 2881 1100 2934 quam
1118 2860 1230 2914 lucentis

177 2957 217 2995 est
227 2944 320 2996 Satura
329 2945 511 2996 Varroniano:
525 2944 581 3014 ipse
591 2956 680 2995 tamen
715 2946 833 3022 flamine
843 2944 961 2997 Satira.-
980 2945 1008 2995 P.
1024 2939 1189 2995 burrianum
1201 2944 1231 2994 iu

175 3023 322 3076 Saturicum
342 3023 396 3076 sive
419 3023 562 3076 Satiticum
588 3023 680 3074 maluit
724 3023 870 3076 Proeficdit.
884 3043 936 3076 suar
944 3021 1228 3076 PetroniilibrosGrae·

174 3100 338 3165 inscriber03
357 3101 493 3174 quomodo
513 3103 680 3155 Commenta·
725 3121 756 3154 cs
771 3103 856 3154 forma
865 3103 998 3172 Satyricur
1008 3120 1029 3153 s.
1040 3101 1163 3153 Satiricot
1173 3102 1229 3154 scil.

176 3184 244 3233 rium
261 3181 356 3233 dicitur
374 3201 422 3252 pro
440 3183 631 3234 commentario
648 3181 680 3231 li·
724 3179 806 3232 libros
820 3180 948 3252 appellari
961 3179 1091 3247 molebat,
1104 3179 1229 3232 utOridii

153 3288 155 3294 ·
176 3261 240 3326 bro,
253 3261 437 3333 Apolopeticus
449 3280 498 3331 pro
513 3261 680 3332 apologetico
726 3261 977 3330 Metamorphoret'u,
996 3260 1090 3331 Hygini
1112 3259 1231 3312 Poetioui

176 3340 256 3392 libro.
268 3341 303 3390 At
317 3341 362 3411 qui
371 3339 508 3410 Satyricon
519 3337 625 3392 titulum
636 3340 682 3390 Pe·
726 3338 932 3400 decommum,
948 3337 1078 3407 Fulgentii
1095 3339 1230 3410 Mytlrolo-

176 3422 256 3473 trouii
267 3419 384 3491 reliquiis
391 3420 616 3490 imposueruut‚ii
624 3419 682 3470 sine
724 3419 807 3492 pictis,
821 3415 903 3469 Solini
918 3419 1051 3483 Ponticus,
1066 3431 1117 3469 etc.
1133 3417 1230 3470 Eorum

178 3500 261 3553 dubio
277 3518 387 3571 grecam
405 3502 479 3552 vocis
494 3499 583 3552 Satira
603 3500 682 3568 origi-

177 3599 238 3634 nem
256 3579 434 3654 spectabant:
454 3583 531 3652 cujus
551 3581 589 3632 rei
611 3597 682 3631 uuu-

180 3681 259 3734 quem
274 3663 378 3714 auctori
390 3663 493 3713 venisse
505 3661 532 3710 in
550 3673 680 3723 mentem,

178 3762 228 3815 pro
241 3756 314 3793 certo
327 3740 422 3792 habco.
435 3742 475 3792 lte
488 3739 622 3791 Martiano
635 3739 682 3790 Ca·

176 3821 251 3896 pella
271 3823 357 3873 minus
373 3823 459 3872 uusim
473 3818 603 3871 affirmare
618 3836 681 3888 pro-

182 3915 241 3972 pter
263 3903 448 3974 antiquitatem
474 3897 553 3970 hujus
577 3898 680 3948 erroris.

180 3982 212 4032 Et
223 3992 311 4031 tannen
321 3983 412 4052 ipsein
424 3998 504 4030 cuttsu
512 3975 682 4048 explicanda,

182 4079 310 4132 europus
326 4081 401 4112 suunt
417 4062 531 4113 Sutiruut
542 4060 684 4129 inscripse-

181 4142 231 4206 rit,
250 4140 389 4193 nobiscum
403 4143 477 4196 facit.
491 4143 533 4195 Sic
548 4142 618 4192 enim
633 4141 682 4191 ait:

300 4229 369 4296 III.

726 3517 789 3550 vero
807 3513 989 3568 argumentum
1008 3497 1089 3570 plane
1108 3501 1231 3551 convenit

728 3592 753 3629 et
767 3576 932 3648 temporibus
945 3577 1104 3629 Neronianis
1119 3591 1144 3630 ct
1159 3580 1231 3647 inge-
1267 3579 1270 3586 “

728 3659 773 3709 nio
785 3655 1036 3729 moribusqucillius
1046 3658 1175 3719 Petronii;
1185 3677 1231 3708 ne·

728 3755 781 3809 qne
789 3738 947 3789 sententiam
956 3755 1031 3789 auam
1038 3737 1114 3788 nobis
1123 3755 1233 3808 persus·

728 3815 1231 3886 sere,quisuctoreruillorumvelClau·

728 3898 779 3964 dii,
793 3898 833 3950 vel
855 3897 956 3962 Seueri,
975 3896 1015 3950 vol
1033 3899 1229 3948 Antoninorum

728 3992 802 4030 atate
814 3978 907 4029 vixisse
920 3977 1021 4047 opinati
1034 3987 1102 4026 suut.
1116 3977 1188 4026 Prius
1200 3977 1228 4026 P.

728 4061 910 4120 Burmannus,
928 4055 1037 4106 alterum
1055 4051 1186 4118 Statilius,
1204 4069 1230 4107 et

728 4137 860 4208 posterius
872 4134 968 4210 Valerii
978 4131 1181 4186 contenderunt.

1033 4224 1074 4290 33
