3026 4944
285 473 333 536 1n
351 473 571 580 *ssrtnru
595 483 801 550 return.
1026 482 1070 572 ⁵9

94 608 109 651 t
121 617 194 660 nom
205 599 260 650 buc
274 601 390 670 pertinet
402 600 586 671 proverbium:
600 605 660 659 bilis
671 608 699 658 in
711 609 822 660 norim
835 635 871 646 -
882 609 967 679 liujus
978 625 1069 660 versus

94 700 106 731 u
120 678 288 752 precedentis
302 696 396 732 versus
409 699 514 733 sensum
527 689 677 739 continuari
695 700 789 761 putant
801 687 922 759 plerique
938 690 1070 760 iuterpre-

95 759 338 829 trauslatorumque,
351 772 378 810 et
384 761 422 812 sic
429 761 559 832 explicant
565 786 574 838 Ιι
588 785 651 818 cave
663 785 697 818 ue
709 767 855 819 excludaris
868 785 883 818 o
894 765 985 818 limine
996 769 1069 839 priu-

94 859 128 901 m;
136 838 176 891 bic
185 839 256 892 enim
269 839 322 908 (sc.
336 841 365 890 iu
376 839 480 912 limine)
490 845 562 913 jacet
572 849 645 898 cauis
657 846 784 915 hirriens,
795 850 840 920 qui
854 861 880 900 te
893 847 1022 900 oloribus
1033 846 1071 898 di-

94 942 119 987 n,
129 919 234 992 quando
244 938 292 972 eos
302 921 446 974 salutatum
454 926 540 992 renis,
551 927 640 998 abiget
651 931 761 982 invisum
772 942 882 1002 propter
893 929 992 981 satiras.
1003 929 1069 996 Ques

94 1019 128 1051 ne
145 997 210 1050 mibi
225 998 358 1071 probatur
369 1001 558 1073 interpretatio.
572 1007 681 1073 Quanto
694 1007 860 1060 verisimilior
872 1025 978 1072 sensus,
992 1009 1014 1059 si
1027 1006 1069 1058 lsic

94 1094 131 1133 tur
142 1099 198 1132 non
214 1078 249 1132 etl
264 1080 359 1133 limina
376 1087 519 1155 majorum,
535 1086 581 1138 sed
596 1087 629 1140 ad
641 1087 743 1141 huncce
758 1091 838 1142 Persii
850 1091 972 1142 satiram!
985 1089 1068 1152 Cave,

94 1175 153 1227 icet,
165 1179 200 1212 ne
210 1159 280 1212 male
292 1161 427 1214 mulcteris
440 1165 468 1214 in
480 1163 569 1217 limine
579 1168 746 1240 principum
759 1183 836 1222 sonat
847 1171 918 1224 euim
929 1171 957 1222 in
968 1167 1019 1221 bac
1031 1187 1070 1220 sa·

94 1259 124 1294 ua
135 1259 187 1293 vox
199 1242 286 1303 canis;
298 1242 316 1292 i.
329 1260 351 1293 e.
366 1243 457 1314 cynice
470 1246 540 1296 euim
552 1244 647 1314 latras,
658 1249 700 1300 vel
711 1248 798 1301 birris.

94 1365 120 1400 r.
142 1348 267 1400 110.Per
281 1367 323 1400 me
338 1348 454 1421 equidem
469 1353 523 1402 sint
537 1355 626 1406 omnia
642 1356 761 1428 protinus
779 1355 849 1409 alba.
864 1384 900 1395 —
916 1354 1068 1427 Respondet

94 1431 164 1482 sario
175 1432 295 1496 Persius,
309 1449 358 1502 per
368 1430 438 1484 hanc
452 1437 650 1487 concessionem
663 1439 807 1490 ironicam:
824 1437 950 1510 quoniam
963 1439 999 1490 sic
1011 1436 1070 1508 pla-

94 1510 236 1562 ›robenmr
246 1513 297 1562 ista
310 1513 398 1562 omnia
410 1512 482 1565 velut
494 1512 565 1566 bonu
579 1529 604 1568 et
616 1531 689 1568 recta
700 1538 749 1590 per
760 1519 889 1585 melleet,
901 1529 952 1570 etc.
961 1547 998 1558 -·
1007 1519 1070 1569 Pro·

94 1627 100 1656 ,
115 1593 246 1661 jamjam,
263 1607 336 1641 nunc
351 1609 432 1642 nunc.
445 1621 483 1630 -
496 1591 578 1655 Aun-
595 1597 664 1647 sicut
677 1599 781 1668 nigrum
800 1617 850 1670 pro
864 1596 952 1663 malo,
968 1599 1005 1648 ita
1017 1615 1069 1668 pro

101 1668 194 1720 album
206 1667 280 1740 apud
292 1671 416 1741 antiquos
428 1671 645 1743 nuncupabatur.
658 1677 750 1728 Horat.
762 1678 834 1729 satin
849 1677 929 1744 t‚lV,
942 1675 991 1729 85:

205 1758 290 1802 ...bic
297 1760 477 1816 nrqerechone
486 1764 726 1818 tu,ltomaue‚eareto.

94 1851 173 1904 psum
183 1828 287 1883 ferebat
298 1830 365 1882 illud
378 1831 500 1903 adagium
511 1835 665 1908 Pythagor-se
678 1837 879 1891 celeberrimum
888 1836 926 1890 s‘li
935 1835 980 1904 pir
990 1836 1070 1893 tressis

94 1913 173 1978 γιθοῦ
185 1909 290 1978 φύσιος,
299 1911 325 1963 ‘li
341 1910 366 1965 δι’
376 1913 452 1978 petris
465 1915 547 1967 moi.
562 1917 605 1970 Ad
617 1918 736 1972 eamdem
748 1920 821 1972 illam
833 1922 986 1994 opinionem
999 1939 1069 1994 saepe

95 2011 108 2044 s
119 1991 217 2044 alludit
225 1994 299 2063 Virg.
312 1990 415 2064 AEglog.
428 1995 465 2059 Π,
480 1993 511 2047 15
522 2013 595 2067 sqq.;
607 1997 709 2049 AEneid.
723 2000 772 2065 111,
788 2015 851 2062 tso;
863 2000 981 2064 Persius,
993 1999 1029 2064 ll,
1044 2015 1067 2050 a.

94 2113 96 2123 r
109 2073 213 2124 comica
223 2089 279 2123 non
291 2086 351 2142 eget
364 2072 408 2123 bic
420 2075 506 2127 omnis
518 2074 607 2142 locus,
623 2094 701 2148 qoem
717 2079 879 2150 posteriores
895 2077 998 2131 Satirici
1012 2095 1067 2130 nou

94 2151 96 2201 l
108 2149 267 2203 retulerunt.
575 2175 579 2183 ·

94 2275 119 2310 r.
141 2275 200 2310 ιιι.
213 2257 264 2312 Nil
277 2278 379 2322 mom,-
390 2279 467 2333 eope,
479 2280 582 2330 omnes,
591 2281 680 2317 omnes
691 2265 753 2317 bene
762 2266 835 2317 miroe
844 2265 913 2316 eritis
923 2259 1069 2317 see-Nil

94 2360 115 2401 νς
127 2339 194 2392 nihil
206 2339 397 2412 impedimento
404 2361 471 2395 sum.
481 2373 517 2382 —
526 2345 613 2417 Euqe,
622 2364 723 2414 omnes,
735 2365 822 2398 omnes
826 2369 836 2408 ,-
844 2364 921 2398 voces
928 2344 1000 2398 ultro
1011 2363 1067 2395 om·

94 2420 228 2474 lmirantis.
238 2450 276 2460 -
284 2422 437 2475 Benemiroe
443 2423 513 2476 eritis
521 2442 566 2478 res.
578 2426 704 2492 Monent,
716 2445 765 2478 nec
775 2440 885 2492 temere,
897 2428 1066 2498 interpretes,

95 2503 163 2553 nerti
176 2501 263 2570 simul,
281 2515 308 2553 et
322 2502 404 2568 dura,
417 2516 444 2555 et
456 2506 585 2575 precipiti
597 2505 718 2558 clausula
729 2505 871 2558 ridiculum
884 2503 1066 2557 adulatoribus

95 2581 204 2635 sntiendi
214 2582 354 2635 consilium
366 2584 447 2636 fuisse
459 2583 564 2638 felicius
576 2603 737 2657 expressum.

95 2783 105 2794 ..
127 2765 179 2795 na.
190 2749 241 2796 Hoc
245 2751 332 2812 jecut:
343 2746 391 2804 Ιιὲ,
403 2751 490 2814 usquin
502 2753 681 2818 vetoqmiquum
684 2750 752 2814 suxit
760 2750 853 2798 eleusin.
864 2755 977 2798 Veterum
987 2749 1067 2814 gloss:

95 2837 123 2866 ur
135 2821 251 2866 monitori
264 2820 372 2866 tribuisse
382 2819 431 2868 baec
441 2822 513 2868 verba
522 2821 648 2886 bocjuout‚
659 2823 700 2886 qui
709 2835 806 2870 monent
813 2825 917 2872 Persium
925 2821 1067 2884 respondere

104 2891 155 2938 bec
163 2893 237 2939 verba
247 2891 425 2955 interpretando
435 2910 478 2956 per
487 2891 531 2951 lrr'c,
538 2897 621 2959 rupeis,
630 2904 691 2950 ueto,
698 2908 743 2941 etc.
751 2920 783 2931 -
790 2897 904 2941 Ptarterea
911 2895 935 2940 in
943 2894 1003 2957 8072
1011 2892 1068 2954 legi·

95 2967 182 3027 &qum
190 2978 235 3024 pro
244 2963 365 3026 quisquam
369 2995 377 3017 ‚
387 2961 484 3026 etficret
490 2963 608 3026 profusit.
616 2965 673 3024 Quae
680 2963 799 3026 rorfuxut
805 2964 963 3012 vetustissime
970 2963 1067 3010 forsitan

95 3035 188 3080 initatis
198 3033 316 3097 prosunt,
329 3046 399 3096 atque
411 3033 470 3081 adeo
482 3033 537 3081 huic
546 3035 598 3082 loco
608 3037 661 3082 satis
670 3051 810 3096 congruens.
821 3036 890 3083 Unde
899 3037 932 3084 sic
942 3035 987 3096 legi
998 3051 1066 3097 posse

95 3123 103 3154 ι
114 3106 230 3168 conjicias
241 3121 247 3149 :
263 3103 304 3152 bos
311 3107 397 3170 juvat?
409 3105 456 3162 luc,
468 3109 553 3174 inquis,
566 3119 616 3154 veto
627 3111 748 3174 quitquam
755 3108 828 3172 ficret
837 3107 929 3155 oletum.
946 3109 1021 3168 Quam
1032 3105 1067 3152 le·

95 3194 111 3222 n
118 3191 201 3240 neque
210 3176 347 3233 admittere,
354 3191 433 3239 neque
442 3175 570 3224 defendere
580 3175 662 3234 velim
673 3193 725 3241 qum
734 3191 812 3223 tamen
820 3175 884 3224 haud
893 3188 925 3222 sta
935 3179 1013 3239 inepts
1024 3185 1067 3222 est.

96 3295 114 3328 r.
139 3293 199 3328 ssu.
209 3275 364 3348 Hocjuvat:
377 3275 432 3344 lic,
443 3275 543 3349 inquis,
554 3287 610 3329 veto
620 3276 840 3350 quisquamsaxs‘t
848 3275 1067 3330 oletum-Huc

96 3375 205 3408 immam
218 3358 305 3410 satira
318 3354 467 3409 libertatem
483 3375 540 3411 esse
555 3357 642 3424 dicta,
657 3361 699 3410 vix
714 3357 879 3410 monendum
893 3374 1001 3410 necesse
1017 3369 1065 3408 est.

101 3434 215 3508 illepide
230 3448 320 3488 tamen
335 3449 403 3488 sunt.
417 3465 453 3476 -
466 3437 523 3490 Hoc
530 3440 607 3510 juvat
618 3439 780 3490 transferunt
792 3437 900 3509 quidam
911 3440 1067 3508 interpretes

96 3537 118 3571 nc
131 3518 244 3572 modum
256 3541 262 3570 ι
274 3517 362 3592 placet
370 3539 403 3571 ne
412 3519 461 3572 boc
471 3538 559 3572 meum
570 3521 616 3572 tibi
622 3521 800 3594 propositum,
809 3520 1014 3586 monitorPQue
1025 3538 1068 3572 ex·

96 3619 117 3652 o
129 3599 220 3652 minus
232 3599 297 3651 mibi
309 3619 371 3652 cnm
383 3600 486 3672 reliquo
496 3619 575 3653 versu
586 3600 690 3653 videtur
702 3603 852 3654 convenire.
866 3599 956 3654 Malim
968 3601 1067 3654 referre

96 3677 225 3730 lcarmen
239 3697 351 3752 pravum
365 3678 431 3732 illud
445 3678 486 3732 vel
501 3681 698 3748 Neronianum,
707 3681 754 3734 'vel
769 3680 849 3748 elius,
864 3681 909 3753 qui
923 3682 1009 3734 Persio
1024 3697 1067 3734 re-

96 3758 201 3824 oditur,
213 3758 367 3814 defenditur
380 3779 442 3813 vero
456 3763 591 3818 monitori.
604 3791 640 3802 -
651 3762 717 3828 Hic,
731 3762 829 3816 adhoc
842 3780 949 3815 carmen
963 3779 1067 3814 sacrum

96 3859 117 3891 re
128 3853 171 3892 est
181 3841 362 3894 referendum.
372 3871 408 3881 -
419 3843 495 3894 Furit
504 3840 601 3896 oletum
607 3864 617 3905 ,·
630 3857 705 3895 retus
715 3843 835 3915 estsoxit
843 3862 858 3895 a
863 3844 932 3915 fauo
941 3843 970 3893 in
978 3841 1067 3913 preci·

96 3931 158 3991 tque
178 3921 209 3971 in
229 3919 334 3990 legibus
348 3921 482 3973 usitatum.
503 3923 598 3974 Facere
612 3921 726 3984 oletum
740 3922 837 3975 dicitur
848 3921 917 3975 idem
932 3939 986 3972 uns
1001 3937 1068 3971 voce

97 4019 120 4061 e;
134 4001 163 4052 in
179 4001 292 4072 antiqua
304 4001 375 4052 enirn
387 4005 497 4054 recurrit
509 4002 580 4074 lege,
592 4005 668 4072 cujus
680 4005 799 4056 meminit
810 4003 963 4056 Frontinus.

97 4125 110 4158 f.
136 4107 198 4158 113.
218 4106 304 4182 Pinqe
313 4108 377 4162 duos
388 4127 502 4182 unques,
518 4109 610 4176 Pueri,
627 4130 698 4162 sacer
712 4121 749 4164 est
766 4109 855 4163 locus.-
873 4119 946 4160 extm
959 4107 1065 4178 Mq'ite:

97 4207 118 4238 o.
136 4218 172 4227 -
195 4209 206 4231 ι
216 4185 317 4238 Genios
328 4189 382 4240 sire
392 4186 513 4240 locorum
527 4189 580 4240 sive
594 4187 732 4242 hominum
745 4202 801 4241 tota
814 4187 972 4259 antiquitas,
984 4188 1066 4258 inpri-
