3038 4932
335 381 400 446 350
524 353 530 366 ’
568 376 602 444 u.
627 379 813 443 lucrm
838 377 1130 461 ruieueurl

737 613 970 631 mmmm!

384 883 386 888 ¹
501 790 575 863 rx
602 787 763 863 irruo
790 787 848 866 vr
875 787 1206 864 serrulruu.

839 998 863 1058 l.

332 1107 393 1170 Cui
405 1127 514 1197 neque
523 1099 716 1194 jumentum
730 1119 796 1184 est,
809 1123 872 1169 nec
882 1125 1013 1185 servus,
1027 1125 1089 1172 nee
1101 1122 1211 1171 comes
1225 1099 1326 1168 ullus.

331 1211 482 1302 Bulgam,
491 1229 524 1280 et
534 1209 697 1307 quidquid
705 1211 806 1280 habet
815 1235 1045 1294 nummorum,
1054 1211 1274 1279 secumhabet
1285 1214 1372 1303 ipse:

332 1325 416 1387 Cum
427 1320 529 1412 bulga
541 1339 665 1401 eleuat,
679 1319 819 1403 dormit,
832 1319 912 1387 lavit
925 1345 932 1385 z
946 1323 1055 1387 omnis
1067 1322 1102 1387 in
1113 1345 1181 1386 uua

333 1437 413 1523 Spes
426 1431 570 1500 hominis
582 1431 698 1524 hulpa,
712 1431 775 1498 hac
792 1430 947 1499 devincta
960 1448 1012 1499 est
1025 1448 1145 1499 eaetera
1158 1435 1236 1499 vite.

833 1548 875 1610 ll.

333 1659 443 1740 Quem
454 1679 565 1748 neque
579 1659 722 1723 Lucanis
735 1653 868 1721 oriundi
880 1655 1042 1722 moulibu'
1052 1657 1137 1722 tauri

332 1771 463 1833 Ducere
475 1767 604 1858 protelo
615 1766 734 1837 validis
747 1765 925 1836 cervicibu’
935 1787 1084 1861 possent.

826 1881 887 1944 lll.

334 1987 412 2066 Hic,
428 1989 567 2078 inquam
577 1945 697 2068 ‚rudet
708 2010 726 2053 e
738 1987 855 2054 rostris
867 2001 968 2081 atque
982 1985 1120 2079 ejulabit

227 2101 232 2111 '
333 2097 560 2176 Concursum,
573 2100 621 2164 uti
635 2101 825 2177 arenariuS,
838 2095 995 2192 clareque
1008 2101 1181 2193 quiritans.

826 2211 882 2273 lv.

336 2367 736 2384 ............
763 2323 903 2385 Peceare
914 2320 1053 2410 impune
1063 2321 1126 2387 rati
1140 2335 1218 2386 sunt

334 2432 453 2508 Posse,
466 2444 500 2495 et
511 2425 682 2495 nobilitate
695 2426 782 2494 facul
794 2426 983 2521 propellere
994 2431 1138 2522 iniquos.
1163 2515 1165 2520 ,

835 2544 876 2606 V.

337 2701 521 2718 ......
549 2650 811 2734 Thaunomeno,
824 2651 951 2744 iuquit,
964 2649 1061 2718 valva
1072 2675 1220 2720 sorerem

333 2761 517 2829 Lanificam
529 2759 593 2828 dici
606 2764 726 2828 siccem
739 2776 840 2853 atque
851 2759 1048 2828 abstemium
1058 2761 1116 2828 ubi
1127 2760 1230 2828 audit.

824 2876 881 2938 Vl.

336 3030 628 3051 .........
654 2984 686 3049 Si
698 2982 754 3049 hic
765 2987 963 3052 vestimenta
974 2985 1074 3053 elevit
1083 2984 1173 3066 luto,

334 3093 384 3162 Ab
398 3117 437 3162 eo
449 3094 554 3157 risum
566 3113 727 3182 magnum
737 3091 781 3159 ad
793 3092 993 3164 cachinnum
1007 3093 1201 3188 imprudens
1213 3092 1360 3187 subjicis.

369 3282 388 3330 l.
402 3277 506 3330 Nonius
521 3298 527 3327 ε
545 3275 630 3349 Bulya
644 3291 684 3328 est
697 3274 831 3330 folliculus
913 3279 956 3331 ΙΙΙ.
971 3281 1088 3332 Nouius:
1103 3282 1247 3351 Quiritum,
1263 3292 1304 3332 est
1320 3279 1377 3332 clu·

334 3360 429 3420 omnis,
439 3375 519 3428 quem
533 3369 559 3407 et
568 3374 716 3408 crumenam
726 3357 834 3408 Veteres
878 3373 963 3423 mare,
976 3371 1088 3409 tractum
1100 3359 1133 3409 ab
1145 3359 1191 3423 iis,
1204 3359 1250 3429 qui
1260 3358 1379 3425 Quirites

334 3437 501 3509 appellarunt
510 3457 515 3486 =
528 3450 553 3486 et
562 3447 601 3486 est
610 3434 729 3488 saeculus
739 3435 772 3486 ed
778 3435 836 3486 bra·
878 3437 1010 3488 invocant.

335 3517 424 3569 chium
446 3513 574 3586 pendens.
592 3543 628 3554 -
645 3516 738 3566 Secum
760 3515 835 3567 habet
913 3517 955 3564 lV.
967 3515 1186 3582 Noniustacul,
1196 3534 1247 3586 pro
1256 3514 1376 3566 feciliter.

334 3601 400 3670 ipre,
416 3610 466 3648 etc.
483 3595 523 3647 cf.
534 3594 646 3646 Murrial.
657 3595 701 3646 lib.
712 3597 761 3660 IX,
773 3598 835 3667 Epi·
913 3594 944 3641 V.
959 3593 1062 3645 Nonius
1073 3615 1079 3642 ι
1090 3593 1249 3660 Abstemiur,
1261 3595 1307 3664 qui
1315 3592 1378 3642 rino

333 3676 521 3748 gram.LX‚vs.
530 3673 593 3726 ule:
606 3674 766 3728 «Aseeduos
776 3674 835 3727 eali-
878 3669 998 3724 abstinet.

335 3775 378 3808 ees
391 3758 471 3820 emit,
485 3768 511 3805 et
525 3755 581 3824 ipse
592 3751 661 3804 tulit.
670 3778 681 3800 ι
913 3751 955 3800 Vl.
970 3750 1074 3802 Nonius
1087 3772 1094 3800 ι
1107 3748 1210 3814 Elevit,
1226 3747 1377 3800 maculavit.

369 3837 400 3885 ll.
421 3833 524 3884 Nonius
541 3852 548 3880 ε
567 3830 721 3896 Prolelare,
741 3849 832 3884 rursus
877 3827 991 3900 Scaliger
1007 3827 1056 3881 hos
1074 3828 1221 3880 trochaicus
1242 3846 1298 3879 esse
1317 3846 1377 3878 mo·

335 3914 466 3986 adjurare.
486 3910 575 3977 Quum
595 3911 656 3979 equi
678 3912 833 3962 continuant
877 3910 935 3958 nuit
944 3926 975 3958 ex
985 3907 1070 3958 XXVI
1081 3924 1135 3958 non
1147 3926 1178 3958 ex
1188 3908 1222 3956 v1
1235 3905 1318 3973 libro,
1336 3918 1377 3958 ut·

337 4007 440 4056 actum,
457 3987 581 4040 dicuntur
598 3985 701 4060 protelo
714 3987 833 4040 ducere:
879 4005 929 4057 que
946 3989 982 4037 itu
999 3983 1198 4038 constituendos
1215 3983 1312 4036 dedit:
1328 3985 1378 4035 «Si

336 4070 468 4124 Proetum
477 4081 516 4120 est
527 4069 690 4119 continuatio
698 4067 738 4119 vel
748 4080 833 4120 tenor.
879 4064 921 4114 ln'c
933 4065 1080 4116 vestimenta
1100 4061 1177 4115 elevit
1198 4062 1271 4130 iulo,
1293 4061 1333 4113 Ab
1347 4079 1378 4112 eo
