3148 4950
310 561 316 575 ἱ
456 487 548 548 PER
571 483 728 552 ANNO'S
751 486 961 553 DIGESTA.
1161 493 1226 574 455

186 603 449 684 Christianorum,
461 609 516 690 qni
527 607 616 690 jussu
629 610 760 671 Neronis
771 611 875 670 tunica
892 611 1019 673 molesta
1036 612 1229 700 aliorumque

187 720 413 769 tormentorum
434 707 582 766 inusitato
603 727 714 788 genere
734 707 992 782 conficiebantnr3
1013 731 1074 792 quo
1100 715 1230 796 respexit

187 819 278 887 poeta
292 805 351 866 Sat.
366 805 394 878 I,
411 802 464 864 155
479 824 524 884 sq.
537 816 566 863 et
579 805 668 880 VIII,
685 805 752 898 136.
773 853 778 864 .

503 967 572 1018 Anu.
585 965 617 1017 U.
631 951 662 1017 C.
675 967 742 1035 819,
755 963 851 1018 Christi
864 964 914 1034 66,

610 1054 743 1110 Iuvenalis
757 1055 799 1108 25.

226 1198 295 1260 Hoc
308 1215 393 1261 anno
408 1221 426 1261 a
439 1201 561 1262 Nerone
579 1201 745 1263 damnatur
765 1201 891 1262 Thrasea
904 1203 1016 1277 Poetns,
1033 1201 1229 1264 1018111161-

186 1297 228 1357 dii
247 1297 359 1374 Prisci,
381 1299 435 1381 qni
455 1299 589 1380 insignia
614 1307 702 1359 erant
727 1301 878 1360 virtutum
902 1292 1113 1391 liberiorisquc
1134 1303 1229 1363 animi

187 1395 334 1478 exempla.
350 1396 396 1457 Cf.
410 1397 466 1457 inl.
480 1397 519 1457 ad
531 1418 604 1458 ann.
618 1399 656 1457 U.
669 1397 703 1457 C.
720 1383 794 1473 813,
810 1403 839 1457 ei
853 1396 891 1457 ad
904 1399 963 1458 Sat
979 1397 1020 1474 V,
1034 1397 1086 1476 36,
1102 1385 1149 1480 3¹7.

490 1559 559 1612 Anu.
575 1563 607 1612 U.
621 1559 651 1610 C.
665 1558 732 1623 820,
747 1557 911 1629 Christi067,

606 1648 740 1702 luvenalis
757 1649 798 1701 26.

226 1796 259 1853 L.
280 1797 399 1854 Fonteio
419 1796 571 1876 Capitone
584 1807 614 1854 et
634 1798 668 1855 C.
689 1794 772 1856 lulio
786 1795 867 1854 liufo
888 1791 1067 1855 consulibus
1088 1794 1168 1873 (vid.
1189 1796 1227 1856 ad

186 1889 246 1951 Sa't.
261 1893 347 1966 XIII,
366 1894 496 1983 ¹6’,¹7)’
513 1892 547 1952 P.
565 1894 714 1972 Egnatius
726 1892 813 1952 Celer
828 1895 946 1953 Stoicus
959 1891 1035 1953 falso
1048 1895 1227 1955 testimonio

185 1986 311 2068 adjuvat
324 1985 555 2050 damnationem
576 1989 677 2048 Bareoe
696 1987 822 2064 Sorani,
840 1988 983 2071 discipuli
1000 1989 1151 2071 amicique
1164 1992 1229 2066 sui,

110 2159 117 2169 .
187 2089 240 2168 qui
250 2087 406 2168 exemplar
419 2101 483 2146 erat
495 2085 659 2161 virtutum,
671 2100 701 2147 et
714 2086 883 2168 proconsul
897 2086 972 2148 Asiae
983 2086 1093 2148 fuerat.
1105 2081 1175 2148 Vid.
1189 2080 1226 2148 ad

186 2184 245 2244 Sat.
261 2185 291 2258 I,
304 2184 358 2257 333
373 2183 434 2257 III,
454 2182 509 2243 116
522 2204 566 2266 sq.
581 2194 611 2242 et
624 2183 697 2255 VII,
711 2202 760 2262 9¹·

501 2350 570 2400 Ann-
584 2350 616 2399 U.
632 2349 661 2402 C.
678 2348 746 2414 821,
761 2347 857 2403 Christi
868 2350 918 2414 68,

614 2435 748 2487 luvenalis
762 2454 803 2506 27.

226 2582 356 2656 Neronis
375 2595 484 2656 scelera
498 2607 528 2654 et
546 2595 693 2676 ineptias,
713 2612 781 2675 quae
798 2594 962 2667 saeviit,
986 2594 1157 2673 193—230,
1172 2608 1226 2654 no·

187 2704 309 2766 tantur,
324 2692 482 2753 vindicant
499 2694 529 2754 V
528 2695 665 2774 irpinius,
683 2691 798 2753 Vindex
814 2703 843 2750 et
859 2688 966 2750 Galba.
979 2689 1049 2750 Vid.
1064 2692 1124 2750 Sat.
1136 2690 1225 2765 VIII,

188 2809 259 2864 221,
276 2809 341 2848 222.
356 2791 400 2848 Eo
412 2809 503 2864 caeso,
513 2806 634 2849 summa
646 2789 769 2869 imperii
781 2782 918 2847 defertur
929 2787 968 2845 ad
979 2787 1118 2846 Servium
1127 2785 1226 2868 Sulpi-

185 2886 269 2946 cium
282 2884 425 2960 Galbam,
439 2888 492 2966 qui
505 2897 572 2968 post
586 2886 764 2945 octennium
779 2901 814 2944 ex
828 2885 977 2964 Hispania
987 2885 1117 2944 Romam
1130 2882 1226 2943 redie-

185 2995 242 3042 rat
270 2983 316 3042 Ab
340 2980 400 3042 hoo
421 2979 634 3064 Quintilianum
655 3002 690 3041 ex
712 2980 861 3062 Hispania
878 2981 1124 3055 Tarraconensi,
1143 2977 1227 3060 cujus

186 3097 259 3158 opp.
279 3073 455 3158 Calagurris
465 3076 529 3158 ejus
547 3079 648 3159 patria
660 3077 741 3151 fuit,
753 3077 923 3138 admodum
938 3076 1158 3140 adolescentem
1170 3075 1227 3136 hoc

157 3170 165 3188 ⁸
188 3193 270 3232 anno
287 3174 415 3234 Romam
433 3174 613 3256 perductum
627 3193 707 3250 esse,
724 3173 818 3232 tradit
836 3174 1045 3255 Hieronymus
1062 3175 1097 3234 in
1112 3171 1227 3232 Chron.

187 3269 264 3346 Quae
279 3271 304 3330 si
318 3290 387 3330 vera
397 3285 481 3348 sunt,
494 3284 524 3331 et
531 3269 758 3347 Quintilianus,
775 3269 813 3330 de
826 3271 950 3349 quogvix
963 3268 1107 3330 dubitare
1115 3270 1229 3351 possis,

60 3349 73 3370 ⁸
186 3364 343 3449 Hispanus
355 3369 431 3445 fuit,
444 3391 499 3430 nac
512 3373 685 3443 Romanus,
697 3367 780 3447 quod
791 3368 858 3428 Nic.
873 3365 1007 3448 Gedoyn,
1019 3367 1155 3428 Gallicus
1164 3364 1229 3447 ejus

154 3472 157 3481 ⁴
186 3464 352 3546 interpres,
362 3466 583 3542 contendebat,
595 3463 756 3546 probabile
768 3475 828 3540 est,
843 3461 932 3522 illum
943 3460 1008 3543 jam
1022 3465 1128 3524 Romae
1137 3461 1230 3522 luisse

186 3573 258 3620 autc
273 3562 439 3642 imperium
458 3561 581 3638 Galboe,
596 3563 712 3643 quippe
725 3561 781 3641 qui
794 3561 859 3640 ipse
876 3579 934 3619 nos
948 3558 1036 3620 docet
1051 3563 1125 3622 Inst.
1142 3560 1228 3621 Orat.

187 3658 231 3732 X,
250 3679 282 3734 1,
297 3672 326 3719 et
339 3662 415 3735 XII,
433 3681 463 3719 11
478 3704 487 3736 ,
500 3682 518 3720 a
532 3681 562 3720 se
573 3659 685 3742 juvene
700 3658 841 3718 auditum
852 3678 915 3718 esse
927 3659 1097 3719 Domitium
1108 3656 1227 3731 Afrum,

188 3775 347 3817 summum
357 3770 521 3832 oratorem,
534 3769 625 3837 quein
632 3756 698 3838 jam
708 3777 782 3816 ann.
791 3755 830 3816 U.
840 3755 873 3815 C.
885 3755 953 3831 813,
964 3743 1077 3816 Christi
1089 3756 1138 3831 60,
1150 3775 1231 3814 mor·

189 3865 277 3912 tuum
290 3873 366 3930 esse,
378 3873 412 3912 ex
423 3855 493 3913 Tac.
505 3853 584 3911 Anu.
595 3847 676 3927 XIV,
690 3874 742 3932 19,
757 3853 978 3932 cognoscimus.
989 3854 1124 3932 Quoquo
1136 3849 1229 3910 modo

190 3955 221 4009 se
231 3963 279 4010 res
292 3949 421 4028 lrabeat,
436 3961 555 4010 constat
567 3961 663 4026 certe,-
680 3950 911 4027 Quintilianum
920 3953 956 4011 eri
967 3949 1041 4008 inde
1051 3947 1162 4028 viginti
1175 3957 1230 4005 an·

189 4065 244 4107 nos
261 4046 455 4108 Rhetorieam
470 4049 502 4107 In
515 4045 620 4107 schola
630 4046 754 4129 publica
768 4046 875 4107 Romoe
889 4045 1060 4128 professum
1074 4063 1143 4103 esse.
1158 4041 1229 4100 11111.

189 4136 341 4204 Dodwelli
357 4146 466 4207 Annal.
481 4145 611 4221 Quintil.
627 4147 645 4226 §
666 4162 718 4220 ra,
738 4145 789 4219 13,
812 4144 864 4218 15,
884 4155 915 4204 et
925 4141 1007 4203 conf.
1027 4141 1066 4202 ad
1084 4139 1233 4215 811111,
