2970 4936
355 436 417 514 nt
526 425 682 491 ventu
706 421 976 488 nscrtouns
1000 417 1061 486 sn
1084 421 1221 486 sorra

374 562 434 606 Vas.
447 556 497 614 roi.
507 555 638 618 crassisque
647 550 914 598 nuensamomu.-ste
921 547 1154 596 eduntmsscmd.
1163 548 1236 604 8055,
1245 547 1322 612 807⁰,
1330 547 1400 611 8273.

348 629 453 676 ilditores
464 641 521 674 vero
535 623 601 670 multi
612 637 726 686 posuere:
740 635 861 684 crussoque
874 619 962 666 intubas
974 635 1076 675 umorum
1091 617 1134 665 sed
1149 619 1218 665 nimis
1230 617 1310 666 multae
1325 621 1351 665 in
1364 618 1401 665 bis

347 701 451 746 versibus
463 707 610 745 recurrerent
625 694 717 758 syllabae
728 695 753 739 in
767 709 781 738 o
793 704 957 738 consonanter.
970 691 1047 736 llabet
1055 692 1173 738 Cornutus
1181 692 1206 736 in
1214 688 1309 737 scholiis
1320 707 1326 736 :
1338 705 1401 736 ems-
1477 699 1481 706 '

348 777 425 838 sisque
437 771 522 818 luteum
534 784 637 815 arnomts.

385 882 451 932 Nor.
474 876 532 941 toi.
547 873 609 927 Atro
622 870 783 942 Compositus
795 871 875 936 lecto,
889 871 1026 942 crassisque
1038 869 1137 924 lucane
1148 871 1268 922 amomis?
1279 899 1318 910 -
1331 871 1402 922 Cora·

347 961 414 1035 poni
426 958 533 1030 propris
545 954 578 1006 de
591 953 702 1005 mortuis
713 950 865 1016 dicebatur,
879 969 991 1022 quorum
1001 951 1135 1019 membra,
1149 953 1176 1002 in
1188 951 1280 1002 mortis
1293 948 1403 1002 dimica-

350 1043 423 1092 tione
441 1037 567 1098 distorta,
587 1032 815 1104 componebantur.
834 1031 893 1082 Huc
911 1029 1080 1100 pertinebant
1099 1049 1130 1082 os
1147 1029 1288 1095 claudere,
1308 1029 1403 1082 oculos

350 1117 481 1182 condere,
497 1127 546 1166 etc.
561 1111 659 1166 Tibull.
673 1114 723 1176 ΙΙΙ,
739 1129 772 1176 a,
787 1111 834 1172 26;
850 1110 941 1180 Virgil.
956 1111 1058 1162 AEneid.
1073 1112 1102 1176 l,
1118 1113 1185 1180 ²49,
1202 1111 1292 1182 ibique
1306 1113 1403 1182 Heynii

350 1213 428 1254 notas
442 1195 510 1248 vide.
524 1223 562 1236 -
575 1192 638 1244 Atro
650 1190 733 1253 iect0,·
746 1190 892 1261 spectaturi
906 1191 1129 1262 magnificentiam
1142 1193 1242 1244 funeris
1257 1204 1283 1242 et
1296 1209 1404 1262 pompa

350 1290 524 1350 apparatum
542 1275 569 1324 in
585 1271 683 1324 lectulo
698 1269 791 1337 ferali,
806 1285 852 1323 aut
865 1271 892 1322 in
907 1270 1032 1342 pheretro
1046 1289 1144 1344 corpus
1159 1271 1309 1344 aptabatur.
1325 1269 1403 1324 Ouid.

350 1359 459 1410 Metam.
473 1356 513 1420 X,
526 1353 578 1420 463
587 1374 594 1416 ς
604 1351 641 1404 id.
654 1352 725 1403 Fust.
738 1351 776 1415 ll,
790 1350 850 1402 353.
860 1350 1022 1402 -Amumis
1030 1372 1040 1412 ,·
1050 1349 1103 1403 vid.
1116 1353 1199 1422 lleyn.
1212 1363 1268 1402 not.
1283 1348 1319 1402 ad
1330 1349 1402 1419 Virg.

351 1437 441 1507 Eulog.
456 1437 506 1500 ΙΙΙ,
521 1434 563 1486 83.
576 1433 718 1484 Amomum
731 1443 771 1482 est
787 1431 895 1500 proprie
907 1429 1008 1482 fruticis
1023 1449 1109 1504 genus
1124 1430 1236 1492 Indicam
1250 1446 1302 1482 vox
1314 1441 1404 1480 autern

352 1515 386 1570 de
398 1517 469 1569 omni
485 1527 601 1565 aromate
609 1510 661 1564 dici
669 1522 765 1581 potest.
774 1510 837 1578 Ejus
846 1508 953 1580 pulvere
964 1527 1024 1562 ossa
1034 1528 1082 1562 sun
1091 1511 1182 1582 spargi
1188 1508 1265 1581 jubet
1275 1508 1403 1574 Ovidius,

351 1599 430 1650 Trist.
442 1598 490 1661 ΙΙΙ,
501 1594 562 1662 389.
573 1595 629 1644 Hoc
640 1591 714 1655 loco,
726 1603 890 1659 unguentum
901 1603 955 1655 est,
968 1607 1021 1660 quo
1034 1591 1127 1659 inungi
1137 1607 1252 1661 corpora
1264 1588 1405 1650 solebant,

352 1690 496 1746 antequam
508 1675 578 1743 rogis
587 1673 797 1741 imponerentur.
812 1665 889 1720 ovid.
903 1668 923 1718 F
925 1683 973 1719 ast.
986 1671 1034 1735 ΙΙΙ,
1048 1667 1109 1722 853.
1124 1699 1161 1708 -
1176 1669 1284 1728 omem
1297 1667 1406 1738 pingni-

352 1756 403 1809 bus
418 1777 424 1806 ε
442 1753 566 1808 convenit
580 1770 641 1803 cum
655 1749 760 1802 iulum

389 1874 456 1924 Nor.
479 1869 536 1923 105.
553 1870 588 1921 In
599 1881 705 1942 portum
718 1863 814 1938 rigidos
829 1866 910 1920 enices
925 1863 1048 1920 extendit.
1064 1897 1101 1908 —
1112 1867 1227 1935 Mortui,
1245 1865 1316 1918 lecto
1332 1883 1407 1916 com·

352 1953 450 2024 positi,
469 1952 497 2002 in
516 1949 583 2000 atrio
602 1950 641 2000 ita
660 1945 876 2012 collocabantur,
894 1961 923 1998 ut
941 1945 1024 2018 pedes
1041 1948 1068 1998 in
1081 1937 1192 2017 januam
1213 1959 1303 1999 essent
1319 1946 1406 2006 versi3

355 2035 430 2103 cujus
441 2032 523 2084 moris
528 2030 585 2096 jam
595 2029 624 2080 in
634 2029 751 2080 llomero
763 2028 866 2079 mentio
878 2040 927 2080 est.
942 2025 1015 2079 Iliad.
1028 2033 1060 2092 T,
1073 2044 1123 2079 ata
1136 2047 1142 2077 ε

577 2129 654 2174 licitus
664 2127 709 2172 eve
716 2118 842 2189 npcbipou
850 2130 1016 2188 τετραμμένος.

354 2219 434 2272 Coni.
447 2219 518 2290 Lips.
534 2215 567 2268 nd
579 2215 664 2266 Tacit.
677 2213 773 2266 Annul.
789 2215 836 2279 ΙΙΙ,
852 2213 883 2276 5;
899 2212 1018 2265 Kirchut.
1030 2210 1063 2266 de
1079 2217 1175 2268 Funer.
1190 2214 1305 2266 Roman.
1318 2216 1349 2280 Ι,
1366 2230 1405 2265 12.

355 2309 388 2342 -'
401 2300 507 2374 Rigidos
515 2297 614 2357 cuices‚·
626 2308 655 2347 ut
667 2311 724 2346 esse
737 2294 824 2376 solent
834 2293 1001 2348 cadaverum.

390 2417 457 2467 Nor.
481 2411 538 2465 106.
554 2411 591 2463 At
602 2409 678 2462 illurn
689 2411 809 2462 Hestemi
820 2413 905 2484 cupite
917 2412 1008 2466 induto
1020 2413 1118 2465 subiere
1131 2413 1250 2484 Quirites.
1262 2442 1299 2451 -
1310 2413 1408 2465 Sensus

357 2511 412 2550 est:
428 2494 542 2566 denique
556 2491 676 2544 effertur.
691 2491 755 2542 Rem
771 2507 833 2543 rero
849 2511 898 2562 per
911 2511 969 2545 eam
983 2495 1109 2564 expressit
1122 2495 1280 2564 imaginem,
1295 2511 1354 2566 quae
1369 2495 1409 2545 in·

356 2591 494 2629 nereamm
515 2587 675 2644 pomparum
696 2571 784 2622 Romae
805 2589 862 2624 esse
883 2571 993 2625 solebat.
1016 2601 1050 2614 -
1071 2571 1191 2626 Hesterni
1213 2571 1344 2643 Quirites,·
1365 2575 1409 2645 qni

356 2653 430 2706 haud
447 2654 482 2703 ita
497 2650 601 2723 pridem
613 2651 717 2701 civitate
730 2649 821 2701 donati
834 2651 955 2714 fuerant;
974 2671 1053 2704 manu
1069 2653 1157 2716 missi;
1171 2649 1266 2706 liberti.
1281 2653 1409 2706 Hestemn

357 2733 409 2784 dici
421 2728 522 2793 solent,
535 2741 661 2800 quaesunt
674 2729 862 2781 recentissima.
874 2760 910 2770 -
924 2731 1014 2801 Capite
1025 2733 1134 2798 induto,·
1148 2732 1254 2804 pileati,
1265 2735 1291 2784 in
1304 2735 1409 2803 signnm

357 2811 485 2864 libertatis
503 2821 617 2878 acceptae
634 2807 789 2874 adnmino,
805 2827 884 2878 quem
899 2811 1015 2862 efferunt
1028 2809 1154 2864 humeris.
1174 2843 1204 2854 -
1223 2813 1345 2874 satiem
1359 2831 1410 2864 ros

358 2892 384 2942 in
400 2889 539 2943 funeribus
554 2889 688 2942 solemnis.
702 2889 794 2960 Virgil.
804 2889 906 2942 AEneid.
922 2891 972 2959 Vl,
985 2908 1051 2944 aaa:

533 3013 594 3030 .....
602 2985 684 3042 lugenti
694 2985 779 3029 subiere
789 2987 896 3043 pheretro.

394 3091 461 3142 Nor.
485 3105 543 3158 ¹⁰7·
560 3087 650 3161 Tange
661 3088 739 3138 miser
749 3106 836 3153 uenas,
852 3100 958 3161 erpone
971 3091 999 3143 in
1013 3105 1116 3163 pectore
1127 3095 1262 3148 dextrum:
1279 3095 1333 3151 Ni!
1344 3093 1410 3149 eniel

279 3217 283 3225 .
322 3209 324 3216 ι
360 3171 410 3223 iric.
418 3169 606 3239 —Antequam
614 3184 762 3220 sermonem
770 3169 1036 3242 institutumperagst
1043 3172 1409 3249 Philosophus,nltersmqne
1480 3219 1484 3226 .

359 3265 461 3322 partem
473 3250 566 3303 efferat
578 3251 797 3320 comparationis,
812 3270 865 3321 qua
879 3253 921 3304 isti
935 3267 1034 3324 aegroto
1046 3257 1183 3308 confertur
1197 3261 1219 3310 is
1226 3297 1236 3324 ,
1248 3260 1293 3330 qni
1306 3258 1411 3312 laboret

360 3333 441 3384 animi
459 3328 615 3395 affectibus,
637 3329 782 3383 succlamat
799 3331 981 3400 adversarius,
998 3332 1117 3406 nihilque
1131 3336 1199 3388 ultra
1215 3342 1338 3410 corporis
1355 3355 1409 3394 sta-

359 3427 418 3464 tum
429 3413 556 3478 intuitus,
571 3410 706 3463 contendit
720 3431 748 3464 se
759 3415 860 3485 optima
871 3414 924 3466 frui
936 3415 1101 3484 valetudine,
1113 3437 1199 3492 neque
1209 3421 1324 3474 similem
1337 3442 1410 3476 mor-

359 3508 412 3546 tem
428 3492 580 3545 formidare.
594 3522 629 3532 —
642 3486 850 3568 Tan9e‚*miser,
864 3514 957 3559 venas,·
972 3496 1098 3550 adversus
1114 3500 1305 3572 philosophum
1323 3507 1411 3558 insur-

360 3592 441 3646 gens,
453 3575 546 3625 invitat
558 3589 615 3625 sese
627 3574 766 3645 inspiciat,
780 3587 809 3626 ut
819 3575 949 3646 intelligat
960 3576 1052 3647 pulsus
1064 3579 1236 3650 aequalitate,
1247 3601 1329 3654 quam
1340 3583 1411 3636 bons

359 3654 510 3706 valetudine
524 3654 642 3721 fruatur,
662 3672 742 3724 quam
761 3673 856 3726 parum
874 3655 992 3725 indigeat
1010 3661 1068 3728 ejus
1086 3662 1238 3714 narratione
1258 3681 1290 3714 ac
1304 3667 1412 3716 monitis

360 3732 393 3784 de
403 3745 500 3803 aegroto
514 3744 539 3784 et
552 3731 714 3800 aegritudine.
731 3735 827 3795 Misere
837 3753 888 3786 vox
897 3735 1071 3806 indignantis,
1086 3740 1160 3809 quasi
1173 3738 1280 3792 dixisset
1296 3763 1302 3792 :
1326 3760 1411 3814 apage

360 3811 424 3864 hinc
439 3832 499 3864 curo
514 3813 605 3864 misens
616 3815 665 3864 ists
677 3826 725 3865 tua
736 3812 836 3867 fabula.
849 3843 885 3853 -
896 3815 932 3869 Et
941 3833 1010 3888 pone
1022 3817 1049 3867 in
1062 3830 1164 3888 pectore
1173 3819 1288 3873 dextram
1298 3845 1308 3884 ;
1319 3841 1411 3875 rursus

361 3893 453 3944 invitat
462 3889 511 3942 sibi
516 3903 606 3961 pernes
612 3890 716 3964 palpet,
725 3897 786 3965 quia
795 3895 918 3966 quotiens
925 3893 987 3968 plus
994 3897 1072 3950 solito
1082 3917 1128 3950 cor
1138 3911 1184 3950 aut
1193 3900 1252 3953 salit
1261 3941 1269 3968 ‚
1277 3917 1324 3955 aut
1331 3903 1410 3960 celer:

361 3971 518 4022 infirmitatis
531 3969 658 4023 indicium
670 3984 718 4023 est.
733 3972 830 4025 Julian.
845 3975 872 4026 in
886 3974 983 4044 blisop.
999 3974 1126 4046 expies-ys
1137 3980 1171 4048 rii
1183 3977 1258 4049 etipsa
1267 3979 1308 4034 cir
1317 3983 1389 4052 χιῒμ
1398 4009 1409 4030 ι

362 4050 485 4122 (impone
495 4049 567 4103 cordi
578 4068 692 4103 suenum.
701 4051 732 4122 )s
757 4083 787 4094 -
804 4053 855 4104 Nil
864 4051 932 4106 calet
943 4055 998 4116 lte
1011 4057 1162 4110 nullum'ibi
1173 4058 1359 4131 deprehendes
1373 4064 1411 4113 ni-

364 4132 445 4182 mium
457 4129 585 4197 calorem,
600 4145 681 4202 atque
691 4132 763 4184 bona
777 4151 818 4185 mc
833 4133 887 4186 frui
900 4135 1050 4209 valetudine
1061 4139 1167 4194 fatearis
1183 4159 1291 4194 necesse
1305 4155 1354 4193 est.
