3116 4934
382 495 448 578 604
647 493 798 560 rnnax
819 493 1043 558 conmuni
1065 493 1162 560 uss

379 621 437 682 bus
455 620 609 682 interdum
623 619 671 678 usi
682 639 798 679 sumus.
814 618 961 680 Continet
975 619 1045 678 xvl
1061 616 1216 678 luvenalis
1231 617 1344 678 Satires
1356 637 1417 678 cum

379 715 500 778 scholiis
511 714 550 774 ad
562 715 735 796 marginem
747 726 777 772 et
788 714 870 772 inter
882 710 980 773 lineas
990 713 1116 795 scriptis.

463 889 507 929 ro.
528 865 624 930 Codex
637 866 867 946 senatoriam·
881 865 985 947 8073).

378 991 552 1052 Membran.
567 989 692 1050 infolio
712 1009 824 1072 parvo,
839 1003 982 1050 constans
1000 991 1055 1050 118
1069 987 1174 1065 foliis,
1192 988 1264 1048 xlv
1278 1008 1347 1050 saec.
1363 1008 1422 1049 era·

378 1103 476 1162 ratus,
491 1085 659 1168 majoribus
673 1086 768 1148 literis
782 1107 858 1147 auro
868 1087 971 1167 pictis,
981 1084 1153 1147 charactere
1164 1083 1301 1147 Gothico
1313 1085 1424 1166 elegan-

378 1186 494 1246 tissime
516 1198 546 1245 et
559 1185 739 1246 membrana
756 1183 940 1245 nitidissima
960 1185 1099 1266 scriptus.
1120 1183 1227 1261 Quum
1242 1184 1423 1266 puritatem,

267 1341 270 1348 ,
378 1293 447 1342 tum
465 1294 601 1343 exactam
617 1281 865 1341 convenientiam
882 1281 914 1340 in
930 1301 967 1344 eo
983 1280 1144 1342 scribendo
1157 1279 1319 1341 affectavit
1336 1281 1423 1340 libra·

378 1377 460 1453 rius,
479 1376 555 1440 adeo
575 1391 612 1437 ut
631 1375 710 1436 liber
732 1377 789 1436 iste
810 1375 961 1438 editiones
976 1376 1091 1458 primas
1111 1376 1273 1458 impressas
1294 1387 1423 1458 superet,

379 1472 429 1534 sed
442 1489 472 1535 et
488 1472 672 1535 rectitudine
688 1474 845 1555 scripturae
862 1471 1096 1554 pulcherrimas.
1114 1473 1176 1533 Nec
1194 1473 1297 1531 minor
1310 1492 1381 1532 cura
1394 1473 1423 1529 in

380 1585 526 1631 contextu
550 1569 745 1630 emendando
770 1569 830 1630 fuit
852 1567 1005 1630 adhibita.
1032 1571 1147 1629 Praeter
1171 1568 1421 1629 commentarium

379 1669 493 1750 partim
510 1669 601 1728 initio
620 1667 708 1743 libri,
728 1669 842 1747 partim
864 1667 896 1727 in
914 1665 978 1728 fine
999 1667 1204 1750 adscriptum,
1217 1668 1316 1726 textui
1333 1679 1423 1748 poete

379 1763 543 1845 subjuncta
555 1777 599 1825 est
614 1763 827 1847 paraphrasis,
842 1785 912 1845 quae
925 1779 1031 1824 tamen
1044 1778 1080 1823 ut
1095 1763 1339 1824 commentarius
1353 1762 1423 1844 glos-

378 1882 445 1922 sam
457 1860 584 1922 redolet.
601 1859 657 1921 lllc
668 1875 769 1923 autem
782 1861 876 1922 codex
891 1861 973 1922 inter
984 1845 1118 1944 optimos
1134 1875 1164 1920 et
1180 1859 1358 1920 utilissimos
1372 1880 1422 1920 no·

379 1956 427 2017 bis
438 1957 521 2018 visus
533 1971 577 2018 est
588 1959 799 2018 recensendus.
813 1961 887 2018 Haec
899 1958 938 2019 ad
952 1957 1065 2019 calcem
1079 1957 1241 2040 leguntur:

421 2055 505 2140 alste
515 2055 602 2132 liber,
619 2057 673 2138 qui
682 2056 851 2116 senatorius
858 2070 996 2132 vocatur,
1009 2054 1069 2114 fuit
1079 2055 1209 2138 scriptus
1218 2076 1273 2136 per
1283 2076 1333 2115 me
1341 2054 1422 2114 Nico·

381 2149 465 2211 laum
477 2151 554 2212 olim
563 2152 601 2213 de
613 2153 719 2234 pusio,
736 2173 821 2212 anno
831 2151 951 2212 domini
963 2149 1066 2228 millo’,
1078 2154 1230 2233 ooc‘,u1]⁰,
1243 2151 1379 2210 indietiae
1389 2149 1420 2207 V.

378 2261 515 2332 ternpore
527 2250 649 2310 domini
663 2249 829 2311 Clementis
841 2271 928 2334 papoe
941 2251 979 2328 V,
992 2271 1077 2310 anno
1088 2247 1154 2330 ejus
1167 2269 1209 2309 sx.
1225 2249 1337 2310 mensis
1347 2249 1421 2330 apri·

379 2344 417 2406 lis
430 2348 481 2410 die
492 2351 562 2410 xlx
572 2393 580 2424 ,
592 2361 623 2410 et
637 2349 698 2409 fuit
709 2348 894 2433 compilatus
906 2349 1011 2431 quoad
1021 2348 1170 2410 lecturam
1180 2369 1235 2432 per
1249 2347 1385 2410 nobilem
1395 2359 1420 2406 et

380 2442 528 2505 illustrem
539 2447 641 2506 virum
656 2444 821 2507 dominum
837 2445 981 2527 gentilem
992 2445 1031 2507 de
1045 2444 1115 2506 filiis
1128 2447 1209 2522 ursi,
1225 2461 1366 2530 tempore
1379 2441 1419 2502 sui

379 2553 500 2601 senatus
511 2542 617 2602 sexti.»

536 2691 921 2777 samaraeo-¹

380 2813 458 2874 Cod.
474 2815 604 2876 membr.
617 2816 719 2877 in-fol.
734 2830 831 2878 const.
845 2839 902 2878 aaa
917 2818 1153 2895 foliis,exe1mte
1165 2821 1235 2880 lllV
1249 2839 1318 2880 sec.
1331 2837 1419 2879 exara·

379 2923 445 2986 tus,
458 2911 611 2993 eleganter
620 2915 764 2995 scriptus,
778 2935 849 2978 cnm
862 2915 1032 2977 initialibus
1044 2914 1139 2976 literis
1151 2937 1226 2977 auro
1237 2929 1267 2977 et
1275 2915 1419 2977 coloribus

379 3005 522 3089 depictis,
536 3009 614 3070 bene
626 3026 823 3072 conservatus
837 3014 969 3093 satisque
978 3013 1166 3075 emendatus.
1184 3014 1284 3074 Habet
1295 3017 1418 3092 integros

380 3106 562 3184 Horatium,
577 3108 715 3170 Persium
729 3125 759 3171 et
769 3110 960 3172 iuvenalem.
975 3112 1078 3172 Primo
1092 3110 1168 3172 folio
1179 3112 1417 3174 inscribiturdce

379 3201 458 3286 Auq.
475 3204 591 3265 Thucni
601 3219 631 3266 et
646 3202 783 3284 Colberti‚
799 3208 838 3268 ad
855 3231 949 3291 quem
967 3222 1071 3292 postea
1085 3209 1219 3271 devenit.

465 3367 509 3409 ια.
534 3345 690 3411 Thuaneus
706 3352 756 3412 111
773 3352 824 3432 (η’
842 3352 947 3432 8290).

381 3468 456 3530 Cod.
475 3473 648 3533 membran.
664 3471 748 3549 inlp‘,
766 3487 910 3534 constans
933 3496 988 3555 109
1002 3473 1104 3552 foliis,
1116 3476 1173 3536 XV
1189 3494 1254 3538 soe.
1269 3487 1417 3543 exaratus,

380 3565 512 3647 eleganti
537 3567 680 3649 quidem,
701 3569 754 3630 sed
777 3568 900 3632 indocta
923 3592 1038 3648 manu,
1057 3593 1129 3633 cum
1151 3572 1319 3634 initialibus
1333 3570 1416 3632 literis

380 3662 515 3745 depictis.
530 3665 632 3726 Habet
642 3667 825 3728 Juvenalem
837 3682 867 3729 et
880 3669 1019 3729 Persium
1032 3670 1098 3730 sine
1110 3667 1236 3730 scholiis
1247 3685 1277 3731 et
1289 3665 1416 3731 inscribi·

380 3768 449 3818 tur:
464 3761 528 3820 Joc.
543 3762 621 3844 Aup.
640 3759 755 3822 Timaui
769 3774 799 3822 et
809 3760 944 3824 Colberti.
958 3763 1111 3825 Caeterum
1124 3763 1367 3825 mendosissimus
1379 3771 1415 3821 est

382 3853 433 3916 ille
448 3858 552 3919 codex.

465 4001 510 4061 13.
531 4002 719 4062 Mazorineus
736 4002 832 4082 11(n⁰
847 4003 953 4082 8281).

382 4120 457 4182 Cod.
472 4125 601 4186 membr.
611 4125 688 4200 in-lp⁰
698 4127 775 4186 min.
788 4140 931 4188 constans
947 4127 1003 4204 ¹04
1015 4129 1113 4206 foliis,
1127 4131 1183 4191 XV
1195 4151 1262 4192 saec.
1275 4142 1413 4197 exaratus,
