2970 4936
351 459 402 522 IN
426 457 638 522 SA'rIRAM
661 457 910 538 QUARTAM.
1091 460 1152 523 155

105 585 200 640 Annal-
214 585 289 650 xlii,
306 583 348 636 25.
363 584 473 653 Propria
486 594 548 634 sunt
562 580 620 632 huc
637 583 725 632 omnia
739 581 853 634 Neronis
869 595 962 652 preter
975 593 1085 638 caeteros
1099 600 1157 634 om-

106 677 274 738 nes,preter
283 665 371 734 ipsum
382 661 728 731 illumhlcibiadem,cujus
736 680 833 716 nornen
841 663 971 733 totioperi
978 661 1156 733 pretenditur.
1183 651 1188 662 ⁴

106 751 167 819 Ipsa
177 759 267 798 sutem
276 744 333 796 haec
343 745 458 798 Socratis
469 761 599 814 persona,
609 744 736 815 magistro
749 761 859 794 romano
872 742 980 795 similior
987 761 1067 814 quam
1077 741 1159 800 Athe-

109 831 208 895 niensi,
225 828 273 900 qni
288 828 360 879 cives
376 839 453 880 vocet
467 827 590 895 Quirites,
608 827 655 897 qui
670 827 791 877 nominet
805 825 952 878 Vectidium
964 825 1101 878 hominem
1114 845 1160 877 ro-

111 927 229 974 manum,
240 919 268 960 et
281 907 356 960 Curres
367 906 447 960 ltaliae
458 907 647 976 municipium,
659 919 686 956 et
696 903 854 976 Compitalia
865 907 956 977 ignote
968 905 1065 958 Graecis
1076 905 1156 968 festa,

111 1001 137 1040 et
144 986 238 1040 Puteal
246 987 338 1040 locum
346 986 437 1038 Urbis.
452 986 549 1036 Nonne
561 984 616 1036 haec
628 986 675 1056 qui
688 984 765 1052 dicit,
778 983 906 1038 Senecam
919 984 1005 1038 verius
1020 1003 1100 1056 quern
1112 984 1161 1036 So·

110 1079 207 1120 erstem
227 1066 422 1137 representat?
442 1063 547 1116 Scilicet
561 1066 706 1118 animosior
719 1078 815 1135 poeta,
829 1083 909 1137 quem
923 1063 1058 1130 callidior,
1073 1081 1160 1116 mores

108 1144 309 1198 Atheniensium
329 1163 360 1198 ac
372 1146 496 1214 nomina,
514 1143 611 1215 quibus
627 1146 785 1196 seutentiam
802 1143 967 1198 dissimulare
984 1147 1072 1216 prime·
1086 1143 1160 1196 insti·

107 1239 209 1291 tuerat,
221 1227 277 1278 cito
290 1223 467 1292 obliviscitur,
481 1238 507 1276 et
518 1227 562 1276 irre
574 1226 656 1295 magis
669 1223 800 1290 consulit,
813 1243 894 1295 quum
905 1224 1023 1278 utilitati.

140 1305 221 1357 Clara
231 1318 294 1357 sunt
305 1317 429 1376 etaperta
437 1305 464 1356 in
473 1304 527 1356 hoe
538 1323 620 1376 opere
627 1307 730 1371 omnia,
741 1307 762 1356 si
772 1307 928 1375 conjectura
937 1304 1088 1359 casauboni
1099 1321 1161 1354 usus

106 1387 205 1446 iueris;
217 1387 258 1436 sin
270 1386 372 1450 minus,
386 1383 508 1453 ambigua
521 1397 547 1435 et
560 1384 682 1437 obscura.
698 1384 770 1454 Quid
784 1383 891 1437 tandem
903 1397 942 1438 est
954 1383 1027 1456 quod
1040 1381 1164 1434 dubites?

106 1464 240 1536 Equidem
251 1483 301 1535 ego
313 1463 423 1533 Dryden
433 1461 519 1535 Anglo
531 1461 704 1516 libentissime
716 1466 856 1531 assentior,
869 1467 914 1536 qui
926 1463 990 1515 dixit
1002 1472 1163 1514 commenta-

108 1559 178 1596 tores
190 1557 256 1597 ante
266 1543 455 1596 casaubonum
464 1545 595 1596 Persianoe
603 1545 747 1596 voluntatis
757 1545 840 1596 fuisse
850 1547 972 1618 ignaros,
986 1561 1017 1596 ac
1028 1560 1078 1613 per
1088 1539 1162 1592 illum

109 1641 192 1675 unum
205 1623 378 1676 scholiastem
391 1626 520 1694 optimum
531 1621 637 1696 vulgata
651 1643 708 1676 esse
720 1625 808 1696 operis
819 1627 875 1696 ejus
888 1623 1018 1698 mysteria.

140 1703 172 1754 ln
187 1701 245 1755 MS.
260 1703 330 1773 8070
343 1704 500 1774 inscriptum
514 1701 577 1754 huic
588 1702 678 1755 Satirae
690 1705 809 1774 reperio:
824 1705 864 1756 De
876 1702 969 1777 eisqui
982 1701 1103 1754 ambiunt
1118 1697 1165 1749 ho·

108 1799 194 1842 nome
208 1781 370 1852 titulumque
385 1779 429 1832 alii
442 1780 520 1832 alium
534 1795 684 1853 posuerunt
699 1780 823 1834 editores.
839 1782 949 1834 Nullum
961 1799 1024 1833 vero
1037 1781 1088 1851 ipsi
1100 1780 1164 1829 Per·

108 1862 146 1912 sio
158 1862 245 1915 fuisse
260 1863 390 1933 positum,
404 1859 445 1912 vel
460 1879 489 1911 ea
505 1858 570 1912 fides
583 1862 631 1927 sit,
644 1861 719 1932 quod
731 1861 795 1934 quid
807 1862 857 1915 sibi
869 1862 921 1915 hac
934 1863 1017 1914 Satira
1029 1868 1165 1931 proponat

110 1954 199 2011 aperte
214 1941 352 1992 declarare
367 1942 411 1992 vix
424 1939 556 2010 potuerit,
571 1939 684 1992 simodo
699 1959 790 1993 verum
804 1944 860 2012 ejus
875 1942 963 2012 operis
979 1948 1164 2010 argumentum

110 2016 347 2089 deprehendimus.
364 2016 442 2068 Adde
458 2015 532 2087 quod
548 2019 653 2088 antiqui
665 2017 766 2071 librarii
782 2033 809 2071 et
823 2033 945 2072 auctores
960 2014 1125 2070 methodicae
1139 2025 1165 2063 et

3 2147 4 2150 ,
112 2097 256 2171 analyticas
269 2097 328 2150 illas
339 2099 473 2168 scripturae
485 2097 598 2165 formas,
610 2116 667 2168 quse
677 2110 738 2150 sunt
748 2103 939 2166 recentiorum,
949 2117 1012 2152 raro
1022 2093 1166 2148 admodum

116 2179 282 2243 curaverint,
295 2177 342 2248 qui
354 2178 397 2228 vix
409 2176 538 2227 noverint.

142 2339 228 2386 Vsum
237 2353 374 2386 uestem.
386 2355 394 2385 r
403 2371 410 2394 ‚
419 2354 441 2385 a.
453 2340 508 2384 liem
516 2337 597 2402 populi
605 2349 703 2385 unctos:
713 2339 846 2400 (barbatum
854 2340 900 2387 lroee
910 2342 976 2387 crede
983 2341 1117 2404 mnqistrum
1124 2337 1166 2381 Di-

117 2425 178 2468 oere,
191 2412 283 2459 sorbitio
296 2411 358 2458 tollit
367 2426 435 2475 quem
443 2411 493 2456 dr'ro
504 2413 611 2470 nerem)
624 2437 656 2448 -
667 2414 705 2458 Sic
716 2413 928 2476 interpungendum
941 2428 1027 2458 censeo
1039 2413 1063 2457 in
1075 2409 1167 2472 suposi-

118 2484 181 2530 tione
191 2486 292 2541 ironica,
308 2496 332 2530 et
345 2494 443 2546 propter
453 2499 480 2530 ea
489 2499 540 2546 quse
550 2495 680 2546 sequuntur
691 2499 697 2529 ε
711 2499 756 2548 quo
759 2485 853 2548 fretus?
867 2498 911 2532 etc.
924 2484 967 2530 Alii
977 2495 1054 2529 autem
1066 2481 1169 2527 editores

118 2567 230 2616 punctum
241 2555 372 2602 admirandi
380 2567 434 2618 post
447 2563 541 2610 metus,
550 2553 589 2600 alii
599 2567 712 2617 punctum
722 2557 881 2617 interrogandi
889 2567 1032 2618 posuerunt3
1042 2553 1107 2615 quod
1116 2553 1169 2613 qui·

119 2627 170 2673 dem
184 2629 301 2676 intes-dum
314 2629 383 2674 etiarn
399 2639 453 2690 post
468 2627 624 2689 parenthesim
639 2627 786 2675 detulerunt.
801 2628 912 2676 Nonnulli
922 2641 1017 2692 quoque
1028 2635 1169 2688 receperunt

117 2697 156 2746 hoc
170 2717 214 2763 pro
228 2701 290 2757 lutee,
306 2717 359 2762 quae
373 2701 472 2746 serietas
485 2698 562 2762 capilli
576 2701 681 2746 interest.
699 2703 805 2748 Recurrit
821 2713 898 2748 tamen
912 2699 953 2746 lroe
967 2702 1071 2745 inversu
1084 2695 1167 2742 tertio:

117 2771 158 2817 Dic
170 2772 221 2819 hec.
231 2809 236 2818 .
247 2808 253 2818 .
269 2773 321 2820 Hoc
329 2771 368 2820 vel
377 2770 426 2817 hoec
434 2769 504 2835 plane
515 2773 600 2818 omittit
608 2773 679 2819 editio
688 2774 854 2829 vetustissima,
864 2788 941 2836 neque
951 2770 1082 2818 infeliciter.

153 2874 240 2927 Noun.
264 2891 287 2925 1.
304 2873 369 2924 Rem
385 2872 481 2946 populi
500 2883 609 2927 troctas:
628 2875 772 2928 -Tribus
791 2875 989 2946 stetim‘primis
1007 2869 1126 2945 versibqs
1143 2881 1169 2918 et

119 2955 268 3024 argumenti
277 2970 408 3004 summam
420 2952 535 3018 indicat,
547 2965 573 3005 et
584 2972 711 3024 perennes
722 2973 786 3026 quas
797 2957 825 3006 in
836 2953 890 3006 hcc
901 2954 1017 3006 carmine
1029 2949 1170 3020 loquentes

118 3031 226 3086 inducit.
241 3063 278 3074 -
292 3035 357 3086 llem
369 3030 479 3104 populi;
497 3046 558 3086 «est
573 3033 724 3105 respublica
739 3051 777 3086 res
788 3033 882 3105 populi
890 3057 902 3082 ι
917 3033 1000 3084 Cicer.
1016 3028 1049 3081 de
1064 3027 1168 3097 Repub.

119 3115 148 3176 1‚·
158 3115 201 3166 ²5.
216 3115 283 3165 Rem
290 3113 388 3186 populi
400 3122 507 3173 emesae·
524 3113 560 3164 sic
576 3131 678 3182 grece:
695 3111 729 3164 roi
744 3114 786 3164 ‘roi'
805 3111 877 3178 lipsa
890 3107 1032 3180 reprimam
1048 3101 1170 3176 apellant,

122 3191 183 3244 Plat.
198 3193 323 3263 Sympos.
338 3192 389 3255 32,
402 3188 473 3242 Edit.
489 3189 589 3243 Wollii.

153 3291 222 3342 Nur.
245 3307 270 3356 r,
284 3307 298 3340 2
310 3289 459 3356 (barbatum
471 3286 525 3338 hoec
535 3287 608 3339 erede
616 3291 770 3361 magistrum
780 3287 884 3353 Dicere,
896 3287 1000 3339 sorbitio
1016 3282 1086 3337 tollit
1094 3300 1170 3353 quem

123 3369 176 3420 diro
189 3368 308 3439 deme.)
319 3397 354 3410 -
364 3365 542 3439 Periphrasis‚
552 3385 604 3438 qna
615 3366 750 3420 Socratem
760 3365 894 3438 designat;
905 3385 952 3418 cur
964 3378 1051 3418 autem
1064 3374 1173 3415 moneat

123 3449 175 3501 hue
184 3449 322 3502 Socratem
334 3448 430 3512 dicere,
444 3448 564 3518 superius
574 3446 724 3499 docuimus.
736 3477 772 3487 -
786 3448 927 3499 Barbatum
939 3447 1104 3521 magistntm
1117 3459 1171 3493 nou

124 3527 207 3579 solum
222 3529 288 3598 qnia
303 3525 409 3578 hurbem
421 3523 510 3578 alebat
523 3525 660 3590 Socrates,
674 3524 747 3596 quod
758 3526 847 3577 Graeca
860 3524 991 3576 conroedia
1002 3536 1122 3588 testatur,
1135 3523 1172 3571 ita

121 3621 211 3670 socen
227 3607 277 3660 sed
284 3607 353 3678 qnia
363 3605 490 3672 Romani,
504 3625 587 3678 quum
599 3607 712 3677 majores
725 3604 885 3672 laudabunt,
898 3605 968 3657 soliti
981 3617 1055 3657 erant
1068 3603 1172 3655 dicere:

115 3688 200 3756 mei,
219 3687 335 3753 barbati,
350 3698 379 3737 ut
394 3687 422 3736 in
435 3685 481 3736 lV⁰
492 3687 532 3738 De
543 3685 652 3738 Finibus
667 3688 740 3739 testis
752 3687 855 3738 Cicero.
869 3687 900 3736 In
913 3703 1015 3736 morem
1027 3683 1121 3735 abiisse
1133 3681 1174 3731 vi·

127 3764 202 3820 detur
217 3768 321 3820 locutio
333 3767 451 3820 barbatus
463 3768 585 3840 mouister
595 3785 645 3839 pro
657 3767 733 3841 provi
748 3768 869 3840 moqistrc
886 3778 931 3818 aut
944 3764 1109 3839 philosopho.
1123 3763 1174 3812 lu·

131 3848 211 3902 venal.
226 3850 298 3917 ΧΠ,
314 3865 360 3900 12:
980 3913 987 3928 ⁸

327 3939 434 3983 Bur-lutor
444 3938 494 3982 licet
503 3939 620 3982 admoveas
630 3937 689 3982 mille
698 3939 749 3983 inde
759 3941 879 3996 uoqus.

132 4015 226 4068 Plinius
238 4017 303 4069 Min.
315 4016 399 4086 Epist.
412 4019 439 4081 1,
452 4035 485 4081 x,
498 4015 545 4082 56,
556 4015 590 4068 de
602 4035 668 4068 cono
679 4017 757 4068 barbo
768 4015 901 4088 loquitur,
911 4033 985 4086 quse,
997 4009 1116 4084 quamvis
1131 4027 1175 4060 res

130 4095 185 4164 ipsa
199 4097 233 4148 sit
247 4097 362 4148 exterior
377 4107 404 4149 et
419 4095 544 4160 fortuita,
556 4095 625 4147 inter
640 4093 757 4148 hominis
772 4093 870 4148 eruditi
885 4093 998 4163 insignia
1012 4100 1172 4140 recensetur.

131 4175 265 4242 limenas,
278 4189 328 4230 set.
344 4178 381 4244 ll,
395 4175 426 4244 3,
445 4175 475 4228 15
491 4193 551 4248 sqq.
568 4175 687 4231 Juvenal.
704 4191 752 4230 sat.
767 4179 804 4243 11,
821 4195 848 4230 ιι
866 4189 892 4228 et
909 4191 955 4241 ra,
969 4171 1100 4224 Lucienus
1112 4185 1175 4241 pas·
