2986 4924
336 494 877 578 1ustT1ntMQu1uutM.
1062 508 1128 591 249
1227 535 1231 543 .

82 621 160 674 cont.
175 618 310 671 Plutarch,
329 619 369 670 Ile
382 618 451 672 Iside
465 631 492 670 et
504 618 621 684 Osiride,
636 639 694 690 cap.
714 619 773 681 63,
786 633 812 673 et
823 619 904 674 libros
915 623 1073 676 Nostrorum
1085 645 1129 678 re-

83 701 224 765 centiores,
232 697 278 750 ubi
286 698 472 770 Egyptiorum'
478 700 588 773 antiqua
597 714 769 752 monumenta
777 700 970 755 describuntur.
981 703 1050 756 Huic
1057 706 1129 758 sistro

83 779 170 830 multae
184 781 294 831 virtutes
310 776 505 830 tribuebantur.
522 781 642 850 Interpp.
663 776 696 831 ad
714 782 819 846 Peteon.
841 779 1009 854 1143Virgil.
1026 784 1128 838 AEneid.

83 861 159 927 VIII,
172 861 243 930 69&
259 861 377 931 Propert.
387 859 437 926 III,
449 877 482 928 9,
495 857 539 925 43.

118 1005 187 1056 Nou.
198 1005 256 1073 187.
267 1004 398 1055 incussere
408 1001 475 1053 Deos
481 999 604 1077 inflantes
613 1002 906 1072 corpora-incussere
915 1002 995 1064 Deos·
1007 1004 1129 1056 Pet-siuns

84 1083 195 1148 locutio,
201 1081 329 1135 audacior
335 1099 385 1152 pro
395 1100 400 1129 ι
409 1079 534 1133 incussere
545 1093 643 1132 metum
651 1078 770 1134 deorum.
780 1083 890 1152 Proprie
903 1081 1024 1150 incutere,
1032 1081 1130 1150 itarius,

86 1177 194 1234 quatere
209 1179 282 1214 arma
292 1159 325 1212 ad
336 1174 481 1220 terrorem
494 1157 563 1210 bene
571 1157 727 1211 translatum
744 1158 871 1212 advoces
884 1174 910 1213 et
921 1173 1061 1234 tympana,
1074 1165 1131 1235 qui·

84 1241 133 1294 bus
141 1243 169 1293 in
185 1242 258 1312 Syria
267 1238 389 1291 homines
404 1250 480 1290 erant
491 1237 610 1304 obnoxii,
623 1252 649 1290 et
662 1236 776 1310 quorum
791 1258 909 1292 causata
924 1240 982 1293 solo
993 1256 1019 1294 et
1029 1256 1131 1312 tempe-

85 1324 121 1374 rie
130 1320 165 1373 ad
174 1320 247 1372 Deos
257 1317 452 1372 transferebant
463 1319 543 1370 astuti
555 1317 705 1372 sacerdotes
715 1332 743 1371 et
754 1321 941 1392 superstitiosi.
951 1319 1082 1374 Plutarch.
1090 1323 1131 1388 De
1167 1323 1172 1336 '

86 1401 222 1472 superstit.
237 1416 325 1471 cap.9
339 1421 345 1450 ι
357 1395 396 1452 rtis
408 1395 434 1450 di
447 1398 530 1466 Συρίαν
542 1395 598 1451 Stis
614 1395 634 1450 ai
651 1399 815 1465 dicatissimus
829 1401 970 1468 νομίζουσιν,
988 1397 1015 1454 ἐν
1031 1401 1131 1466 persidas

86 1479 118 1536 ris
130 1480 143 1532 i
156 1476 235 1540 dariae
251 1477 332 1548 seiyp,
348 1478 382 1532 cei
395 1475 533 1544 a'rrtrtuiprc
546 1479 662 1540 dssriittr,
676 1479 749 1532 ἴλιιισι
761 1477 788 1532 ri
800 1481 870 1547 νὸμι
882 1479 1031 1546 πιμπλάναι,
1047 1468 1131 1536 curri-

87 1581 128 1614 aur
136 1557 164 1613 ri
174 1555 239 1629 ἶνιν
262 1559 381 1631 (Syriam
394 1559 470 1611 deam
481 1559 645 1630 superstitiosi
653 1571 763 1632 putnut,
775 1561 798 1612 si
809 1561 930 1613 munides
941 1571 988 1612 cut
996 1579 1078 1633 apuas
1088 1581 1132 1614 co·

88 1638 226 1706 raederint,
245 1639 333 1692 rodere
347 1639 409 1711 ipsis
422 1655 512 1703 crura,
527 1636 636 1708 implere
647 1655 737 1709 corpses
746 1637 888 1704 ulceribus,
899 1639 1026 1692 exsiccare
1034 1639 1132 1711 jecur.)

89 1718 201 1771 Juvenal.
216 1719 291 1784 XIII,
304 1737 336 1789 9²
346 1740 352 1781 ;
364 1716 477 1771 Martial.
490 1719 535 1785 IV,
550 1717 598 1782 43,
618 1733 641 1768 a.
660 1717 730 1769 Suet.
746 1720 808 1770 Ner.
824 1716 873 1770 56:
887 1717 1073 1788 slteligionum
1087 1737 1132 1770 us·

90 1815 246 1870 quequaque
254 1809 524 1868 contemptorpraeter
533 1797 612 1848 unius
619 1797 680 1848 Dete
686 1797 777 1867 Syrius.
789 1799 863 1848 Hanc
874 1816 935 1850 mox
942 1800 979 1850 itu
986 1798 1092 1870 sprevit,
1102 1813 1131 1852 ut

91 1893 160 1926 unua
173 1889 376 1927 contaminaret.
391 1898 402 1922 ν

119 1969 131 1994 0

123 2011 187 2062 Iton.
201 2013 261 2065 188.
272 2012 303 2065 Si
312 2031 366 2065 uon
375 2012 534 2064 Praedictum
548 2022 587 2063 ter
599 2027 677 2062 mane
690 2019 769 2085 caput
776 2013 918 2084 gustaveris
928 2009 1131 2084 clii—Expin-

93 2091 136 2155 tio,
143 2104 181 2142 est
188 2109 268 2164 quam
272 2091 405 2162 jubebant
415 2091 574 2156 sacerdotes,
581 2091 603 2142 si
612 2091 670 2161 quis
678 2092 792 2142 ‹vetitum
803 2089 879 2163 quid,
887 2092 909 2142 si
916 2093 1000 2162 pisces
1011 2108 1087 2162 quos,
1095 2094 1132 2142 eit

94 2167 254 2239 Plutarchus,
266 2163 445 2237 comedendo,
457 2170 534 2243 syrte
547 2171 608 2222 Dee
626 2172 691 2222 iram
705 2173 732 2222 in
749 2187 776 2222 se
795 2169 958 2223 devocasset.
979 2171 1029 2222 Hic
1043 2183 1131 2222 autent

95 2247 232 2322 descriptus
246 2253 445 2324 superstitiosus
457 2250 572 2303 eomedit
580 2251 692 2304 caudam
702 2250 811 2322 thynni,
821 2250 921 2321 grande
931 2251 1082 2322 piaculum!
1095 2279 1131 2289 -

95 2329 240 2383 Praedictum
248 2353 259 2394 ,-
268 2333 401 2405 explicant
412 2332 456 2384 alii
467 2329 500 2383 de
504 2333 581 2402 jussu
593 2329 754 2397 sacerdotis,
766 2331 848 2384 aliide
857 2333 960 2384 ratione
973 2349 1024 2404 qua
1033 2329 1130 2382 cilium

94 2410 270 2479 comederent,
286 2411 360 2484 quod
376 2412 484 2463 nomine
501 2409 633 2478 dicerent,
645 2413 719 2482 prius
732 2430 812 2482 quarn
827 2410 1004 2463 comederent.
1016 2408 1132 2475 Quidam

94 2505 150 2539 vero
156 2489 270 2559 jungunt
282 2509 342 2542 cum
351 2490 493 2563 gustaveris
503 2510 594 2557 arone,
608 2491 683 2542 itaut
694 2490 747 2542 hoc
759 2492 856 2542 faciant
867 2490 952 2542 tribus
965 2488 1059 2540 diebus
1068 2525 1076 2554 ,
1086 2501 1132 2539 aut

95 2565 227 2619 comedant
235 2567 315 2620 semel
330 2569 378 2619 tric
388 2569 474 2640 capita
486 2566 556 2620 allii.
568 2569 608 2620 De
621 2570 671 2620 isto
685 2570 737 2620 ritu
748 2570 933 2640 superstitioso
945 2583 1032 2638 pauca
1042 2564 1132 2616 admo-

95 2642 151 2694 dum
161 2643 395 2716 deprehenduntur
404 2646 476 2718 apud
488 2661 623 2713 auctores,
637 2665 695 2718 quse
703 2649 767 2700 dent
779 2647 841 2699 huic
853 2647 913 2698 loco
924 2646 1020 2698 lucem.
1033 2645 1132 2696 Caseu-

93 2719 174 2775 bonus
185 2724 353 2777 Plutarchum
366 2727 430 2778 citat
443 2724 476 2778 de
488 2726 556 2779 Iside
570 2739 595 2777 et
609 2724 727 2794 Osiride,
742 2725 813 2798 apud
828 2744 906 2796 quem
918 2743 994 2797 caepta
1008 2723 1133 2775 dicuntur

95 2818 174 2854 exosa
185 2805 262 2857 luisse
273 2806 378 2873 isiacis,
394 2823 493 2878 eosque
510 2804 681 2859 comedendis
698 2797 865 2858 abstinuisse.
879 2808 993 2867 Prataeus
1005 2822 1066 2856 vero
1080 2804 1133 2854 Pli-

94 2881 165 2934 nium
180 2899 323 2952 memorat,
344 2887 403 2957 qui,
422 2885 468 2938 lib.
481 2886 546 2952 XII,
559 2905 619 2957 cap.
635 2887 666 2950 6,
677 2887 760 2938 multa
771 2887 850 2938 refert
861 2885 894 2937 de
907 2884 966 2936 allii
977 2882 1131 2948 virtutibus,

95 2963 178 3034 aitque
186 2965 275 3017 utilem
282 2966 424 3038 quamdam
431 2949 694 3044 irfflationemfccere,
704 2967 810 3020 insauioe
817 2966 914 3017 mederi
918 2977 975 3027 etc.;
983 2963 1043 3017 vide
1051 2964 1132 3015 etiam

93 3044 202 3097 Turneb.
210 3043 256 3097 lib.
267 3046 367 3114 XVIII,
380 3065 441 3118 cap.
457 3063 497 3098 ta.
508 3047 632 3099 Fortasse
644 3045 785 3098 trahebant
798 3047 926 3116 originem
938 3046 1130 3114 istaesupersti-

96 3125 173 3178 tiones
185 3145 199 3178 a
211 3126 308 3178 fabulis
321 3147 379 3199 quse
392 3127 537 3179 narrabant
552 3129 579 3179 in
592 3128 700 3180 Oriente
713 3127 819 3179 latuisse
836 3126 900 3179 deos
915 3126 965 3179 sub
980 3126 1067 3176 forma
1081 3143 1131 3177 cu·

96 3219 196 3271 parum,
207 3205 321 3277 Isimque
331 3208 441 3278 ejusque
451 3209 593 3278 conjugem
599 3206 696 3258 Osirim
706 3208 791 3260 varias
799 3205 916 3260 induisse
923 3207 1051 3278 piscium,
1065 3222 1130 3276 qua·

97 3279 252 3354 drupedum,
266 3284 418 3356 plantatum
430 3286 536 3357 figuras.

127 3425 189 3478 Nor.
213 3427 271 3495 189.
290 3427 391 3480 Dixeris
412 3428 466 3480 ltoec
488 3427 555 3480 iuter
572 3428 697 3480 varicosos
714 3425 1042 3479 centuriones-Dixeris
1058 3425 1112 3478 hoec
1121 3448 1132 3486 ,-

99 3521 183 3576 nempe
196 3505 229 3557 de
243 3505 363 3560 libertate
381 3509 476 3575 animi,
489 3508 522 3561 de
537 3507 658 3560 libertate
674 3509 752 3560 unius
766 3508 910 3578 sapientIs:
926 3505 1046 3578 epilogus
1061 3507 1131 3557 enim

100 3584 185 3636 sunthi
195 3598 248 3636 tres
258 3584 345 3638 ultimi
356 3606 444 3640 versus
453 3589 535 3659 partis
545 3587 615 3639 illius
630 3590 713 3640 satiroe
725 3587 815 3658 hujus,
828 3605 879 3659 qua
891 3587 1040 3639 Stoicorum
1051 3605 1132 3658 para-

101 3659 186 3715 doxum
204 3678 347 3719 tractatum
366 3669 534 3720 est—[nter
552 3669 676 3721 varicosos
694 3669 857 3721 centuriones
862 3690 872 3730 ;
892 3666 1061 3738 prouerbium
1081 3667 1132 3718 fuit

101 3744 163 3814 apud
176 3747 279 3802 Graecos
299 3747 452 3817 erpcrterrai
473 3749 535 3802 ν’ννιν
555 3749 657 3816 inspic,
677 3749 800 3806 militaris
817 3762 854 3803 est
874 3749 992 3803 stultitia.
1018 3751 1133 3800 Possunt

4 3845 8 3860 ι
102 3820 169 3889 igittn
185 3823 239 3878 bac
259 3825 311 3880 dici
328 3830 357 3879 in
375 3841 459 3880 totum
478 3827 512 3880 de
530 3828 684 3882 hominibus
700 3828 872 3900 agrestibus,
896 3827 1018 3894 incultis,
1046 3829 1130 3896 impe-

102 3901 160 3965 n'tiu
170 3903 213 3955 sed
221 3906 395 3960 verosimilius
407 3922 446 3962 est
458 3921 484 3960 et
495 3910 575 3960 Persii
585 3897 775 3981 philosophicae
787 3929 905 3981 persona
917 3907 1129 3967 convenientius,

103 3973 262 4052 baecjaetitari
274 3988 302 4038 iu
317 3988 502 4054 Praetorianos,
512 3989 539 4038 in
554 4005 599 4039 eos
614 3988 711 4059 quibus
728 3987 904 4042 subniteretur
914 3987 1066 4040 Neroniana
1079 4001 1131 4054 po-

104 4069 180 4114 testas.
192 4063 231 4116 Sic
243 4067 268 4117 in
281 4067 332 4134 ΙΙΙ,
347 4083 379 4138 77
394 4088 400 4117 ι

287 4185 327 4229 ilic
337 4184 415 4242 aliquis
424 4187 522 4242 degente
531 4183 616 4231 ltircosa
625 4188 782 4232 corturiacum·
