3038 4932
376 559 423 622 ru
450 556 662 622 srrrusru
685 557 890 623 ssxrru.
1087 561 1151 648 267

108 688 161 739 tis:
177 702 299 737 «marens
313 684 453 754 strepitum
464 680 525 734 fidis
535 682 670 744 Latinam·
692 684 847 753 agiturque,
864 694 978 736 utrstus
987 695 1062 736 notat
1076 683 1155 738 scho-

108 767 213 832 liastes,
229 764 265 820 de
279 766 348 818 mira
362 759 464 836 opificis
476 764 617 828 seriem,
637 762 683 834 qui
700 781 761 814 curn
777 765 892 834 antiquis
905 764 1055 818 Grucorum
1066 767 1156 818 metuis

107 865 207 900 murem
217 845 366 918 adjunxerit
376 845 511 916 strepitum
517 841 582 916 fidis
597 843 707 896 Lusisse.
715 871 750 886 -
757 841 847 896 Altera
857 856 896 896 est
911 845 1066 916 explicatio,
1076 865 1155 918 quam

107 927 233 998 petierint
240 927 311 978 exA.
321 923 421 990 Gellio,
432 922 504 994 apud
514 941 594 993 quern
601 925 694 995 saepius
703 922 847 976 laudantur
853 925 924 978 Bassi
930 923 999 990 libri,
1008 927 1049 977 De
1058 927 1157 998 oripinc

108 1003 315 1056 municionem:
331 1000 447 1054 alludere
461 1003 587 1053 Nostrum
595 999 629 1053 sd
643 999 739 1053 librum
754 999 830 1053 illurn
840 1021 888 1073 per
901 1001 1061 1071 haecverba,
1080 1003 1156 1058 Vete-

109 1101 169 1136 rstm
185 1083 331 1156 primordia
348 1099 440 1134 vocum
454 1080 622 1134 arbitrantur.
637 1083 733 1134 Verum
755 1081 799 1134 hic
812 1085 897 1154 agitur
911 1083 945 1136 de
961 1097 1036 1152 vate,
1052 1103 1106 1136 nou
1124 1083 1158 1137 de

108 1164 282 1232 grammatico
292 1183 299 1224 ;
309 1160 342 1214 de
349 1173 404 1213 arte
414 1160 504 1234 lyrica,
513 1178 568 1212 non
576 1158 608 1213 de
619 1158 714 1216 eruditi
723 1159 807 1212 libro:
818 1179 908 1214 verum
917 1161 961 1214 ille
969 1163 1068 1228 Bassus,
1079 1181 1157 1236 quem

109 1240 203 1294 laudat
218 1241 337 1307 Gellius,
350 1257 504 1312 praenomen
514 1238 609 1292 habuit
625 1239 719 1292 Gabios
734 1253 780 1292 aut
792 1243 900 1307 Gavius,
915 1241 979 1293 dum
993 1244 1082 1296 Bassus
1095 1242 1158 1308 bic,

109 1323 191 1374 Persii
203 1323 316 1388 amicus,
331 1334 358 1374 et
369 1319 442 1392 apud
453 1321 646 1386 Quintilianum
660 1319 712 1372 loc.
723 1321 781 1387 eit,
794 1334 820 1374 et
834 1323 862 1372 in
873 1323 926 1374 vita
937 1325 1031 1392 Persii,
1046 1337 1071 1376 et
1082 1325 1109 1376 in
1126 1326 1159 1376 ti-

110 1397 174 1454 'tulis
186 1405 244 1472 ejus
255 1404 339 1455 satiras
357 1401 402 1472 qui
417 1402 586 1472 reperiuntur
602 1397 674 1472 apud
684 1399 768 1464 Mus.
782 1399 906 1468 Codices,
922 1403 1014 1455 Caesius
1028 1417 1158 1476 perpetuo

111 1480 313 1554 appellatur.—
322 1480 510 1546 casaubonus,
523 1483 568 1552 qui
582 1479 646 1550 legit
658 1478 822 1551 «primordia
836 1499 922 1534 rerum
934 1506 945 1530 s
956 1482 1013 1535 lraec
1025 1483 1159 1554 intelligit,

111 1581 174 1614 cum
194 1560 355 1634 quibusdam
373 1560 446 1628 aliis,
466 1559 562 1632 quibus
578 1560 647 1613 ultro
662 1553 778 1613 Pratae'us
794 1559 985 1633 adstipulatur,
1002 1563 1036 1615 de
1052 1563 1159 1636 mythici

111 1644 239 1714 temporis
248 1641 372 1706 historia,
382 1641 415 1694 de
428 1638 544 1707 irupisse
558 1653 585 1693 et
597 1639 754 1710 corpoporis,
770 1660 826 1716 qum
838 1640 945 1714 quidem
958 1644 1067 1697 materia
1078 1645 1160 1718 lyrico

4 1737 7 1758 ⁶
111 1735 199 1793 poetar
207 1720 281 1773 baud
295 1723 331 1772 ita
341 1722 489 1774 conveniat.
502 1720 555 1773 Alii
563 1719 692 1794 denique,
705 1735 736 1773 ut
744 1722 927 1788 Britannicus,
938 1721 995 1776 hoec
1005 1723 1117 1776 audiunt
1126 1722 1160 1775 do

113 1820 228 1873 poeseos
241 1800 401 1874 primordiis.

148 1917 211 1970 Nor
234 1916 260 1984 4.
274 1916 360 1988 Atque
368 1933 468 1970 marem
477 1915 611 1988 strepitus
617 1913 681 1988 fidis
689 1916 826 1970 intendisse
836 1917 1111 1971 Ictim-Absolvit
1120 1917 1160 1968 in·
1187 1917 1191 1930 '

113 2011 229 2069 eoeptsrn
245 1998 379 2070 superiore
397 2014 475 2050 versu
490 1999 647 2050 sententiam
661 1995 693 2048 de
709 1995 831 2051 laudibus
846 1998 928 2050 Bassi.
944 2001 1078 2071 Propriam
1091 1996 1159 2050 hanc

115 2075 152 2128 illi
166 2075 260 2129 tribuit
272 2075 379 2128 laudem
392 2075 465 2149 quod
473 2077 629 2129 Latinorum
639 2075 721 2129 decus
732 2079 759 2128 in
774 2081 890 2130 carmine
903 2076 983 2148 lyrico
993 2078 1160 2140 sustinuerit;

115 2176 164 2211 nec
178 2159 318 2210 immerito.
329 2159 397 2210 Nam
409 2177 489 2230 quum
501 2158 576 2231 lyrici
589 2157 660 2229 apud
674 2157 778 2211 Grecos
789 2173 968 2212 memorentur
978 2175 1090 2212 numero
1102 2159 1159 2211 inii·

116 2239 179 2301 niti,
195 2237 268 2308 apud
281 2237 390 2290 latinos
403 2237 457 2289 duo
473 2251 577 2290 tanturn
588 2237 720 2305 claruere,
736 2241 861 2292 Horatius
876 2251 903 2291 et
918 2241 983 2292 Cass.
998 2243 1111 2302 Bassus,
1131 2250 1160 2289 ut

89 2379 94 2390 ¹
117 2315 150 2367 ait
159 2315 271 2383 Quintil.
283 2318 317 2383 X,
331 2334 358 2381 r,
370 2317 431 2369 loco
440 2319 493 2387 jam
504 2318 593 2369 citato.
602 2319 746 2370 -Marcm
758 2320 908 2389 strepitum
919 2318 1038 2380 inerant,
1049 2331 1079 2369 ut
1088 2315 1160 2368 vide·

116 2409 175 2462 tur,
190 2397 263 2448 Bassi
274 2398 435 2449 carminibus
449 2395 567 2448 mascula
584 2398 622 2450 vis
639 2411 664 2449 et
678 2416 759 2450 mores
769 2399 902 2465 acerrimi,
918 2417 984 2470 quos
997 2399 1121 2450 Horatius
1132 2397 1160 2448 iu

117 2478 172 2528 Art.
184 2477 258 2528 Poet.
271 2477 340 2545 402,
353 2476 445 2529 tribuit
454 2480 567 2550 Tyrtaeo.

147 2603 209 2647 Van.
225 2599 249 2645 6.
263 2601 371 2665 Eqrsqr'ns
383 2599 462 2646 lusisse
476 2602 557 2648 senes?
566 2625 597 2635 -
610 2599 647 2645 Sic
659 2598 738 2646 lerunt
751 2601 825 2646 MMS.
839 2601 886 2646 mci
902 2614 996 2655 omnes;
1013 2600 1045 2646 sic
1056 2597 1161 2661 plerique

118 2671 250 2718 ediderunt,
264 2674 345 2719 Posuit
355 2688 411 2718 vero
421 2673 521 2734 Koenigt
536 2691 547 2712 ι
557 2673 667 2737 Eqrsqius
677 2670 757 2717 lusisse
772 2686 847 2718 senes.
859 2693 869 2712 ι
882 2669 928 2718 Sed
942 2673 1065 2718 convenire
1073 2671 1111 2718 vix
1121 2686 1163 2732 po·

117 2754 163 2789 test
174 2745 272 2806 epreqim
283 2744 307 2788 in
316 2753 381 2788 recto
391 2758 446 2790 casn
457 2757 511 2792 cum
522 2744 577 2790 mire
586 2741 675 2807 opplere,
687 2743 711 2787 in
723 2744 841 2798 vocativo,
854 2759 986 2806 quanquam
999 2757 1026 2790 ea
1036 2741 1065 2786 de
1074 2757 1100 2788 rs
1111 2756 1164 2804 pos-

118 2825 174 2860 sunt
183 2813 261 2862 slisrri
273 2815 387 2876 exempla.
403 2815 448 2862 Sed
464 2815 521 2878 quid
535 2829 570 2861 est
579 2831 621 2862 cur
632 2813 733 2861 desudes
745 2817 770 2871 in
782 2815 856 2862 MMs.
874 2815 987 2862 Codicum
1002 2814 1100 2862 lectione
1114 2815 1161 2860 im-

119 2885 240 2944 mutanda,
252 2901 324 2948 quum
338 2901 433 2932 sensum
444 2885 529 2932 efficiat
541 2896 583 2931 tuo
594 2886 631 2931 vel
644 2887 775 2949 potiorem?

151 2999 220 3052 Nor.
231 2999 247 3050 5
257 2999 318 3051 etii.
334 3001 509 3072 Moxjuven'cs
519 2998 707 3073 opiturejocos,
722 3009 749 3051 et
759 2999 857 3072 pollice
871 3000 976 3054 homsto
985 2999 1108 3073 Epsepios
1122 2998 1162 3050 lu·

118 3080 312 3133 ssemmt-
321 3077 445 3149 Legenda
456 3077 512 3131 hsec
524 3097 583 3132 curn
594 3082 660 3132 mire
668 3081 770 3153 opifex,
786 3081 1009 3152 quemadmodum
1019 3079 1163 3134 intendisse.

120 3157 244 3220 -Mox,
261 3161 336 3230 quasi
355 3158 481 3211 dixisset:
497 3171 576 3229 atque
595 3160 840 3212 etiam—Juvenes
854 3160 1050 3234 aqitarejocos‚·
1069 3159 1163 3229 sepius

120 3236 190 3308 apud
202 3238 320 3289 Persium
334 3240 442 3309 ponitur
456 3237 633 3290 substantivus
646 3257 694 3308 pro
705 3237 822 3309 epitheto
832 3240 861 3290 in
873 3237 944 3290 hunc
954 3237 1063 3290 modurn
1072 3259 1079 3299 ;
1086 3239 1165 3309 juve·

119 3336 162 3370 nes
171 3336 222 3388 pro
228 3314 367 3389 juveniles.
377 3319 531 3370 -Juvenes
543 3319 735 3390 apitarejocosr
744 3319 883 3390 proprium
895 3316 947 3372 hoc
959 3330 999 3374 cst
1010 3315 1164 3389 lyricorum,

120 3415 148 3450 ex
160 3400 255 3452 Horat.
269 3398 324 3450 Art.
335 3399 409 3453 Post.
423 3398 457 3454 83
471 3415 528 3470 sqq.
542 3419 549 3448 ι
818 3413 820 3420 ·

262 3531 325 3574 linas
334 3530 393 3573 dedit
405 3529 484 3573 fidibus
493 3528 566 3584 divos,
577 3542 699 3586 puerosque
708 3529 811 3584 deorum,

263 3597 290 3639 Et
301 3596 399 3654 pugilem
408 3597 512 3640 rictorem
522 3628 527 3648 ,
538 3605 560 3638 ct
571 3608 653 3651 equum
662 3593 781 3642 certmine
790 3595 902 3652 primum,

263 3661 404 3720 sajanum
413 3675 489 3712 curas,
500 3669 521 3703 st
531 3659 600 3703 libers
611 3658 661 3702 sina
670 3657 758 3703 referre.

123 3770 221 3825 Pollice
234 3772 340 3825 honesto
345 3795 355 3835 ,·
367 3773 425 3826 sub.
443 3771 552 3844 pulsans
562 3772 707 3825 citharam:
724 3772 815 3825 eadem
831 3772 934 3824 ratione
950 3771 1066 3842 positum
1084 3787 1114 3820 ac
1128 3779 1166 3820 tc-

124 3854 182 3905 erico
194 3853 307 3924 pectine.
323 3851 511 3907 Citharizantes
526 3855 596 3906 enim
608 3853 688 3904 modo
703 3852 791 3923 digitis
798 3891 808 3920 ,
823 3850 934 3924 pollice,
950 3849 1031 3903 modo
1043 3849 1163 3921 pectine,

125 3933 161 3984 rel
169 3933 289 4004 plectro,
300 3933 365 3986 fides
377 3933 524 4006 impellunt.
542 3932 633 4006 virgil.
650 3934 750 3987 AEneid.
769 3934 820 3986 loc.
835 3935 907 3986 citat.
924 3931 1027 3984 AEneid.
1039 3931 1091 3996 vl,
1103 3928 1164 3996 ⁶i7·

124 4013 291 4076 -llonestos
301 4013 401 4080 nobili,
418 4013 487 4067 elato
500 4031 530 4066 sc
540 4033 670 4085 generoso
679 4015 845 4067 emine.—
854 4011 978 4086 Epi-epioe
988 4009 1072 4062 lusisse
1079 4025 1166 4068 scnesr

124 4096 242 4146 usitatior
253 4107 293 4148 est
301 4095 402 4148 locutio
413 4095 500 4148 ludere
509 4092 580 4149 seno
589 4109 635 4150 sut
643 4096 804 4168 simpliciter,
816 4094 905 4147 ludere
914 4111 964 4164 pro
976 4107 1086 4155 cancre,
1096 4086 1166 4140 cele·

125 4169 199 4224 bmrs
213 4172 380 4227 carminibus.
399 4175 524 4246 Epreps'os
537 4193 622 4236 serres,⁸
642 4178 686 4246 qui
702 4187 864 4227 senectutem
879 4172 978 4244 eprspr'e
993 4182 1019 4222 et
1034 4169 1167 4240 sapienter

128 4247 229 4319 dspunt.
251 4253 311 4304 liaec
324 4266 496 4324 opponuntur
508 4251 558 4306 iilis
572 4273 578 4304 ε
591 4254 701 4306 Iuvenes
719 4254 816 4325 apitars
825 4254 904 4320 jocos.
921 4250 1051 4302 Nimirum
1064 4244 1166 4300 excellit
