2986 4924
417 429 615 520 ,SATIRA
639 431 840 514 QUINTA.
943 497 946 506 ,
1106 439 1169 526 189

112 567 230 653 Surge.
245 563 374 650 Negas;
386 559 506 626 instat:
521 559 635 650 Surge,
648 558 895 652 inquit.-N0n
905 566 1169 656 queo-Surge,

111 675 207 738 -Et
219 668 303 765 quid
315 671 649 760 agaml—Rogitas!
664 666 823 761 saperdas
836 668 964 738 advehe
978 676 1104 756 Ponto,
1184 694 1186 698 ·

3 823 5 836 =
111 776 927 871 Caswreum,stuppas,ebenum,thus,lubrica
938 786 1021 862 Coa,
1121 796 1169 850 135
1239 827 1242 833 ,

112 889 208 960 Tolle
220 914 340 960 recens
352 891 483 984 primus
495 890 592 982 piper
604 914 623 957 e
635 891 768 956 sitiente
780 889 910 959 camelo
921 917 929 974 ;

113 1007 213 1070 Verte
225 999 371 1095 aliquid,
380 997 469 1093 jura.
478 998 597 1070 —Sed
609 1003 627 1068 l
633 1002 744 1094 opiter
755 1001 879 1068 audiet.
888 1003 1055 1071 -Eheu!

113 1119 213 1196 Bnro,
227 1127 440 1204 regustatum
452 1111 558 1204 digito
570 1111 741 1178 terebrare
754 1110 899 1180 salinum

112 1227 301 1292 Contentus
313 1246 470 1317 perages,
483 1224 511 1290 si
525 1225 638 1290 rivere
651 1245 729 1290 cum
742 1227 826 1290 Jove
839 1223 960 1293 tendis.

113 1340 186 1402 Jam
199 1333 318 1426 pueris
331 1331 453 1426 pellem
465 1335 659 1401 succinctus
672 1349 705 1401 et
716 1332 943 1426 oenopbornm
955 1352 1070 1428 aptas3
1123 1351 1171 1418 140

112 1449 216 1515 Ocius
229 1445 273 1514 ad
285 1469 406 1514 navem
422 1443 527 1514 :nihil
539 1445 668 1529 obstat,
682 1449 765 1540 quin
779 1445 872 1514 trahe
886 1462 979 1515 vasta

116 1565 266 1651 AEgaeum
279 1561 408 1652 rapias,
422 1561 486 1627 nisi
500 1558 604 1627 solers
617 1561 766 1626 'Luxuria
779 1577 859 1628 ante

114 1669 298 1738 Seductum
310 1686 466 1737 moneat:
479 1673 556 1755 Quo
568 1668 708 1753 deinde,
722 1672 857 1753 insane,
871 1674 965 1738 ruis?
976 1677 1066 1766 quo?

113 1779 202 1866 Quid
214 1779 278 1848 tibi
290 1782 362 1848 vis?
373 1780 483 1858 calido
495 1781 559 1849 snb
572 1797 709 1873 pectore
720 1781 871 1850 mascula
883 1782 959 1850 bilis

114 1893 413 1985 Intumuit,quam
425 1916 495 1960 non
506 1894 687 1960 extinxerit
696 1917 782 1960 urna
795 1895 936 1962 cicutae?
1124 1909 1171 1974 145

113 1998 201 2070 ‘lun'
213 2025 311 2070 mare
323 2001 513 2070 transilias?
528 2002 588 2070 tibi
600 2018 688 2071 torta
700 2002 852 2071 cannabe
864 2003 967 2086 fulto,

115 2115 216 2178 Goena
229 2113 274 2178 sit
284 2113 320 2178 in
335 2127 499 2194 transtr03
512 2114 804 2207 Veientanumque
816 2111 986 2185 rubellum

116 2219 276 2306 Exhalat,
290 2221 411 2315 vapida
423 2221 542 2292 laesum
556 2226 648 2316 pice,
662 2223 787 2292 sessilis
799 2224 907 2292 obba?

118 2473 237 2532 —Non
252 2470 352 2532 valeo.
365 2507 404 2518 —
415 2472 536 2552 Surgas.
547 2507 585 2518 -
595 2472 635 2530 Et
648 2471 724 2552 quid
738 2472 864 2532 tandem
879 2492 969 2552 agam
980 2471 994 2531 i
1004 2507 1040 2516 -
1053 2474 1171 2554 Rogas!

118 2567 178 2628 buc
192 2581 371 2650 transporta
389 2567 549 2651 saperdam
570 2591 586 2628 e
605 2569 727 2642 Ponto,
750 2575 966 2650 castoreoque,
988 2582 1173 2650 stuppasque

117 2666 191 2742 lini,
206 2666 422 2746 ebenumque,
437 2664 570 2746 titusque
588 2678 617 2725 et
638 2663 745 2726 mollia
762 2665 835 2724 vina
853 2667 927 2738 Co'1'3
945 2679 1017 2726 ante
1030 2664 1107 2726 alios
1125 2687 1173 2726 ra·

119 2765 184 2847 pias
203 2785 324 2825 novum
340 2764 428 2846 piper
442 2785 459 2824 e
472 2764 567 2824 dorso
583 2763 691 2826 cameli
710 2765 856 2838 sitientis,
875 2763 924 2824 fac
943 2763 1076 2847 denique
1094 2783 1174 2824 mer·

5 2905 7 2918 .
118 2877 256 2922 caturam
272 2861 430 2942 aliquam3
445 2858 648 2942 jurejurando
663 2859 786 2921 affirma
796 2905 804 2920 .
815 2905 823 2921 .
836 2904 863 2920 ..
882 2895 921 2907 -
940 2861 1054 2920 Verum
1069 2859 1175 2922 audiet

116 2957 186 3020 fidei
204 2958 293 3021 ultor
307 2960 438 3042 Jupiter.
455 2959 532 3018 -Ο
549 2959 665 3018 durum
685 2958 895 3038 stolidumque
911 2956 1047 3020 hominis
1064 2961 1172 3041 caput!

117 3059 141 3118 si
153 3059 228 3118 lovi
243 3058 362 3117 amicus
376 3057 551 3130 viveretis,
567 3057 637 3115 satis
649 3057 706 3116 erit
717 3055 774 3116 tibi
786 3057 881 3116 vitam
895 3076 1020 3116 omnem
1036 3077 1091 3135 per
1105 3057 1174 3115 ino·

118 3156 202 3236 piam
219 3153 349 3235 degere,
371 3167 404 3213 ut
418 3151 485 3233 jam
499 3152 612 3213 millies
626 3154 818 3236 exploratum
833 3153 968 3216 salinum
983 3152 1173 3234 digitotere·

118 3253 267 3314 bratnrus
285 3251 429 3313 videaris.
451 3255 533 3334 Ergo
553 3254 736 3333 accingeris,
755 3250 883 3333 jamque
902 3272 1058 3312 servorum
1079 3251 1174 3311 cervi-

119 3349 205 3412 cibus
222 3350 405 3430 segestrium
417 3349 599 3430 vinariaque
609 3369 681 3408 vasa
698 3347 932 3422 accommodas,
946 3345 1011 3428 jam
1027 3369 1174 3430 properas

118 3448 156 3509 ad
170 3469 305 3522 navem,
324 3445 466 3530 nihilque
483 3447 587 3508 obstat
602 3448 772 3527 quominus
791 3448 823 3505 in
841 3445 936 3525 longa
955 3446 1026 3506 navi
1046 3447 1174 3525 AEgeum

119 3567 224 3608 curras
244 3566 345 3620 mare,
364 3545 424 3604 nisi
437 3542 518 3604 forte
532 3544 618 3626 prins
635 3542 746 3604 callida
760 3543 921 3604 seductum
940 3542 1097 3602 monuerit
1112 3544 1174 3602 Lu·

120 3646 226 3705 auria:
250 3643 324 3719 Quo
340 3639 485 3715 tandem,
503 3661 581 3722 quo,
599 3639 772 3715 malesane,
791 3627 960 3719 ruisi'quid
982 3638 1091 3727 paras?
1106 3658 1174 3719 quae

121 3740 189 3800 bilis
201 3738 371 3802 animosior
382 3739 438 3798 tibi
450 3737 568 3798 fervido
580 3739 613 3798 in
625 3751 748 3820 pectore
760 3737 925 3812 intumuit,
940 3757 1035 3818 qnam
1050 3757 1115 3796 non
1128 3757 1175 3796 re·

123 3840 267 3920 presserit
284 3850 351 3898 tota
370 3857 448 3898 urna
466 3837 593 3899 cicutae?
610 3853 645 3898 tu
663 3838 761 3899 maria
777 3835 994 3898 transcendes?
1010 3835 1067 3896 tibi
1086 3855 1174 3896 eoena

124 3939 179 3996 erit
192 3937 225 3996 in
237 3935 398 4009 transtris,
412 3934 492 3995 male
507 3933 587 3995 fulto
603 3933 689 3996 duris
703 3934 907 3996 rudentibus?
922 3934 978 3995 tibi
993 3931 1061 3990 vilis
1073 3931 1174 4006 obba,

126 4032 187 4115 ipsa
198 4032 281 4093 mole
290 4031 410 4108 sedena,
420 4033 530 4092 vinum
537 4030 906 4095 exhalabitVeientanunr
916 4026 1074 4114 quoddam
1083 4049 1175 4109 prave

128 4129 238 4190 rubens
249 4143 341 4210 atque
350 4131 442 4188 etiarn
453 4143 636 4212 corruptum
650 4130 733 4212 pice?
745 4130 828 4212 quod
841 4143 960 4188 tantum
973 4126 1014 4187 ob
1025 4125 1176 4206 pretium?
