2970 4936
419 419 588 484 sarrai
613 417 820 499 Quaeri.
1084 417 1140 480 151

94 575 109 604 ι
122 549 220 613 Dives
232 563 308 619 arat
319 547 481 629 Curibus,
495 562 663 640 quantum
675 569 743 612 non
757 543 880 612 milvus
892 546 1043 614 oberret:

97 689 111 715 κ
126 660 224 724 Hunc
235 660 309 725 ais?
321 689 333 717 ν
350 698 393 709 -
413 662 552 738 «Hunc,
564 656 615 724 dis
628 658 720 724 iratis
733 659 900 750 genioque
911 659 1066 738 sinistro,

96 797 110 823 ι
125 769 207 852 Qui,
219 767 427 864 quandoque
435 766 558 862 jugum
570 783 707 862 pertusa
719 766 762 835 ad
777 770 923 860 compita
934 767 1024 861 figit,

100 911 114 937 α
129 880 257 948 Seriolae
270 871 420 950 veterem
431 901 587 949 metuens
599 879 761 950 deradere
772 879 909 962 limum,

102 1021 115 1047 ·
130 994 273 1082 Ingemit
282 994 354 1060 Hoc
364 991 440 1058 bene
450 997 511 1059 sit!
522 994 714 1062 tunicatum
726 1016 805 1060 curn
818 991 887 1060 sale
898 991 1059 1062 mordens
1113 1008 1147 1058 30

100 1135 114 1162 a
127 1105 240 1196 Gaepe;
253 1121 303 1186 et,
317 1103 480 1173 farratam
492 1106 606 1197 pueris
620 1102 860 1196 plaudentibus
872 1104 993 1184 offam,

99 1247 111 1273 ·
128 1221 319 1284 Pannosam
331 1217 448 1286 faecetn
461 1219 636 1284 morientis
649 1217 764 1284 sorbet
775 1218 871 1284 aceti.
887 1248 901 1276 a

96 1331 175 1396 Atsi
188 1345 315 1398 unctus
327 1352 457 1412 cesses,
470 1347 504 1396 et
514 1329 599 1420 figas
611 1330 647 1394 in
659 1343 736 1432 cqte
749 1327 874 1411 solem,

96 1443 153 1504 Est
163 1462 275 1532 prope
286 1455 319 1506 te
331 1441 485 1531 ignotus,
500 1436 615 1504 cubito
627 1439 686 1531 qui
697 1453 832 1529 tangat,
846 1453 881 1506 et
891 1463 969 1506 acre

96 1554 248 1644 Despuat
259 1553 297 1616 in
309 1572 437 1633 mores,
450 1572 642 1642 penemque
655 1571 845 1643 arcanaque
856 1548 963 1618 lumbi
1116 1564 1148 1614 35

97 1665 327 1744 limantem,
339 1661 467 1756 populo
478 1675 669 1730 marcentes
680 1660 831 1753 pandere
843 1660 972 1730 vulvas.

95 1775 146 1838 Tu
159 1795 271 1867 quum
282 1771 428 1842 maxillis
439 1772 633 1842 balanatum
648 1795 796 1866 gausape
808 1789 941 1865 pectas,

97 1882 298 1975 Inguinibus
310 1907 416 1978 quare
427 1883 591 1954 detonsus
604 1884 762 1994 gurgulio
773 1889 905 1954 exstat?

94 1997 255 2088 Quinque
266 1994 459 2088 palaestritoe
470 1995 550 2062 licet
559 1993 633 2062 haec
643 1993 810 2087 plantaria
822 1992 964 2077 vellant,

4 2201 5 2250 3
97 2167 171 2225 cet-it
186 2191 193 2225 :
211 2193 225 2222 u
235 2167 330 2249 Cujus
344 2165 497 2228 Vectidiii’
514 2167 607 2226 Dives
625 2177 669 2225 est
687 2166 861 2240 Vectidius,
878 2167 933 2247 qui
948 2167 1027 2228 circa
1043 2169 1150 2230 urbem

4 2277 6 2328 ;
97 2264 190 2324 Cures
202 2277 327 2324 tantum
339 2266 406 2346 agri
417 2263 733 2347 possidet,quantum
742 2263 996 2327 circumvolando
1007 2287 1073 2330 non
1083 2269 1151 2328 mil·

98 2382 152 2422 vus
173 2362 425 2446 complectatur:
448 2382 572 2422 eum-ne
592 2361 709 2421 dicisln
736 2362 783 2420 Tu
804 2363 909 2422 statim
930 2364 1149 2445 respondebis:

4 2445 6 2478 ³
102 2457 210 2520 ubunc
221 2481 297 2542 ego,
316 2458 401 2520 bunc
416 2477 545 2518 avarum
559 2479 687 2540 nempe,
707 2457 766 2517 diis
781 2458 866 2518 iratis
883 2457 1083 2542 infaustoque
1100 2483 1151 2543 ge·

5 2555 7 2616 l
99 2556 292 2633 nionatnrn,
307 2557 378 2638 qui,
393 2554 635 2636 quandocumque
649 2554 768 2616 redeunt
779 2553 954 2636 Compitalia
957 2557 1051 2638 festa,
1066 2558 1148 2619 etad

5 2661 7 2730 ζ
100 2676 164 2716 aras
174 2655 365 2742 Compitales
374 2655 581 2737 undequaque
590 2668 711 2737 apertas
718 2652 794 2736 juga
803 2655 901 2715 boum
912 2656 1090 2737 suspendit,
1102 2678 1151 2718 ve·

5 2767 7 2836 j
100 2751 1150 2838 teremlaguneulamaegrerelinit,libandoquesicprecaturingemi·

101 2869 182 2911 scens
191 2874 197 2910 :
206 2849 261 2912 boc
267 2854 305 2910 sit
303 2851 509 2934 fortunatum!
518 2869 553 2909 ac
564 2849 657 2910 simul
666 2869 748 2931 caepe
757 2849 863 2910 tunica
870 2850 963 2908 etiam
971 2849 1148 2912 involutum

6 3017 7 3022 ἵ
98 2967 164 3006 cum
175 2947 239 3008 sale
248 2945 387 3021 mandit,
395 2945 551 3028 servisque
562 2946 738 3027 appositam
750 2943 849 3007 offam
861 2966 897 3005 ex
907 2943 1025 3006 hordeo
1036 2944 1149 3008 fartam

100 3043 441 3124 admirantibusutpote
449 3063 511 3103 non
520 3039 595 3102 alias
604 3042 827 3118 uisam,faecem
837 3041 980 3104 exhaurit
989 3044 1066 3104 aceti
1075 3045 1149 3105 defi-

6 3171 8 3196 ι
101 3141 199 3200 cientis
212 3139 381 3220 floccisque
391 3139 540 3222 pannosis
553 3140 714 3221 respersio
731 3141 769 3198 At
779 3151 832 3215 tu,
847 3139 977 3200 Vectidii
990 3161 1112 3216 censor,
1125 3144 1149 3201 si

6 3241 8 3246 ’
101 3238 222 3318 quando
233 3237 305 3300 oleo
315 3236 469 3310 delibutus
477 3237 543 3300 otio
551 3251 581 3298 te
588 3237 661 3298 dare
668 3238 804 3299 volueris
813 3249 843 3298 et
852 3236 1017 3298 cuticulam
1028 3237 1068 3300 ad
1077 3238 1150 3300 solis

7 3359 8 3388 2
101 3335 197 3400 radios
203 3356 393 3418 excoquere,
400 3335 523 3398 attende
532 3357 714 3419 parumper,
722 3349 756 3398 ut
763 3356 829 3396 non
839 3335 950 3417 procul
957 3358 975 3394 a
986 3348 1014 3396 te
1024 3336 1148 3417 ignotus

7 3505 9 3526 ᾗ
102 3434 221 3517 aliquis,
234 3446 267 3496 te
277 3435 383 3495 cubito
395 3434 534 3518 pulsans,
545 3434 579 3493 in
587 3446 658 3494 tuos
667 3455 770 3494 mores
780 3432 956 3510 invehatur,
969 3454 1069 3516 neque
1078 3438 1148 3496 reti·

7 3533 9 3594 Ῐ
102 3545 173 3606 eeat,
185 3546 217 3592 te
230 3533 307 3616 peni
321 3533 504 3613 manisque
518 3532 620 3591 lumbi
633 3532 773 3614 partibus
788 3531 949 3594 detraxisse
962 3531 1061 3613 pilos,
1076 3554 1148 3614 pro—

7 3635 8 3640 ’
102 3630 1073 3714 stantemquemarcidastranseuntibusvulvasexpandere.Nem
1081 3634 1149 3712 quis

8 3753 10 3812 ς
104 3723 183 3788 furor
197 3729 255 3788 iste
268 3739 354 3804 tuus,
372 3725 423 3790 tibi
436 3730 493 3804 uit,
508 3742 558 3803 ut,
573 3728 649 3789 dum
664 3727 794 3788 barbam
809 3730 842 3788 in
856 3728 942 3809 genis
956 3727 1074 3790 excolas
1088 3751 1147 3789 un·

8 3891 10 3902 Ι
105 3839 210 3900 guento
221 3837 387 3906 pectasque
397 3837 432 3884 ut
441 3824 568 3885 mantile
576 3823 737 3900 villosum,
751 3827 865 3885 interea
878 3823 956 3906 pilos
965 3846 1000 3884 ex
1009 3826 1146 3906 inguini·

106 3917 202 3981 busita
210 3920 412 3996 detrahas,ut
420 3923 507 4004 penis
516 3921 662 3982 detonsus
672 3924 888 4005 promineatin
897 3922 1026 3982 modurn
1035 3943 1147 4001 gurgu-

104 4013 292 4080 lionislbicet
299 4021 384 4080 enim
393 4019 595 4080 robustissimi
604 4021 932 4104 quinquedropacistoe
941 4019 1049 4108 silvam
1057 4019 1144 4078 istam

105 4115 240 4179 radicitus
250 4118 401 4201 extirpare
414 4133 580 4196 conentur,
593 4133 622 4181 et
634 4133 718 4182 nates
731 4121 830 4181 calida
844 4119 995 4181 emollitos
1008 4117 1146 4178 mordaci
