3116 4934
1208 233 1215 267 i

440 408 667 475 rnrnrrru
692 411 908 477 nonanu.
1139 419 1201 507 591

150 534 303 614 sequitur,
318 532 403 616 apud
418 533 576 612 Persium,
590 533 687 616 paulo
699 547 787 617 post:

195 643 200 654 .
337 685 391 733 Haec
403 687 483 732 cinere
494 685 591 734 ulterior
600 687 708 734 metuas?

192 817 239 896 34.
253 819 340 904 Quod
351 841 412 880 nem
423 823 588 882 curtaveris.
600 855 639 866 -
650 820 788 882 Ibidem:
804 821 986 906 Quantulum
995 829 1074 886 enim
1085 850 1207 890 summa

150 919 276 980 curtabit
293 920 413 1000 quisque
433 917 556 979 dierum.
576 920 653 982 item
675 919 735 981 oda
749 919 787 996 ab
804 920 878 983 libri
896 923 979 982 tertii
999 925 1204 1002 Carminum,

151 1038 195 1076 vs.
212 1014 252 1092 64
264 1041 270 1074 z

338 1151 416 1196 Curta
425 1151 503 1195 nescio
512 1148 569 1212 quid
579 1163 672 1212 semper
682 1148 748 1196 abest
756 1151 798 1197 rei.

193 1283 240 1343 35.
257 1284 316 1344 Seu
333 1283 444 1363 spirent
455 1283 596 1342 cinnama
615 1279 744 1343 surdum.
761 1309 802 1326 -
817 1282 1006 1345 Duriuscula
1028 1286 1206 1364 translatio,

152 1379 193 1438 ab
213 1379 335 1440 auditus
347 1399 455 1455 sensu,
470 1378 510 1438 ad
524 1399 647 1439 sensum
660 1377 808 1455 olfactus,
823 1379 875 1440 scd
888 1383 1028 1444 Persium
1042 1385 1208 1445 auctoritas

152 1479 290 1559 magistri
307 1488 425 1552 tuetur,
441 1478 496 1556 qui
508 1478 602 1537 etiam
615 1476 739 1552 durius,
760 1489 794 1536 ut
810 1476 889 1537 mihi
906 1479 1041 1558 videtur,
1055 1483 1209 1544 exardere

152 1575 281 1635 verbum
300 1573 338 1634 de
356 1587 450 1657 gustu
468 1576 590 1658 posuit,
606 1577 640 1636 in
654 1587 764 1636 octova
779 1576 905 1637 secundi
920 1577 974 1640 lib.
992 1582 1082 1643 Satin.
1096 1602 1140 1642 vs.
1152 1583 1207 1643 38:

337 1737 437 1784 Fervida
447 1737 512 1802 quod
522 1737 605 1786 subtile
615 1737 741 1785 exsurdant
748 1741 802 1785 vina
811 1739 922 1804 palatum

152 1884 218 1942 Hoc
230 1894 290 1958 est,
304 1880 489 1959 offendunt,
504 1884 567 1943 sive
581 1899 694 1965 parum
708 1897 796 1966 grata
807 1885 969 1946 accidunt:
983 1899 1017 1946 ut
1028 1907 1135 1969 aspera
1147 1907 1207 1948 vox

151 1977 314 2038 clamantis
328 1999 416 2040 aures
428 1980 623 2040 audientium
635 1981 719 2042 laedit
728 1997 821 2064 atque
835 1981 996 2058 exsurdat,
1013 1985 1107 2043 etiam
1123 1986 1208 2046 Grae·

152 2077 195 2135 cis
207 2079 326 2154 irruptis
340 2097 398 2159 pro
413 2079 544 2159 ptumus».

193 2175 242 2234 38.
255 2178 413 2257 Postquam
426 2197 526 2258 sapere
541 2177 613 2237 Urbi
629 2197 695 2237 cum
712 2177 807 2238 Cicera
823 2188 851 2236 et
862 2177 969 2260 palmis
986 2181 1063 2239 uenit
1078 2191 1207 2240 nostrum

153 2271 208 2333 boc
226 2275 315 2333 maris
328 2295 436 2356 expers.
459 2309 498 2322 -
518 2273 620 2334 Etiam
641 2288 733 2355 atque
754 2276 846 2335 etiam
865 2289 993 2337 acutum
1012 2277 1157 2339 lectorem
1177 2293 1208 2340 et

152 2384 302 2431 emunctae
315 2373 398 2434 naris
413 2394 593 2450 monemus,
606 2376 717 2455 cogitet
729 2375 767 2435 de
782 2396 819 2434 eo
832 2375 916 2457 quod
929 2377 962 2434 in
975 2375 1206 2438 Commentario

152 2468 348 2546 dicebamus,
363 2489 442 2530 num
457 2471 578 2531 Persius
593 2470 676 2553 apud
689 2473 798 2532 Horat.
813 2469 907 2532 verba
918 2471 970 2532 illa
981 2475 1015 2532 in
1025 2473 1206 2550 Fundanio,

152 2565 247 2628 Aicon
265 2567 369 2629 Cbium
386 2571 476 2627 maris
489 2590 605 2651 expers,
625 2568 714 2629 aliter
730 2572 880 2653 acceperit
897 2592 994 2652 quam
1010 2571 1102 2653 vulgo
1118 2593 1208 2654 expo·
1260 2637 1263 2644 ,

153 2679 284 2742 nantur,
303 2664 361 2725 hoc
375 2678 435 2740 est,
450 2686 505 2747 pro
519 2669 597 2726 mari
611 2667 757 2743 condito,
770 2667 817 2727 vel
836 2669 915 2728 mari
931 2668 1074 2747 advecto,
1088 2683 1208 2731 constat

153 2775 265 2823 veteres
277 2764 397 2824 criticos
411 2765 497 2824 varie
508 2766 657 2846 accepisse
670 2763 759 2824 illum
772 2764 874 2825 locum
885 2788 893 2841 3
910 2779 940 2826 et
953 2767 1074 2827 videtur
1085 2766 1208 2828 Glossa-

153 2883 224 2921 rum
245 2864 389 2944 magister
410 2885 507 2944 quum
531 2863 665 2924 diversas
685 2865 826 2924 notiones
845 2866 930 2924 vocis
948 2885 1047 2946 expers
1065 2862 1207 2938 afferret,

153 2981 224 3019 eum
240 2963 436 3041 potissimum
452 2961 558 3022 locum
575 2975 739 3044 spectasse,
759 2984 859 3043 neque
877 2962 1017 3022 alienum
1029 2962 1069 3021 ab
1088 2962 1209 3022 Horatii

152 3058 278 3137 ingenio
296 3073 330 3117 ut
348 3057 481 3140 figuram
495 3066 686 3142 καινοπρεπείας
697 3061 853 3142 (affectatae
865 3062 1009 3141 nouitatis)
1022 3062 1055 3119 in
1071 3059 1123 3119 illa
1136 3080 1208 3121 voce

154 3167 336 3234 usurpasset
357 3154 408 3213 Sin
428 3154 549 3235 vulgari
569 3158 693 3215 notione
707 3156 833 3216 Flaccus
851 3156 881 3215 id
899 3156 987 3216 verbi
1005 3158 1073 3238 capi
1093 3155 1209 3231 voluit,

153 3249 319 3310 referemus
328 3249 431 3310 locum
444 3254 537 3312 Persii
549 3253 588 3312 ad
601 3274 697 3333 genus
710 3253 789 3313 illud
802 3255 995 3330 imitationis,
1005 3275 1104 3334 quum
1117 3255 1209 3314 rerba

154 3347 342 3422 retinentur,
355 3347 406 3407 sed
418 3347 538 3408 diversa
550 3350 693 3421 notione3
704 3347 878 3430 cujusmodi
890 3372 954 3410 non
967 3373 1066 3432 pauca
1078 3366 1208 3434 possunt

154 3442 326 3521 observari,
341 3443 390 3503 vel
401 3443 485 3524 quod
496 3445 637 3527 proxime
648 3446 837 3506 notabamus
850 3446 887 3506 de
899 3447 1026 3507 nornine
1037 3448 1166 3509 surdum.

195 3538 244 3616 44.
260 3540 370 3601 Oboue
378 3587 386 3615 ,
404 3564 475 3602 num
488 3545 623 3624 iqnoras?
639 3579 674 3588 -
688 3544 724 3602 ln
733 3545 926 3627 Damasippo
938 3545 993 3606 lib.
1006 3547 1052 3622 11,
1068 3547 1156 3606 Satin.
1171 3545 1206 3624 3,

155 3659 199 3699 vs.
213 3641 249 3699 32
262 3663 268 3699 ε

514 3801 593 3814 .....
604 3770 624 3814 0
635 3767 695 3815 bone
704 3785 733 3814 ne
743 3781 765 3814 te

341 3830 462 3876 Frustrere
471 3830 477 3875 !

194 3955 243 4015 62.
257 3958 331 4016 Sum
346 3955 397 4016 tibi
409 3957 580 4017 Mercurius.
594 3993 632 4002 -
645 3957 794 4017 Horatius
808 3955 942 4033 ibidem,
957 3959 1015 4018 68:

340 4090 430 4151 dejecta
442 4091 533 4153 prada,
543 4107 614 4154 quam
624 4107 725 4154 presens
735 4092 867 4136 Mercurius
876 4089 930 4135 fert.
