3026 4944
321 503 363 582 54
494 501 650 564 VARIAE
674 497 944 562 LEGTIONES
968 499 1028 562 ET
1052 496 1188 563 NOTAE

520 627 546 670 tn
554 624 593 682 qui
604 624 725 668 moun
733 621 849 666 diriorem
857 625 931 666 Nereo
939 623 1047 680 Delphin!

520 693 554 737 Sic
562 699 643 736 costum
652 693 717 748 leupo
726 690 870 734 subduximus
880 691 1015 748 Apennino!

317 769 444 822 Tribuam
452 767 495 820 vel
504 768 619 831 Neroni,
629 764 671 817 vel
682 765 725 816 alii
737 765 895 835 cuicumque
904 764 1005 816 insulso
1015 775 1114 836 poete,
1126 766 1172 835 qui
1183 765 1264 818 Persii
1275 765 1371 816 siuet-it

317 849 568 918 etate‚hecverba:
581 845 723 900 Coendeum
730 844 1256 918 dirimebutNereaDelpbimatquehrec:
1265 848 1372 899 Cortum

318 929 398 1003 lonqo
409 928 543 982 subducere
554 927 694 999 Apennino
699 947 709 987 ,·
721 944 778 995 quae
791 924 941 978 locutiones
954 927 991 976 ita
1003 944 1051 997 per
1064 943 1091 979 se
1104 923 1221 978 ridiculae
1234 925 1372 992 videntur,

318 1023 348 1064 ut
359 989 453 1083 pirum
466 1008 618 1060 accessesit
630 1003 702 1059 aliud
712 1005 857 1078 quidquam
869 1008 1017 1077 excogitare
1027 1005 1099 1072 vitii,
1115 1005 1189 1076 quod
1200 1009 1228 1058 in
1240 1007 1273 1059 iis
1285 1007 1373 1058 verei-

318 1090 371 1144 bus
383 1087 607 1162 reprehendatur,
621 1086 718 1139 nedum
728 1084 860 1140 clausulas
872 1101 1051 1138 consonantes
1063 1108 1069 1138 ι
1085 1085 1133 1138 sed
1146 1088 1182 1138 ita
1197 1085 1325 1151 tribuum,
1339 1099 1373 1138 ut

317 1172 374 1226 buc
387 1171 476 1223 omnia
489 1166 570 1220 verba
582 1169 663 1220 Persii
675 1167 762 1218 verbis
774 1166 889 1220 admixta
906 1167 1005 1218 fuerint
1017 1180 1043 1218 et
1057 1170 1114 1237 ejus
1129 1168 1250 1219 oratione
1264 1165 1371 1218 modice

320 1253 440 1305 confusa.
451 1251 509 1301 Jam
519 1265 582 1300 vero
595 1249 632 1300 sic
644 1249 846 1318 interpretarer:
859 1247 945 1298 Decus
955 1256 981 1297 et
992 1245 1155 1299 concinnitas
1163 1267 1179 1298 u
1190 1246 1372 1298 recentioribus

318 1333 401 1405 poetis
409 1329 499 1382 addita
506 1326 741 1394 mntcanninibus,
752 1343 811 1400 quo
818 1328 973 1398 priuseront
983 1325 1237 1379 incontinentius
1245 1325 1372 1379 attendite

319 1411 537 1486 quemadmodum
551 1427 650 1462 versum
662 1407 772 1460 eandm·
784 1408 885 1460 nouerit
898 1406 1083 1476 Berecyntkius
1095 1406 1164 1459 Attis
1177 1407 1225 1477 (eo
1239 1407 1371 1477 poematis

319 1495 428 1547 nomine
439 1505 575 1544 auctorem
588 1487 723 1560 designat)
742 1487 777 1539 Et
788 1486 835 1540 itte
844 1489 891 1561 qui
902 1503 1045 1540 annuerint
1057 1503 1195 1539 nrnrumsr
1208 1503 1290 1539 suuni
1301 1488 1371 1539 Dar.-

318 1591 393 1635 errrr3
411 1570 546 1623 Attendite
559 1567 778 1640 quemadmodum
796 1582 894 1621 οοιτιιι
912 1584 999 1620 toruo
1016 1567 1209 1620 susouxen'mus
1224 1569 1372 1620 ererum.

320 1652 398 1706 Unde
414 1652 546 1721 conjicere
562 1647 625 1700 licet
640 1647 804 1700 locutionem
822 1659 963 1717 utramque
981 1645 1135 1718 pudendam
1152 1646 1229 1698 istim
1246 1646 1373 1698 carminis

319 1733 414 1798 luisse,
427 1728 502 1802 quod
513 1729 670 1798 inscriptum
681 1739 740 1778 arat
749 1725 819 1779 Attis
826 1724 869 1778 vel
877 1725 1001 1792 Boccboe,
1013 1737 1079 1779 teste
1091 1727 1178 1778 Dione
1187 1725 1261 1779 Cass.
1271 1725 1289 1777 Ι.
1299 1727 1373 1791 uxi,

319 1831 379 1884 cap.
397 1827 440 1864 uo.
452 1839 489 1854 -
499 1810 652 1862 Lectionum
665 1805 735 1858 Attis
744 1823 794 1877 pro
806 1805 883 1858 Attin
895 1804 1037 1859 defendere
1049 1807 1132 1858 ferme
1143 1825 1372 1878 supervacaneum

320 1907 374 1961 est,
390 1893 487 1964 quein
503 1888 626 1941 omnibus
640 1889 828 1958 manuscriptis
839 1885 924 1939 Codd.
940 1899 1075 1951 recurrat,
1089 1889 1233 1960 presertim
1246 1906 1329 1959 quum
1342 1889 1374 1938 in

319 1987 394 2028 recto
411 1989 476 2024 casu
485 1970 563 2023 Attin
576 1987 631 2021 nou
645 1967 765 2021 videatur
775 1967 857 2020 fuisse
872 1981 1045 2038 usurpatum,
1062 1981 1092 2020 ut
1107 1986 1169 2020 curn
1186 1969 1375 2040 Berecynthiam

321 2055 477 2117 conveniet,
488 2069 580 2104 verum
593 2052 621 2102 in
633 2050 793 2102 accusativo.
805 2049 865 2100 Vid.
881 2049 958 2102 ond.
973 2047 1034 2100 loco
1048 2047 1256 2121 Metamorphos.
1266 2052 1321 2120 jam
1334 2051 1375 2100 ci·

321 2149 393 2201 tato,
402 2133 448 2186 ubi
459 2135 570 2204 ponitur
579 2131 657 2198 Attis,
668 2149 723 2182 non
733 2130 823 2191 Attin,¹
831 2129 938 2182 Suidam
946 2131 972 2180 in
979 2128 1163 2194 vocem'nr‘lir3
1176 2144 1374 2184 etcommenta-

321 2218 391 2270 rium
403 2217 547 2268 Hermann.
561 2211 675 2264 Samuel.
688 2211 802 2266 Reimari
813 2211 841 2262 in
852 2211 966 2263 Dionem
977 2209 1011 2262 ad
1021 2209 1110 2262 locum
1121 2229 1200 2284 supra
1211 2213 1255 2263 cit.
1266 2239 1302 2250 -
1310 2213 1375 2263 Herc

323 2308 363 2350 ast
377 2294 473 2358 lectio,
492 2292 547 2344 hee
562 2304 601 2344 est
614 2293 812 2362 interpretatio,
826 2309 892 2362 quas
903 2309 952 2360 ego
962 2309 1011 2363 pro
1022 2293 1101 2343 certis
1114 2292 1232 2362 retiaque
1246 2289 1329 2343 nolim
1343 2292 1376 2344 iu

218 2404 222 2413 =
323 2385 396 2426 textu
409 2371 545 2444 posuisse,
557 2387 615 2440 quse
624 2387 686 2420 vero
697 2367 762 2420 mihi
772 2371 871 2420 ceteris
882 2369 1005 2420 omuibus
1015 2367 1211 2438 probabiliores
1220 2368 1376 2432 videram„

323 2452 468 2584 praepertim
482 2447 528 2500 ubi
542 2445 577 2500 sd
591 2465 682 2501 versus
692 2449 866 2518 insequentes
883 2448 1057 2518 inprimisque
1068 2446 1103 2499 ad
1116 2465 1185 2500 vers.
1203 2445 1252 2500 105
1264 2446 1375 2500 reflecto

323 2551 374 2584 ocu
387 2549 425 2583 os.

354 2707 414 2750 Via.
432 2703 471 2764 96.
485 2704 555 2747 Anus
564 2713 681 2748 visum...
693 2715 767 2748 nonne
776 2702 818 2748 boc
826 2717 958 2766 spumosum
969 2710 991 2746 et
998 2705 1080 2747 sortire
1089 2701 1183 2764 pinqur'?
1190 2704 1272 2748 -Pro
1281 2717 1376 2764 spumo-

322 2790 375 2820 sum
383 2773 483 2820 libenter
492 2771 569 2833 Koem‘p
577 2771 694 2832 reciperet
705 2785 820 2833 ruqosusn.
836 2769 958 2831 Ingeniosa
968 2770 1063 2831 quidem
1072 2771 1207 2830 conjectura
1219 2782 1266 2826 est,
1278 2782 1301 2816 et
1310 2769 1376 2832 apud

324 2845 392 2892 Ouid.
403 2841 498 2889 Her-oid.
507 2843 537 2896 V,
547 2840 585 2898 αθ,
595 2842 697 2886 occurrit
704 2849 780 2886 cortes
789 2855 898 2904 naporum
907 2841 948 2888 sed
955 2843 979 2886 iu
989 2841 1080 2888 edendo
1087 2857 1218 2904 sponsorum
1224 2843 1376 2890 consentiunt

323 2913 475 2975 manuscripti
490 2910 564 2958 Codd.
582 2925 672 2958 omnes.
687 2932 720 2946 —
732 2911 819 2976 ¹Tn'bui
835 2924 913 2974 potest
928 2910 966 2957 bic
980 2927 1060 2960 versus
1075 2910 1112 2957 rel
1127 2913 1238 2959 monitori
1251 2911 1376 2974 Virgilium

323 2984 477 3048 deprimenti‚
491 2981 575 3028 stolido
585 2979 709 3042 aeqrtalium
721 2995 800 3027 amore
806 2997 813 3037 ;
826 2981 864 3028 rel
875 2983 954 3028 Persio
965 2981 1064 3044 equales
1074 2980 1172 3042 Virgilio
1184 2983 1272 3029 ironice
1282 2997 1375 3044 proepo-

324 3057 398 3103 nenti.
408 3052 552 3101 Probabilior
561 3051 617 3098 mibi
627 3064 743 3114 posterior
751 3051 835 3108 lectio;
845 3068 922 3116 neque
933 3054 995 3099 enim
1004 3051 1064 3099 adeo
1074 3051 1166 3100 videtur
1175 3067 1225 3100 esse
1234 3054 1327 3116 ineptus
1336 3051 1375 3100 ille

323 3129 432 3182 monitor,
446 3139 517 3187 quem
528 3123 573 3171 sibi
584 3122 650 3183 fingit
661 3122 765 3176 Persius,
777 3133 804 3168 ut
813 3121 936 3186 Virgilium
947 3121 1070 3186 deprimat.

359 3227 426 3278 Nor.
446 3223 490 3294 96.
508 3226 585 3275 Anni
600 3238 723 3274 rmum...
737 3222 834 3274 Nonne
851 3223 900 3275 boc
913 3240 1062 3294 spumosum
1078 3232 1104 3274 et
1117 3224 1209 3274 cortice
1220 3221 1375 3297 pinquii—

324 3297 406 3360 drmu
417 3305 513 3370 vinam,
526 3302 642 3376 intellige
654 3301 798 3374 AEueidern.
810 3302 869 3354 Mos
879 3316 936 3355 erat
946 3302 1018 3374 apud
1028 3303 1153 3374 antiquos
1160 3320 1229 3373 opus
1237 3301 1375 3372 designare

323 3391 355 3442 iis
369 3386 454 3440 verbis
467 3383 563 3458 quibua
574 3383 733 3457 incipiebat,
747 3399 792 3436 eut
804 3387 891 3456 ipsum
904 3396 1040 3436 auctorem
1053 3383 1128 3435 initio
1140 3384 1197 3453 ejus
1210 3385 1307 3455 operis.
1320 3383 1374 3449 lta,

323 3471 395 3524 stim
408 3465 471 3520 ton·
483 3463 534 3518 end
544 3465 663 3539 designat
675 3465 798 3529 iliadem
811 3465 903 3534 ipsun
914 3461 957 3531 uir
970 3461 1043 3534 disp,
1056 3463 1160 3516 Pindari
1175 3465 1307 3529 carmina,
1323 3477 1373 3516 etc.

323 3579 360 3592 —
368 3549 525 3623 Spumosum
537 3549 742 3622 interpretantur
753 3546 888 3619 turgidum
900 3565 931 3599 ac
944 3565 1056 3608 vanum
1069 3543 1159 3596 malim
1171 3542 1330 3596 lutulentum
1341 3562 1373 3596 au

323 3625 389 3693 vile,
402 3639 431 3678 ut
442 3640 483 3678 est
494 3644 596 3699 spuma.
604 3656 640 3667 -
648 3627 748 3678 Cortice
756 3627 865 3698 pinqui‚
879 3623 906 3676 id
920 3636 971 3691 est,
983 3643 1100 3676 craesum
1113 3635 1139 3676 et
1150 3641 1285 3698 rugosum.
1296 3620 1373 3675 Haud

323 3703 470 3758 absiruilem
482 3723 532 3758 uos
543 3705 613 3758 Galli
625 3705 788 3758 locutionem
800 3702 937 3756 habemns.

359 3811 426 3864 Nur.
445 3827 490 3880 97.
506 3810 542 3864 Ut
554 3811 655 3864 ramale
671 3821 742 3864 uetus
751 3810 900 3884 proeqrandi
908 3811 996 3862 subere
1006 3821 1116 3863 coctum.
1127 3838 1161 3850 -
1172 3809 1269 3862 Noster
1280 3802 1375 3859 eadem

324 3889 495 3946 similitudine
509 3903 652 3965 utensque
661 3911 738 3945 versu
749 3889 925 3962 precedenti,
940 3889 974 3943 ad
989 3889 1137 3962 aagendam
1151 3891 1242 3942 ironia¹
1256 3890 1307 3940 vim
1321 3889 1376 3940 ein-

323 3969 387 4042 qula
405 3985 555 4043 exaggerat.
571 4001 605 4013 -
620 3972 709 4035 Suber,
725 3968 820 4036 cunis,
835 3969 914 4042 ἱίἑςος
932 3967 1090 4024 describitur
1110 3987 1125 4022 a
1144 3969 1210 4022 Plin-
1225 3969 1291 4020 Hiar.
1312 3969 1373 4019 Nat.

325 4049 400 4119 xvi,
417 4065 482 4105 sect.
502 4051 546 4117 13,
561 4065 587 4104 et
602 4049 765 4122 aTbeopbr.
783 4053 815 4102 Η.
830 4051 879 4102 PL.
896 4052 931 4116 tt,
950 4051 994 4117 16,
1011 4051 1057 4104 ubi
1068 4049 1120 4104 vid.
1137 4062 1192 4101 not.
1205 4048 1260 4100 Jos.
1276 4045 1373 4100 nudet.

323 4129 371 4184 llla
377 4131 457 4184 arbor
464 4131 555 4198 babet,
564 4143 660 4203 praeter
666 4133 820 4184 interiorem
826 4134 1019 4198 cucumerem,
1026 4133 1105 4184 etiam
1110 4131 1267 4183 exteriorem
1274 4141 1300 4180 et
1307 4145 1376 4179 cras·

324 4209 420 4262 sioretn
435 4211 578 4275 corticem,
596 4210 642 4280 qui
654 4210 739 4304 pertis
757 4209 922 4280 temporibus
937 4207 1115 4262 detrahendus
1131 4220 1177 4260 cst.
1194 4205 1274 4275 Quod
1287 4207 1315 4258 ni
1329 4205 1374 4270 lit,
