3148 4950
355 463 470 528 luti
496 462 650 526 raastr
677 464 843 528 rtlccr
870 465 991 528 vrrs.
1133 401 1197 554 47'3

155 605 257 649 tamn
274 589 500 648 accuratiorem
518 599 637 647 naturae
655 583 718 666 ejus
737 599 828 667 atque
852 586 963 647 indolis
983 588 1150 669 imaginem
1165 593 1198 650 in

156 687 290 767 scriptis,
306 703 375 764 quae
391 683 529 764 reliquit,
545 702 718 764 expressam
734 682 887 757 videmus,
903 683 1095 744 viridissimis
1113 687 1201 765 quasi

157 781 311 843 coloribus
333 780 510 862 depictam,
533 778 620 861 cujus
643 779 873 863 pulchritudine
898 783 1021 840 accensi>
1039 780 1086 840 vel
1112 783 1202 841 inviti

158 881 300 960 cogimur
311 879 343 938 in
354 875 472 959 judicio
487 877 524 938 de
537 877 635 938 satiris
651 877 715 960 ejus
731 877 859 937 ferendo
878 877 908 937 id
923 878 1026 959 potius
1047 891 1201 960 spectaro,

159 977 243 1059 quod
258 975 401 1058 perficere
417 977 578 1059 potuisset,
593 979 617 1036 si
634 976 681 1035 vel
697 977 826 1056 equiori
845 975 940 1035 Musis
956 983 1095 1058 tempore
1110 974 1203 1037 'vixis-

159 1090 219 1149 ser,
234 1072 281 1134 vel
296 1074 421 1156 longior
432 1086 505 1134 aetas
515 1076 542 1134 ei
554 1073 765 1156 suppetivisset
779 1072 816 1133 ad
829 1094 865 1133 ea
878 1073 1040 1154 polienda,
1052 1092 1121 1153 quae
1131 1076 1202 1133 satia

160 1170 288 1254 pulchre
304 1168 519 1244 inchoaverat,
534 1190 627 1250 quam
641 1167 793 1250 juveniles
810 1169 878 1228 illos
891 1183 1020 1229 conatus
1037 1169 1203 1230 adseveras

160 1270 277 1329 critices
291 1268 410 1350 regulas
423 1271 552 1349 exigere.
564 1270 701 1329 llstsane
718 1267 801 1348 quod
816 1269 977 1342 miremur,
997 1281 1116 1327 tantam
1134 1289 1203 1349 gra-

160 1366 288 1426 vitatem
301 1379 334 1426 et
348 1367 556 1430 constantiam
574 1367 607 1424 in
618 1362 732 1444 juvene
746 1365 917 1447 prte'sertim
929 1363 1080 1446 locuplete
1096 1364 1204 1440 fuisse,

162 1475 196 1522 ut
211 1483 325 1536 omues,
338 1461 528 1545 voluptates,
546 1461 677 1543 quibus,
700 1483 736 1521 ex
757 1459 838 1520 illius
857 1462 953 1520 aetatis
972 1463 1137 1542 opinione,
1158 1461 1205 1522 rel
1241 1459 1248 1472 “
1296 1525 1298 1530 ,

162 1557 289 1620 honeste
306 1556 367 1618 frui
382 1560 544 1641 potuisset,
561 1559 726 1640 respuerit,
743 1571 865 1618 tantum
879 1559 1000 1628 uirtutis
1019 1572 1049 1618 et
1066 1557 1206 1619 honesta-

162 1660 200 1717 tis
213 1657 371 1731 ardorem,
382 1679 445 1738 quo
458 1679 529 1717 eum
541 1656 648 1740 quavis
663 1658 776 1738 pagina
793 1655 956 1738 abreptum
971 1655 1127 1729 videmus,
1139 1670 1207 1715 tan·

163 1772 225 1817 tarn
255 1757 443 1824 severitatem
471 1757 504 1816 in
532 1757 617 1817 o'mni
647 1754 780 1815 mollitie
805 1754 981 1835 castiganda
1009 1755 1208 1835 moribusque

163 1852 352 1914 effeminatis
366 1853 472 1912 acerbe
485 1853 646 1929 notandis,
664 1865 700 1913 ut
715 1851 880 1911 barbatum
888 1849 1030 1930 aliquem
1046 1873 1081 1911 ex
1102 1852 1208 1932 priscis

164 1949 313 2010 Romanis
322 1951 478 2018 existimes
490 1949 607 2008 audire.
619 1937 714 2026 Quod
725 1963 834 2022 autern⁴
844 1949 976 2008 maxime
990 1968 1046 2007 nos
1065 1948 1093 2008 ei
1109 1947 1209 2006 conci-

163 2047 237 2122 liat,
256 2059 300 2108 cst
320 2046 440 2130 pietatis
461 2067 582 2122 sensus,
598 2067 689 2128 quern
705 2067 777 2127 erga
793 2046 971 2106 Cornutum
989 2057 1209 2127 praeceptorem

165 2143 315 2220 declarat,
332 2158 396 2203 tarn
412 2144 561 2204 candidus
577 2157 607 2205 et
621 2143 801 2222 vehemens,
820 2156 855 2204 ut
873 2145 1003 2225 quisque
1018 2142 1210 2202 animadver-

166 2252 226 2316 tat,
248 2243 281 2300 in
297 2243 342 2300 rei
358 2240 573 2321 magnitudine
594 2239 694 2299 verbis
710 2239 898 2320 assequenda
925 2260 998 2299 eum
1024 2258 1211 2319 magnopere

167 2338 355 2414 elaborasse,
377 2359 432 2398 uec
454 2350 559 2396 tamen
581 2337 638 2397 sihi
665 2338 736 2396 satis
761 2336 876 2397 fecisse.
900 2334 1022 2413 Quibus
1046 2336 1211 2396 virtutibus

168 2437 332 2498 instructus
346 2436 543 2518 dignissimus
556 2456 629 2496 sane
640 2434 700 2496 fuit
712 2437 847 2496 amicitia
861 2449 890 2496 et
902 2434 1122 2496 consuetudine
1137 2435 1213 2492 Paeti

167 2532 306 2594 Thraseae
318 2545 344 2608 ¹,
361 2535 474 2594 summi
487 2546 518 2593 et
531 2533 693 2594 clarissimi
707 2535 780 2611 viri,
798 2553 934 2616 quocum
953 2533 1044 2592 etiam
1062 2529 1213 2590 affinitate

168 2647 234 2694 erat
247 2630 439 2713 conjunctus.
739 2637 742 2640 ’
877 2632 878 2638 '

209 2731 289 2790 Raro
307 2731 444 2790 Persium
462 2745 492 2792 et
506 2730 593 2791 tarde
613 2730 781 2812 scripsisse,
802 2727 999 2812 librumque,
1017 2748 1110 2811 quern
1128 2747 1214 2786 nunc

169 2829 261 2888 etiam
275 2824 444 2904 habemus,
458 2830 602 2890 ultimam
616 2849 746 2889 manum
760 2826 823 2909 ejus
836 2849 898 2889 non
913 2849 975 2888 csse
988 2839 1157 2909 expertum.
1176 2825 1214 2883 ln

168 2919 262 3005 hujus
270 2924 381 2985 ultima
388 2939 476 3009 parte
488 2947 591 2986 versus
600 2926 720 3007 aliquot
729 2947 792 2986 esse
804 2927 872 2986 den:
875 2939 943 3008 ptos
952 2969 960 3000 ,
969 2937 1005 2984 ut
1014 2923 1121 2983 finitus
1131 2923 1215 2981 vide·

208 3145 233 3178 a.
260 3127 392 3182 Thraseae
415 3133 498 3183 Paetus
522 3133 669 3183 Patavinus.
717 3131 874 3195 sti0,Tacit.
890 3127 1094 3200 lib.XlV‚cap.
1110 3127 1216 3194 48.Ta·

170 3205 255 3257 Tacit.
269 3207 364 3258 Annal.
376 3209 434 3260 xvt
442 3249 451 3275 ,
465 3227 506 3262 αι.
519 3209 605 3261 Gener
615 3211 672 3260 Cae·
716 3228 776 3260 meu
790 3211 911 3259 virtutem
923 3208 1045 3260 'l'braseae
1063 3207 1103 3260 vel
1121 3209 1217 3258 invitus
1305 3225 1307 3230 ’

172 3283 238 3335 cium
254 3283 316 3335 Pati
329 3297 355 3336 et
364 3286 459 3353 Arriae,
475 3287 508 3338 de
525 3287 622 3359 quibus
639 3291 673 3340 vi·
717 3288 831 3358 agnovit.
852 3287 919 3338 l‘lut.
936 3286 1048 3357 reipubl.
1068 3306 1121 3355 ger.
1139 3304 1216 3356 praec.

172 3362 206 3415 de
216 3362 330 3415 Martial.
341 3366 353 3415 l
360 3403 370 3432 ,
388 3365 434 3431 tri;
451 3368 515 3418 Plin.
529 3370 611 3437 Epist.
623 3369 673 3432 lll,
718 3385 776 3436 cap.
791 3365 839 3430 td,
856 3379 875 3416 t.
889 3367 950 3418 llll.
961 3364 1003 3417 ed.
1016 3367 1088 3417 Hutt.
1103 3367 1218 3416 Accusa-

176 3443 224 3504 16;
242 3442 292 3494 Dio
308 3444 380 3496 Cass.
393 3445 454 3511 Lx,
474 3446 513 3498 16.
531 3447 593 3498 Erat
606 3447 672 3500 Stoi·
718 3460 760 3500 tus
774 3443 885 3510 deiude,
898 3446 981 3497 Tacit.
1001 3443 1046 3497 lib.
1065 3446 1140 3508 XVI,
1157 3462 1217 3514 cap.

173 3540 220 3574 cus
228 3535 254 3572 et
264 3521 407 3574 admirator
416 3523 523 3576 Catonis
533 3526 674 3590 Uticensis,
720 3541 749 3576 αι
762 3545 769 3586 ;
781 3525 872 3575 mortis
889 3523 1024 3592 arbitrium
1041 3525 1158 3594 accepit,
1176 3542 1218 3575 ve-

172 3603 249 3672 cujus
264 3602 344 3652 vitam
360 3605 521 3674 scripserat,
540 3617 620 3675 atque
638 3605 676 3654 vir
719 3605 813 3674 niaque
822 3604 913 3668 sectis,
924 3603 1059 3656 occubuit.
1069 3605 1153 3654 Tacit.
1166 3602 1182 3654 l.
1194 3620 1216 3652 c.

174 3681 287 3750 antique
303 3679 381 3752 plane
397 3684 498 3734 virtutis
513 3697 540 3734 et
554 3685 623 3734 inter
636 3698 676 3736 tot
720 3683 751 3736 31
764 3683 852 3745 ;Suet.
861 3683 923 3736 Ner.
935 3686 984 3753 373
1003 3682 1089 3736 Schol.
1101 3682 1133 3734 ad
1144 3685 1220 3734 Juve-

174 3755 366 3828 sbjectissimos
388 3761 502 3814 Neronis
525 3761 675 3816 adulatores
720 3761 774 3816 nal.
793 3765 825 3828 V,
842 3762 894 3826 363
912 3764 963 3816 Ilio
980 3762 1051 3815 Cass.
1068 3764 1156 3822 LXll,
1176 3761 1217 3812 26.

174 3837 246 3891 tolus
259 3853 361 3892 erectus
371 3853 398 3892 et
409 3855 549 3909 constans,
563 3843 675 3910 intrepi·
722 3841 849 3894 Laudavit
878 3861 938 3894 eum
965 3855 1058 3913 postea
1089 3839 1219 3890 Arulenus

174 3915 224 3969 dus
236 3931 261 3968 et
275 3919 377 3989 gravis,
390 3933 505 3990 notaque
515 3917 678 3972 humanitate
695 3913 699 3922 ’
722 3920 857 3986 Rusticus,
869 3919 941 3991 quod
952 3919 1059 3990 ipsisub
1067 3917 1219 3968 Domitiano

175 4008 201 4047 et
214 3993 361 4049 clementia.
373 3997 439 4050 Plin.
450 3999 532 4070 Epist.
545 4001 677 4067 Vu1,2r,
723 4002 835 4072 capitale
848 4002 910 4067 fuit,
921 4001 1039 4072 liberque
1049 4009 1155 4050 exustus
1171 4007 1218 4048 est.

175 4075 200 4127 3.
213 4078 237 4128 ls
247 4077 348 4130 Neroni
358 4079 456 4131 invisus
471 4077 506 4130 ob
515 4077 612 4131 multas
621 4099 677 4147 res,
721 4080 804 4132 Tacit.
817 4083 869 4133 Vit.
879 4081 994 4152 Agrius
1009 4091 1035 4130 et
1044 4078 1096 4144 453
1111 4075 1218 4130 sueton.

175 4155 307 4228 praecipue
324 4156 359 4208 ob
381 4151 537 4212 senteutiam
552 4157 585 4212 de
601 4160 677 4213 Anti-
722 4161 819 4212 Domit.
835 4176 873 4213 to.
