2940 4932
303 393 353 454 ιιι
379 389 591 455 sacratu
614 391 849 460 tunultu.
1036 421 1097 488 127

39 520 180 594 signifieat
194 520 266 572 istus
277 516 393 590 poliere,
409 533 489 587 φιιιιι
509 515 618 570 internis
630 518 755 587 exagitari
773 521 940 572 conscientie
953 521 1099 580 doloribus.

39 629 80 642 ·-·-
96 603 178 672 Quod
189 600 309 672 proxima
324 597 420 649 nescim
432 614 516 656 naon·
527 594 594 648 iliud
603 597 675 668 quod
684 610 773 668 potest
782 595 892 669 intelligi
901 603 979 671 qnasi
992 604 1025 654 ait
1036 624 1099 676 pro:

39 680 150 754 pollent
164 682 195 734 ob
209 678 251 745 id,
265 677 336 750 quod
348 689 400 729 etc.
420 697 427 727 ι
446 674 599 744 Auguribus
618 689 783 742 maceratur,
804 694 871 749 qnos
889 697 923 731 ne
940 697 1003 734 cum
1020 685 1099 736 fami-

41 762 196 816 liarissimis
210 755 317 832 quidem
331 758 403 824 tuis,
422 773 457 808 ne
472 773 534 808 cum
552 773 634 809 uxore
653 757 759 828 quidem
780 761 975 814 communicare
993 763 1099 818 audeat.
1201 803 1202 812 .

41 841 97 894 Vel
110 860 146 893 eo
155 857 232 894 seusu
244 835 351 889 defendi
362 847 453 907 potest
464 831 656 907 subjunctivus.
670 839 760 890 Potest
772 857 879 912 quoqne
890 842 959 892 anmi
970 844 1041 914 quod
1049 863 1099 916 pro

41 918 167 992 qumvis
179 917 337 989 (Burmann.
353 915 388 966 ad
400 917 519 986 Pmpert.
529 914 579 982 ΠΙ,
593 933 620 983 ι,
632 915 683 987 49)
696 930 727 969 ut
740 934 833 970 sentus
847 919 898 971 eit:
912 920 1025 974 internis
1039 941 1100 976 cru·

43 1001 136 1052 ciatur
149 995 304 1062 doloribus,
318 995 437 1066 quamvis
451 1012 485 1044 ne
499 1011 566 1046 uxor
580 992 688 1065 quidem
703 1013 788 1067 prope
802 997 902 1051 cubans
916 997 944 1051 id
959 1003 1055 1054 sentiat
1068 1021 1099 1055 ac

41 1082 167 1144 noverit,
180 1077 256 1149 quod
271 1075 408 1128 admiserit
420 1073 566 1146 piaculum.
585 1075 712 1128 Certatim
725 1089 811 1148 poetas
826 1092 852 1130 et
866 1093 984 1134 oratores
998 1095 1099 1138 veteres

41 1162 217 1214 conscientie
226 1156 347 1212 stimulos
357 1157 437 1208 variis
448 1170 634 1228 expresserunt
644 1158 816 1228 imaginibus
826 1161 895 1212 iuter
902 1179 968 1232 quas
978 1161 1032 1216 haec
1040 1163 1099 1218 Per·

41 1244 118 1296 uana
130 1236 413 1294 marmannorum.
428 1237 543 1290 cenent
555 1236 678 1290 nonnulli
689 1236 745 1290 hec
758 1241 925 1311 potissimum
936 1241 1007 1296 dicta
1019 1245 1099 1298 fuisse

40 1323 163 1387 neoni,
178 1320 239 1391 qni,
254 1319 349 1372 virtute
363 1316 452 1370 relicto
466 1317 632 1389 tyrannidem
642 1321 700 1389 jam
714 1333 770 1370 tum
785 1333 935 1387 exerceret,
951 1335 977 1374 et
988 1325 1032 1375 cui
1043 1323 1099 1378 diro

41 1398 125 1453 libido
139 1408 256 1451 moveret
268 1397 414 1469 inperium.
435 1398 530 1468 Neque
548 1394 611 1448 huic
626 1415 676 1466 epo
692 1399 802 1448 omnino
820 1401 1020 1470 repugnaverim
1039 1405 1099 1474 opi-

41 1480 126 1532 nioni.
143 1480 228 1546 Nem,
241 1478 321 1530 aienti
331 1476 454 1547 superins
466 1476 558 1528 monui
569 1477 598 1528 iu
611 1489 781 1546 argumento,
794 1477 865 1528 inter
876 1476 1018 1548 legendum
1028 1478 1099 1532 hanc

40 1561 166 1623 eatbam,
177 1555 305 1610 Senecam
314 1567 376 1606 tunc
383 1555 510 1625 temporis
518 1553 648 1608 assedisse
655 1557 754 1608 Neroni
763 1557 932 1626 magistrum,
943 1560 1099 1630 pessimam·

41 1657 96 1710 qus·
109 1650 234 1690 naturam
248 1636 378 1706 Principis
389 1635 519 1687 stoiciarui
528 1636 680 1706 preceptis,
697 1649 828 1706 quantum
844 1636 900 1690 fieri
911 1640 1015 1710 potuit,
1027 1658 1098 1692 com-

39 1720 189 1789 pressisse,
203 1733 336 1788 nusquam
352 1727 391 1769 est
405 1711 624 1767 obliviscendum.

71 1870 136 1916 Van.
154 1867 194 1926 44.
210 1867 275 1931 sepe
284 1865 373 1924 caelos,
383 1867 486 1924 memnii,
500 1865 616 1932 torqehom
626 1881 711 1929 pontus
721 1863 787 1912 olivo.
799 1891 829 1901 -
841 1867 878 1912 Sic
893 1865 923 1914 ad
937 1883 992 1914 eum
1006 1883 1098 1917 tersum

39 1940 197 1987 casaubonus
209 1940 344 1986 annotarit:
360 1958 370 1978 ι
380 1939 414 1984 lta
427 1938 576 1986 scribendum
588 1950 637 1986 est:
650 1938 782 2004 tonqebom,
792 1938 899 2002 inquam,
911 1955 959 1986 non
971 1941 1097 2008 tinjcbom,

37 2011 108 2074 qnod
119 2025 144 2059 et
154 2009 296 2058 membranae
307 2011 417 2058 damnem
424 2043 432 2066 ,
446 2021 545 2057 etvetus
556 2011 682 2072 interpres,
694 2009 760 2070 cujus
773 2023 826 2056 sunt
835 2011 906 2059 verba
918 2029 924 2060 z
937 2013 998 2060 oculi
1006 2013 1055 2062 oleo
1065 2025 1098 2062 to-

37 2085 72 2130 ctt'
78 2081 246 2146 penarum
253 2083 286 2130 sd
294 2091 390 2146 tempus.
400 2080 510 2138 Accedit,
520 2079 585 2144 quod
592 2093 662 2142 caput
669 2091 717 2136 est,
727 2083 788 2128 ratio
798 2083 859 2144 ipsa;
871 2097 925 2128 nam
936 2085 1018 2150 torpere
1027 2085 1096 2142 oleo,

37 2153 65 2200 Ιι.
79 2169 104 2200 e.
117 2153 193 2200 linere
202 2153 347 2216 mperficicm
357 2152 476 2210 ciliorum,
490 2152 550 2199 adeo
559 2167 608 2198 nou
622 2164 693 2198 uocet
706 2151 790 2208 oculis,
806 2165 832 2199 nt
839 2156 908 2217 joret
919 2153 1047 2218 plurimum
1056 2157 1096 2202 fir-

37 2237 141 2290 mctque
153 2225 233 2270 aciem.
248 2227 325 2286 Quare
337 2223 417 2272 scribit
427 2223 576 2270 Dioscorides
587 2224 612 2268 in
624 2223 745 2277 secundo,
760 2221 806 2269 olei
818 2218 964 2286 ὑπείλημμαι
976 2225 1054 2274 vaicra
1066 2227 1097 2275 ad

38 2293 187 2360 ὁξυδοριὲαι.
200 2295 253 2342 Non
261 2297 331 2358 iqitur
341 2291 452 2358 &tyrium
460 2291 499 2339 bic
508 2291 633 2356 legendum
647 2305 694 2348 est,
709 2291 750 2340 sed
766 2293 896 2358 toetqebam,
907 2306 930 2340 et
941 2295 970 2341 de
980 2297 1097 2343 interioria

38 2363 105 2430 oeuii
118 2373 181 2410 tectu
193 2364 364 2428 accipiendum.
374 2383 384 2403 ι
396 2363 489 2409 liabent
500 2361 616 2426 stupebam
625 2363 688 2409 Mss.
698 2363 745 2407 mei
753 2363 847 2410 codices
856 2361 930 2420 8055,
941 2363 1016 2427 8070,
1026 2363 1096 2427 0273.

78 2486 150 2538 Nor.
165 2483 210 2551 44.
222 2485 292 2556 Soepe
302 2480 402 2547 octdos,
414 2481 539 2547 memini,
552 2481 689 2552 tenpebom
699 2497 797 2552 perusta
808 2477 886 2532 olivo.
896 2508 933 2519 -
946 2479 1097 2555 Tonqebom

34 2586 142 2638 parvus
156 2564 244 2626 olivo,·
258 2563 354 2616 scilicet
371 2574 400 2614 ut
416 2561 520 2614 viderer
535 2560 658 2614 laborare
675 2559 776 2626 oculis,
794 2557 836 2610 vei
851 2560 929 2610 etiam
947 2558 1098 2614 laborarem

37 2645 74 2698 nd
89 2659 214 2717 tempus,
229 2644 331 2715 meique
345 2654 471 2714 parentes
483 2658 525 2691 me
537 2659 552 2692 a
564 2637 676 2703 studiis,
690 2657 706 2690 a
716 2639 813 2710 quibus
826 2636 1020 2705 abhorrebam,
1036 2643 1098 2692 reti·

35 2737 145 2778 nerent.
163 2723 269 2776 Olivam
284 2719 350 2772 dixit
363 2740 412 2794 pro
428 2720 502 2786 cieo,
517 2716 740 2792 quemadmodum
754 2719 781 2769 in
797 2717 934 2789 superiore
949 2719 1045 2787 satira,
1063 2719 1098 2772 ad

34 2825 109 2858 vers.
125 2803 170 2872 64.
185 2832 220 2842 -
232 2804 349 2862 Ρανυιιες
363 2819 444 2871 puer,
459 2799 530 2852 unde
543 2800 621 2851 etiam
633 2797 697 2850 dicit
706 2797 825 2849 memini.
839 2798 995 2869 Opponitur
1004 2817 1098 2853 eavox

33 2901 153 2956 parvus,
166 2880 228 2934 huic
243 2899 334 2933 versus
349 2881 511 2951 insequentis
524 2901 529 2929 :
543 2879 662 2952 prandia.

66 3035 132 3080 Vae.
150 3033 194 3090 45,
203 3030 242 3088 46.
253 3031 356 3077 Grundio
364 3033 386 3076 si
394 3029 477 3078 nollem
486 3030 591 3076 morituri
598 3028 666 3074 verbo
676 3029 767 3075 cotom
776 3029 870 3085 Dicere,
878 3043 925 3075 nort
932 3045 990 3078 sam
998 3033 1095 3080 minan

35 3103 159 3150 hudmtda
168 3103 283 3166 magistro.
293 3125 325 3136 -
333 3100 379 3146 Pro
389 3099 592 3146 contorserunt
601 3099 787 3162 iegiturqnoque
798 3102 905 3148 nmrituro
913 3101 1004 3157 Catoni,
1013 3117 1094 3150 utnon

33 3177 64 3222 ait
76 3175 123 3238 ipsi
133 3173 218 3218 Catoni
227 3169 336 3217 attributa
346 3168 505 3225 oratiuncula,
515 3169 556 3217 sed
566 3169 658 3216 cuidam
668 3171 774 3215 Romano
783 3170 813 3216 ad
821 3172 944 3217 Catonem.
957 3173 1013 3232 Qua
1025 3173 1095 3221 lectio

34 3260 57 3295 et
73 3249 128 3310 ipsa
146 3245 220 3308 recipi
235 3255 328 3306 potest,
343 3259 416 3307 quum
427 3255 533 3290 recurrat
544 3243 607 3306 apud
619 3241 744 3289 nonnullos
759 3241 1095 3309 mammoneamque

33 3317 182 3372 editionem,
195 3331 273 3380 neque
281 3331 364 3379 parum
376 3315 462 3361 habeat
474 3315 612 3362 festivitatis.
623 3314 715 3360 luducit
725 3315 787 3360 enim
795 3329 894 3376 partum
903 3329 1003 3377 puerum
1013 3331 1094 3365 attam-

33 3405 87 3436 rum
100 3387 203 3443 Catoni,
217 3385 274 3449 quid
286 3389 307 3434 ei
319 3388 348 3433 tit
361 3387 485 3448 agendum.
497 3411 529 3423 -·
542 3387 637 3433 Diutius
646 3385 756 3432 harmain
768 3399 854 3448 anceps
863 3401 890 3432 ac
899 3399 1025 3447 supensus
1033 3388 1095 3436 inter

34 3462 98 3508 atat.
111 3457 192 3506 Codd.
205 3456 379 3521 schoiiaitisque
388 3459 471 3515 iidem,
482 3458 523 3522 qui
534 3456 606 3504 adum
614 3459 713 3512 discere,
723 3469 746 3502 et
755 3456 965 3504 Laudatissimorttm
974 3459 1094 3508 etium

32 3532 202 3580 auctoritatem
214 3530 376 3590 (Cassuhoni,
388 3531 486 3591 limnip,
499 3527 621 3588 Giiiord),
634 3529 676 3592 qni
691 3529 764 3576 dicere
775 3541 912 3590 posueruut.
926 3531 1024 3578 Diremit
1037 3547 1093 3578 vero

33 3593 133 3650 ouinetn
143 3600 270 3648 modion
280 3599 320 3646 hic
330 3600 428 3661 Quintil.
440 3600 505 3648 locus
516 3597 557 3646 lib.
570 3600 591 3645 11
594 3633 603 3655 ‚
613 3614 665 3660 cap.
676 3599 703 3658 8,
719 3598 759 3660 qui
770 3597 912 3645 demonstrat
922 3609 1044 3666 utramque
1055 3600 1093 3648 lc-

33 3677 140 3723 ctionem
152 3689 221 3734 aque
233 3671 380 3734 probabilem
391 3687 418 3718 ac
433 3670 579 3734 probandam
596 3685 646 3716 esse
660 3685 666 3714 ι
684 3690 693 3709 ι
704 3667 765 3714 Illud
778 3685 805 3714 ex
819 3667 989 3716 consuetudine
1000 3683 1093 3717 momn-

33 3744 91 3793 dum
101 3761 202 3809 prorsus
212 3742 409 3798 eunomianis,
420 3741 449 3788 dc
459 3741 544 3804 quibus
554 3757 616 3788 nunc
626 3739 772 3798 disserimus,
782 3737 899 3796 tctatiim,
913 3753 943 3785 ne
953 3743 1030 3787 omnin
1040 3757 1093 3805 qum

35 3819 190 3880 scripserint,
201 3817 316 3869 ediscunt,
328 3825 351 3860 et
362 3825 425 3859 certa
437 3811 486 3866 die,
498 3825 524 3858 ut
535 3811 605 3859 moris
616 3823 663 3867 eat,
676 3812 760 3858 dicunt.
770 3831 780 3853 ι
793 3833 825 3846 -·
836 3809 881 3856 Pro
891 3823 936 3855 nott
947 3825 1015 3866 sono,
1028 3809 1093 3874 qnod

35 3885 129 3932 habeut
137 3885 203 3933 8188.
214 3885 289 3932 Codd.
298 3884 358 3932 8055
367 3881 441 3944 ,8071
450 3881 632 3946 ‚antiquae
642 3884 668 3927 in
679 3880 729 3927 aiiit
738 3879 767 3926 ob
777 3883 869 3938 istsono,
879 3879 943 3944 quod
953 3893 1093 3944 receperunt

35 3953 180 4004 Scholiauea
192 3968 214 4006 et
226 3955 385 4010 Britannicus,
395 3967 566 4016 perperamque
576 3964 631 4000 suut
640 3953 794 4013 interpretati.
809 3953 868 3998 Nam
877 3954 981 3998 insutum
990 3963 1092 4000 transtu-

35 4026 122 4073 lemt
131 4043 173 4088 per
180 4025 247 4074 mide
254 4043 349 4082 emm,
362 4025 408 4072 hoc
419 4039 471 4070 sese
481 4035 572 4072 tuentes
581 4023 672 4086 Virgilii
680 4022 745 4079 loco,
757 4022 845 4070 AEneid.
856 4021 896 4068 tib.
908 4023 952 4078 111,
961 4020 1023 4079 443ι
1034 4038 1044 4058 ·
1054 4023 1092 4066 In·

34 4114 122 4146 stum
138 4098 234 4159 amiciet
248 4111 324 4146 vatem
333 4115 360 4154 ;·
379 4107 449 4158 atque
466 4107 587 4142 monentes
603 4093 740 4158 particulam
756 4095 778 4138 t'n
795 4093 834 4140 hio
845 4110 895 4142 esse
908 4095 1031 4140 auctivam.
1047 4093 1091 4142 Sed
