3176 4954
562 501 817 568 CENTONES
1152 508 1216 595 437

171 623 377 719 Euplocamo
391 615 531 716 digitos,
544 621 872 719 discerniculumque
884 625 1015 720 capillo.

172 741 219 805 Ut
230 759 337 829 quum
348 734 411 802 iter
423 749 475 800 est
485 731 614 828 aliquo,
627 748 661 802 et
673 757 826 802 caussam
838 754 1028 818 commenta
1039 741 1119 822 viai,

170 853 238 915 Aut
250 844 343 938 apud
355 841 544 926 aurificem,
558 843 602 911 ad
613 859 774 927 matrem,
787 863 979 938 cognatam,
994 847 1038 916 ad
1053 853 1215 920 amicam:

170 964 237 1027 Aut
247 954 460 1051 operandum
471 954 584 1050 aliquo
596 956 631 1023 in
642 955 766 1024 celebri
777 981 856 1026 cum
868 958 1046 1054 aequalibu'
1057 960 1146 1030 fano.

169 1074 260 1139 tum
272 1092 352 1137 vero
364 1069 460 1136 ricini
472 1070 596 1148 aurati,
611 1082 644 1134 et
655 1070 739 1134 nitet
751 1093 854 1138 aurea
868 1073 977 1140 mitra.

170 1184 251 1247 Haec
262 1180 470 1246 vestimentis
482 1173 661 1244 maculosis
673 1181 793 1270 aspicis
805 1181 895 1271 ipse;

170 1287 269 1376 Quod
281 1284 430 1356 deforml'
442 1311 560 1368 senex,
574 1286 666 1382 quod
677 1285 848 1380 paedidus,
863 1312 903 1357 ac
915 1287 1140 1382 podagrosus,

170 1397 269 1486 Quod
280 1421 436 1482 mancus,
450 1421 579 1479 macer,
592 1397 696 1481 exilis,
713 1422 791 1466 cum
802 1402 928 1466 ramice
941 1424 1075 1492 magno.

93 1561 97 1569 -
171 1513 204 1580 si
215 1534 294 1578 vero
305 1508 379 1590 des,
394 1509 485 1604 quod
499 1524 610 1602 rogat,
625 1524 659 1577 et
670 1512 698 1576 si
712 1509 856 1602 suggeri'
871 1534 1035 1605 suppum,

170 1625 294 1712 Magna
303 1644 412 1712 penus
424 1644 529 1713 parvo
541 1621 650 1712 spatio
661 1635 862 1712 consumpta
873 1621 1006 1713 peribit.

170 1735 292 1801 Omnia
302 1734 434 1802 viscatis
445 1729 600 1800 manibus
613 1728 717 1824 leget,
730 1733 844 1798 omnia
855 1749 981 1815 sumet;

169 1841 276 1912 Crede
286 1841 385 1925 mihi,
397 1865 514 1935 presse
525 1841 657 1910 auferet
667 1843 780 1908 omnia
784 1893 1006 1908 .......

645 1958 734 2021 VIII.

172 2067 258 2134 Huic
272 2066 402 2136 homini
413 2071 587 2154 Quaestore
599 2065 711 2161 aliquo
723 2083 775 2134 est
786 2091 888 2158 opus,
900 2067 1001 2162 atq‘ue
1013 2066 1173 2159 chorago,

172 2174 355 2244 Publicitus
367 2180 425 2272 qul
436 2187 499 2260 nrt,
512 2192 613 2271 atque
626 2201 645 2246 e
659 2177 741 2270 fisco
752 2175 902 2269 praebeat
911 2201 1044 2244 aurum.
1057 2225 1062 2230 „

171 2289 256 2353 Nam
269 2289 313 2370 si,
326 2284 418 2382 quod
431 2289 509 2356 satis
522 2303 573 2364 est
586 2287 728 2368 homini,
740 2286 775 2354 id
785 2289 865 2358 satis
877 2311 950 2355 esse
962 2290 1117 2380 potissct,

170 2400 244 2464 Hoc
253 2412 305 2464 set
315 2413 387 2464 erat
398 2425 405 2464 :
416 2421 508 2465 nunc
519 2421 626 2490 quum
638 2396 702 2465 hoc
713 2421 782 2465 non
795 2413 860 2480 est,
874 2407 933 2492 qul
945 2396 1103 2465 credimu’
1114 2421 1216 2491 porro

172 2507 309 2574 Divitias
323 2503 411 2574 ullas
422 2508 574 2574 animum
585 2517 633 2574 ml
648 2507 783 2602 explere
794 2512 949 2599 potesse?
1060 2559 1062 2566 ,

171 2620 324 2711 Denique
337 2620 385 2686 uti
397 2617 500 2686 stulto
513 2607 595 2686 nihil
610 2635 660 2687 est
670 2621 767 2701 satis,
781 2622 893 2686 omnia
904 2643 1011 2712 quum
1026 2621 1110 2684 sint:
1142 2606 1144 2610 ’

172 2729 224 2796 Sic
235 2743 273 2794 tu
283 2727 357 2797 illos
370 2729 500 2796 fructus
511 2753 658 2822 quaeras,
671 2728 813 2810 advorsa
826 2727 948 2820 hyeme
962 2727 1044 2796 olim

170 2840 273 2926 Queis
284 2842 335 2907 uti
346 2842 469 2933 possis,
482 2863 521 2908 ac
535 2837 700 2908 delectare
712 2838 804 2908 domi
815 2855 859 2908 te.
906 2887 908 2894 ·

170 2948 260 3043 Quid
273 2973 354 3018 vero
366 2965 432 3033 est,
445 2968 580 3020 centum
592 2975 631 3018 ac
642 2950 826 3019 ducentum
836 2949 1009 3043 possideas
1021 2952 1050 3018 si

171 3059 295 3142 Millia,
310 3056 432 3128 divitiis
444 3064 589 3153 pretium
602 3065 630 3128 si
645 3060 776 3145 solvere
789 3065 919 3130 nescis?

172 3171 263 3255 Quin
274 3174 386 3261 potius
398 3173 499 3239 vitam
511 3171 637 3264 degens
650 3171 776 3240 sedatu'
789 3175 953 3266 quietam,
967 3174 1001 3236 in

172 3278 410 3372 Tranquillum
420 3306 462 3350 ex
473 3286 571 3351 saevis
581 3299 616 3350 te
630 3281 876 3374 tempestatibu'
889 3281 1061 3364 transfers.

172 3499 261 3586 Quid
273 3501 408 3570 multis?
419 3526 520 3570 nemo
535 3519 585 3570 est
596 3501 766 3570 halicariu’
777 3503 942 3595 posterior
953 3518 997 3568 te.

75 3633 76 3636 ’
173 3616 234 3682 Est
244 3617 303 3709 qui
315 3617 585 3710 praeciso,atque
596 3613 705 3708 epulis
718 3616 869 3705 capiatur
880 3615 1016 3704 opimis,

174 3729 216 3791 Et
226 3749 314 3808 non,
326 3749 456 3819 pauper·
468 3731 517 3793 uti
524 3722 541 3810 ,‘
547 3729 669 3810 Samio,
683 3741 846 3820 curtoque
859 3728 984 3807 catino,

173 3843 281 3923 Quem
291 3839 474 3932 praeclarus
486 3837 620 3932 helops,
633 3861 734 3932 quem
746 3843 888 3930 AEgypto
902 3833 1010 3926 sargu’
1022 3830 1178 3901 movebit.

175 3953 208 4019 Si
218 3954 346 4043 argenti
358 3952 491 4044 indigus
505 3967 569 4033 est,
582 3974 618 4018 se
630 3950 764 4018 conficit
774 3953 844 4043 ipse
856 3945 1067 4041 comestque:

155 4063 208 4136 ,Si
222 4087 303 4131 vero
318 4062 393 4146 dae,
407 4062 498 4159 quod
510 4078 622 4155 rogat,
636 4079 669 4130 et
682 4064 711 4130 si
723 4058 864 4153 suggeri
877 4081 1044 4152 suppum,

174 4176 300 4264 Magna
311 4197 420 4265 penus
432 4198 537 4266 parvo
549 4175 656 4266 spatio
668 4186 867 4263 consumpta
878 4167 1007 4260 peribit.
1102 4183 1105 4196 '
