3148 4950
448 472 606 536 Puflstl
631 473 693 535 ET
716 472 994 538 JUVENALlS.
1178 473 1242 540 535
1267 529 1272 538 ,

202 598 525 688 elegantissimorum
556 598 815 691 principumque
845 600 992 666 virorum
1023 597 1245 670 familiaritate
1327 631 1330 640 ’

202 708 380 780 subactum
402 725 436 776 et
458 706 501 776 ad
525 707 725 778 hilaritatem
745 711 946 802 propensius
964 725 1059 794 erat,¹
1075 735 1178 804 quam
1201 711 1245 782 ad

201 807 524 912 gravitatemfldem
545 842 683 912 quoque
712 823 898 910 censoriam
919 820 1004 888 forte
1031 821 1245 904 acerbitatem

139 973 142 987 ι
201 933 273 1024 ipse
286 929 540 1014 reformidabat3
557 947 590 997 et
603 932 696 998 vario
711 953 823 998 rerum
838 955 903 1028 usu
918 933 1103 1025 intimaque
1119 949 1246 1022 naturas

202 1043 359 1112 humanm
372 1045 561 1134 cognitione
579 1042 728 1112 imbutus
743 1041 922 1126 didicerat,
938 1059 1011 1111 tum
1030 1045 1201 1112 erroribus
1214 1063 1247 1134 et

202 1156 305 1224 animi
316 1153 369 1222 vel
383 1153 517 1228 levitate
530 1153 582 1222 vel
595 1153 788 1222 infirmitate
800 1153 916 1245 plura,
932 1179 1034 1248 quam
1050 1153 1121 1248 ejus
1136 1159 1246 1248 pravi·

201 1284 287 1347 tate,
309 1268 400 1358 gigni
426 1268 520 1348 vitia,
545 1281 617 1342 tum
642 1264 748 1333 facilia
773 1265 920 1334 remedia
947 1289 1037 1358 saepe
1062 1261 1247 1336 salubriora

202 1399 275 1444 esse
293 1391 327 1447 et
343 1375 530 1447 efficaciora
552 1373 825 1464 vehementibus,
839 1389 912 1442 tum
936 1378 1040 1444 satius
1061 1399 1151 1457 esse,
1167 1391 1247 1447 tem

202 1489 275 1576 pori
288 1487 413 1554 servire
429 1501 463 1552 et
479 1505 590 1554 mores
611 1481 788 1550 hominum
807 1481 998 1566 humaniter
1015 1487 1247 1580 patienterque

201 1597 305 1678 ferre,
325 1619 428 1691 quam
446 1595 546 1662 nimis
565 1617 676 1662 acrem
698 1615 815 1662 eorum
835 1595 1144 1680 animadversorem
1160 1593 1248 1687 judi·

201 1729 343 1800 cemque
357 1729 512 1776 severum
527 1728 616 1786 esse,
631 1720 666 1772 et
682 1705 731 1772 sic
749 1706 859 1796 potius
872 1729 909 1774 se
925 1703 1051 1790 stultis,
1067 1713 1170 1799 quam
1186 1704 1247 1773 hos

201 1817 274 1888 aliis
299 1815 501 1886 deridendos
523 1798 702 1911 propinare
723 1814 835 1902 (conf.
856 1819 922 1886 Sat.
944 1821 973 1896 1,
1002 1839 1059 1900 ro,
1084 1817 1246 1906 7—15).

202 1929 284 2012 Quae
295 1935 400 2021 quum
414 1930 460 1996 ita
472 1942 601 2006 essent,
619 1912 775 1994 Horatius
786 1951 855 1994 non
870 1941 940 1994 tam
953 1928 1033 1994 vitia
1048 1943 1157 2007 notat,
1170 1949 1247 2018 quae
1306 2016 1311 2030 '

201 2035 334 2128 publice
351 2036 463 2106 adhuc
475 2034 729 2118 coercebantur,
749 2060 852 2130 quam
871 2035 1046 2107 stultitiam
1064 2055 1098 2104 et
1116 2059 1246 2105 errores

202 2147 383 2229 humanos,
398 2150 457 2242 qui
469 2150 577 2241 poenis
592 2170 661 2214 non
672 2161 843 2216 tenentur.
858 2151 973 2240 Neque
987 2143 1021 2214 id
1033 2147 1246 2238 potissimrun

136 2287 138 2290 ·
201 2260 283 2350 egit,
299 2273 336 2324 ut
346 2255 540 2326 hominihus
556 2254 657 2348 hujus
672 2259 735 2332 tevi
750 2255 803 2324 vel
820 2255 979 2336 ruborem
993 2255 1118 2339 eliciat,
1133 2256 1185 2322 vel
1202 2258 1247 2322 vi-

203 2385 244 2436 ue
260 2367 514 2462 officiorumque
525 2383 694 2459 proecepta
707 2365 872 2443 subtiliter
885 2369 1070 2459 graviterve
1084 2365 1244 2447 inculcet,

203 2503 301 2572 quam
313 2495 351 2547 ut
362 2503 420 2548 eos
432 2482 530 2561 scita,
547 2495 688 2548 venusta
701 2504 740 2548 ac
749 2476 901 2570 jucunda
913 2482 1041 2549 ratione
1054 2482 1245 2560 convincat,

201 2590 292 2679 ipsos
303 2613 372 2658 non
382 2588 464 2658 tales
474 2612 565 2671 esse,
578 2588 695 2682 quales
709 2588 813 2663 uideri
825 2591 979 2682 cupiant,
994 2611 1104 2682 neque
1121 2591 1177 2670 iis,
1190 2593 1247 2681 qui

203 2701 345 2790 sapiunt,
361 2701 535 2791 imponere
549 2698 713 2794 possevel
726 2699 880 2782 fraudem
891 2701 1002 2767 facere
1013 2709 1033 2766 ¹.
1048 2701 1135 2780 Hinc
1147 2700 1245 2784 etiam

239 2918 260 2953 1.
277 2901 365 2953 «vitia
380 2904 504 2953 immania
519 2915 612 2954 notare
625 2919 701 2952 suum
748 2902 824 2967 dere,
837 2914 863 2952 et
877 2900 932 2953 hac
949 2901 1039 2953 omnia
1057 2904 1109 2967 ito,
1127 2916 1156 2952 ut
1175 2900 1248 2952 nulla

201 2995 255 3028 non
268 2992 340 3045 arat,
350 2978 397 3030 sed
407 2979 605 3050 philosophiam
615 2979 702 3045 illem,
747 2981 864 3052 magistri
879 2984 1030 3044 severitate,
1043 2981 1117 3032 nullo
1130 2978 1248 3050 philoso-

201 3077 281 3129 quam
295 3077 349 3109 non
356 3059 500 3112 doctorum
509 3059 645 3126 formulis,
655 3057 702 3112 aad
746 3059 792 3129 phi
807 3058 1052 3130 supercilio‚·nullu
1066 3058 1139 3110 docti
1157 3061 1248 3128 cujus-

200 3136 281 3188 multa
296 3155 382 3190 rerum
393 3141 557 3208 experientia
569 3139 620 3190 sihi
629 3157 702 3190 oom-
746 3137 806 3192 dau
815 3141 993 3193 ostentatione
1003 3136 1191 3202 offenderetis,
1202 3134 1249 3191 sod

201 3229 353 3287 paraverat,
366 3229 461 3288 atqua
471 3219 500 3268 in
511 3217 635 3270 omnibus
646 3219 702 3270 vitre
743 3230 776 3270 at
789 3219 875 3271 amieo
891 3216 1007 3281 ludenti,
1022 3231 1069 3276 sut
1084 3218 1174 3288 potius
1187 3217 1250 3268 vari·

200 3294 702 3367 partibuspiusutilitatiahabet‚quam
747 3298 794 3350 tati
805 3297 873 3366 ipsi,
888 3295 982 3350 habitu
997 3296 1125 3367 cultuque
1136 3295 1248 3366 simplici

201 3377 319 3426 omnium
345 3373 565 3446 philosophorum
591 3375 702 3440 munia,
747 3378 1005 3442 stamoeno,multn
1023 3395 1084 3430 cum
1102 3376 1248 3433 urbanitate

200 3472 262 3506 cum
288 3452 345 3506 aliis
372 3453 457 3505 voluit
485 3455 701 3521 communicare,
744 3455 1000 3528 loquenti‚oparam
1011 3456 1076 3513 dara
1090 3456 1139 3513 tibi
1149 3456 1249 3513 videre-

200 3547 388 3606 praeceptaque
397 3553 443 3586 saa
458 3535 485 3586 in
498 3527 637 3587 hominurn
647 3535 702 3586 ani-
746 3537 790 3588 ris.
802 3537 838 3588 Ex
849 3535 902 3588 hoo
912 3537 1024 3590 oonsilio
1035 3552 1060 3590 ot
1070 3535 1186 3603 ratione,
1196 3556 1248 3609 qna

201 3631 258 3668 rnoa
276 3633 337 3668 cam
358 3633 451 3667 eorum
469 3613 605 3686 voluptate
625 3613 702 3666 indu·
746 3614 774 3667 id
789 3631 965 3687 persequutus
978 3619 1028 3684 sit,
1041 3619 1064 3670 ai
1078 3635 1139 3670 eum
1148 3617 1250 3687 judiea-

201 3711 277 3746 cere=
303 3694 387 3746 voluit
413 3693 530 3761 dooere,
553 3697 702 3762 iustruere,
747 3693 1248 3766 ueris,palmarnsana.omoibus‚qui

201 3792 317 3841 errores,
328 3772 703 3846 quibuaenimiopprirneren-
745 3773 774 3823 in
789 3771 841 3824 hoc
860 3791 956 3844 genere
975 3792 1035 3827 etun
1050 3773 1248 3842 aequanimus,

202 3853 392 3919 concaedere,
409 3855 549 3927 op'mionas
565 3855 701 3906 hominum
747 3851 897 3921 praeripiet,
911 3869 968 3927 non
988 3848 1094 3922 quidem
1111 3844 1248 3912 iuvenali,

202 3950 295 4000 pravas
308 3947 333 3986 st
345 3947 445 3986 temere
457 3947 579 4004 aocaptas
593 3931 702 4000 tollere,
747 3931 792 3999 qui
801 3928 872 3980 aliud
888 3943 915 3980 et
929 3929 1006 4000 plane
1018 3927 1150 3980 diversum
1162 3926 1249 3977 cousi·

202 4023 247 4061 aut
261 4013 400 4065 emendare
415 4015 558 4078 rationem,
569 4031 620 4082 qua
632 4013 702 4083 opti·
746 4010 811 4062 hum
825 4009 875 4062 alia
891 4022 916 4062 et
928 4009 1030 4062 diversa
1044 4007 1146 4064 ratioet
1158 4022 1247 4075 perst-

203 4105 261 4152 ms,
272 4106 377 4157 secure,
386 4089 543 4162 tranquille,
554 4089 665 4142 honesta
676 4103 702 4142 et
748 4102 846 4158 qnutus
857 4101 905 4140 est.
917 4091 977 4141 Non
989 4085 1075 4156 magis,
1084 4080 1248 4138 vorumilhrd

202 4164 405 4238 cumvoluptate
416 4170 503 4221 vivers
514 4170 702 4240 pessimantes·
745 4168 865 4222 videtur-s
876 4166 1200 4233 Horatiauamratiouem,
1211 4166 1249 4216 ri·
