2986 4924
353 485 402 549 nt
426 486 639 576 stTIRAM
661 490 901 572 QUINTAM.
1085 497 1150 564 215

100 613 170 665 theu.
182 640 220 652 -
231 612 328 666 ector
335 611 406 664 euim
412 612 561 682 juvenum
572 611 700 666 translata
713 616 864 685 expressio,
876 630 907 668 ut
918 635 953 669 ee
965 637 1024 689 quse
1038 638 1152 691 sequun-

99 707 152 757 tur,
164 690 200 744 ab
212 693 282 764 agris
291 689 427 756 colendis,
439 701 465 742 et
474 689 553 762 longe
564 691 701 746 honestior
713 713 792 766 quam
805 697 827 748 si
837 695 944 751 dixisset
956 717 962 747 ι
975 699 1098 770 magister
1109 721 1152 770 es,

99 769 819 842 susprssoeptor.-Pssrpatnsussres;antequamseminn
826 775 987 845 injiciantur,
995 792 1156 851 eapurqatur

98 847 259 923 agerherhis
267 850 399 904 sterilibus
406 853 533 904 etnosiisr
543 853 660 907 eic‘vitiis
665 855 779 919 enimn,
787 873 874 922 aures,
884 871 1028 928 antequem
1035 858 1153 914 tradatur

97 928 230 984 domina.
241 932 381 984 -Iusest's
388 929 470 1004 [ηιμ
482 931 625 985 Cleanthea
632 955 642 996 ,-
652 937 793 1006 preceptis
806 953 885 988 ornas
899 936 1091 1011 philosophie,
1107 939 1151 994 scd

97 1010 210 1082 ligurem
231 1013 380 1064 continent.
399 1012 451 1064 Pro
469 1011 641 1086 philosophia
662 1029 751 1068 autem
770 1013 836 1068 dixit
848 1017 930 1091 fraqe
947 1018 1102 1088 Cleanthea,
1120 1043 1153 1076 eo

98 1090 172 1162 quod
194 1091 328 1145 Cornutus
350 1105 408 1145 erat
433 1091 557 1146 eschola
580 1095 745 1164 Stoicorum,
768 1099 845 1167 cnjus
864 1098 935 1151 inter
956 1101 1091 1173 principes
1108 1102 1153 1156 ille

99 1170 240 1225 Cleanthes
259 1171 445 1226 celeberrimus
458 1174 573 1226 Zenonis
587 1173 732 1247 discipulus
747 1190 774 1228 et
786 1196 938 1245 successor,
952 1183 1078 1251 magister
1088 1202 1152 1237 vero

95 1249 249 1324 Chrysippi.
263 1251 303 1304 De
316 1251 437 1304 Cleanth.
450 1252 510 1304 Vid.
522 1255 628 1327 manag.
641 1255 676 1307 ad
687 1257 801 1326 Diogen.
818 1258 906 1312 Laert.
919 1260 981 1327 Vll,
998 1261 1065 1330 168,
1079 1282 1151 1335 sqq.;

95 1327 180 1380 (iuer.
189 1327 416 1396 AcadQueetl,
425 1328 468 1396 lu
477 1331 571 1384 Eumd.
580 1333 687 1386 DeNut.
699 1333 781 1386 Deor.
789 1335 814 1404 1,
822 1335 1110 1415 37.-Translationee
1118 1342 1151 1394 ah

95 1407 262 1480 agricultura
292 1408 325 1462 ad
354 1410 549 1463 institutionem
572 1410 645 1483 apud
668 1415 792 1485 antiquos
812 1415 1040 1486 frequentissime.
1066 1420 1150 1474 Cicer.

93 1487 208 1544 Tnsenl.
217 1487 371 1560 Questlih.
384 1490 422 1557 ΙΙ,
432 1509 492 1562 cap.
507 1491 549 1545 132
562 1491 691 1545 «Cultura
704 1497 783 1547 animi
790 1493 961 1569 philosophia
972 1510 1025 1566 est,
1038 1519 1095 1573 qun
1106 1520 1150 1554 ex-

93 1569 174 1624 trahit
183 1574 250 1624 vitia
265 1570 406 1639 radicitus,
424 1585 451 1626 et
464 1587 596 1646 preparat
614 1576 720 1628 animos
731 1575 767 1628 sd
776 1590 850 1630 satus
863 1578 1051 1651 accipiendos,
1065 1601 1149 1656 esque

94 1651 207 1706 mandat
222 1651 284 1720 his,
303 1668 343 1721 et,
361 1667 392 1706 ut
411 1655 448 1706 its
467 1653 569 1722 dicam,
591 1657 669 1723 serit,
688 1675 744 1729 quse
763 1657 855 1712 adulta
876 1661 979 1714 fructus
1003 1661 1150 1717 uberrimos

91 1733 191 1785 ferent.
204 1757 216 1780 ι
228 1731 364 1787 Plutarch.
377 1735 407 1786 in
419 1733 488 1787 lihro
500 1735 534 1788 de
544 1735 656 1790 Educet.
668 1755 827 1810 puerorum.

125 1854 197 1907 Nor.
211 1853 265 1922 64,
277 1855 321 1908 65.
334 1857 420 1910 Petite
431 1857 509 1924 hinc,
516 1860 679 1933 juvenesque
692 1879 826 1933 senesque,
841 1864 933 1916 Finem
948 1865 1039 1920 estimo
1052 1878 1149 1920 certum

92 1933 243 2007 miserisque
256 1936 352 1988 viatica
366 1937 446 1990 cunis.
462 1967 498 1978 -
511 1938 600 1998 Itium·
615 1957 629 1991 e
643 1935 828 2012 philosophia,
843 1961 858 1994 e
874 1939 968 1996 schola
980 1945 1099 1999 Cornuti.
1113 1975 1149 1984 -

93 2011 180 2065 l’ets'te
183 2017 347 2088 juvenesque
361 2034 483 2089 amesque
490 2038 500 2078 ‚·
515 2019 552 2069 sic
562 2019 655 2069 Horat.
667 2016 778 2090 Epistol.
790 2021 815 2085 1,
833 2039 860 2086 1,
874 2020 922 2074 26:

298 2149 823 2212 maneamnpmmnrsuqmoeoo.

93 2291 128 2304 -
159 2284 231 2318 ruem
245 2269 337 2320 animo
348 2281 447 2322 certum
456 2291 466 2332 ,·
476 2272 601 2343 princeps
613 2270 788 2344 philosophie
804 2277 913 2348 questio
926 2290 981 2328 erat
994 2275 1067 2349 apud
1079 2280 1148 2330 anti·

92 2363 177 2417 qnos,
192 2351 328 2420 precipuo
344 2350 417 2422 apud
433 2350 550 2420 Stoicos,
566 2351 600 2406 de
619 2351 780 2407 stabiliendo
798 2369 873 2408 recto
889 2355 957 2418 6ne;
976 2356 1010 2410 de
1025 2377 1079 2431 quo
1090 2362 1145 2431 jam

92 2425 215 2496 superius
230 2427 296 2481 dixit
310 2429 382 2482 Pers.
396 2431 447 2498 ΙΙΙ,
462 2431 498 2485 60
506 2454 513 2484 :

296 2551 333 2595 Est
342 2551 425 2608 iuquit
433 2566 478 2610 quo
488 2555 568 2608 tendis,
577 2561 599 2598 et
610 2555 634 2598 in
642 2553 702 2610 quod
711 2552 785 2610 dirigis
794 2567 878 2598 mum.

91 2657 184 2712 Senon.
200 2661 283 2734 Epist.
298 2661 332 2733 75
346 2685 353 2716 ε
371 2665 453 2718 ewra
464 2667 521 2721 siue
536 2685 621 2740 scopo
638 2683 714 2736 vagu.
726 2688 737 2714 s
751 2695 788 2706 -
799 2666 870 2719 Scire
881 2667 977 2738 dehet,
992 2669 1056 2743 quid
1069 2687 1143 2746 petet

90 2735 153 2805 ille,
172 2741 219 2811 qui
236 2743 361 2812 sagittam
380 2743 438 2796 vult
455 2747 576 2816 mittere,
596 2761 624 2802 et
641 2760 707 2801 tunc
723 2742 837 2817 dirigere
854 2758 881 2798 θῑ
896 2752 1027 2806 moderari
1042 2752 1142 2816 telum

89 2830 187 2870 emant
200 2821 308 2874 consilia
321 2836 429 2890 nostru,
444 2827 508 2897 quie
519 2846 575 2880 non
585 2826 687 2891 hubent
697 2859 751 2912 quo
763 2840 940 2914 dirigamur,-
954 2835 1045 2888 Horat.
1057 2836 1153 2907 Epist·

88 2901 101 2952 l
108 2935 117 2964 ,
130 2917 164 2963 n,
175 2901 211 2954 56
219 2921 227 2952 s
235 2903 336 2956 Certsun
346 2919 410 2958 voto
422 2905 777 2994 peteflnm-miserisque
788 2923 883 2976 viatica
894 2924 968 2978 canis
972 2943 983 2984 ,-
993 2919 1058 2973 dixit
1064 2939 1142 2975 canos

88 2997 139 3050 pro
148 2984 408 3047 senectute3misesis
414 3024 423 3052 ,
432 2990 494 3059 quis
501 3005 623 3046 senectus
629 2995 712 3053 hahet
717 2999 832 3056 multum
840 3006 1013 3058 miseriarum.
1024 3004 1141 3064 Victrice,-

90 3073 162 3114 vetus
178 3075 220 3114 est
233 3062 394 3136 metaphora
407 3066 441 3120 de
450 3071 637 3142 comparandis
651 3080 709 3131 rite
723 3092 750 3133 et
762 3084 894 3136 senectuti
905 3083 991 3136 honis.
1004 3081 1140 3134 Trihuitur

89 3137 145 3192 hsrc
155 3157 209 3224 sup
222 3141 375 3215 Aristoteli,
390 3160 432 3214 et,
446 3162 477 3200 ut
497 3149 555 3203 aliis
571 3151 660 3224 placet
678 3159 786 3214 Biantis
809 3161 824 3214 ri
844 3163 944 3216 wealde
963 3148 1087 3216 sinum
1107 3159 1142 3229 «τᾷ

88 3215 148 3287 ili!
161 3220 253 3280 ierim
268 3221 410 3293 (doctrina
424 3230 556 3298 optimum
568 3241 698 3290 senectuti
710 3243 861 3316 viaticum.)
874 3243 935 3296 Vid.
947 3243 1032 3294 Laert.
1050 3240 1097 3295 lih.
1112 3243 1124 3293 Ι
1132 3262 1139 3304 ;

89 3299 172 3390 Cicer.
184 3304 225 3354 De
235 3304 328 3357 Sencc.
343 3322 406 3361 sect.
422 3327 449 3379 9.
462 3310 595 3366 Vestinum
609 3313 720 3386 dicitur,
732 3321 758 3373 id
772 3340 851 3376 omne
860 3323 932 3397 qnod
945 3323 979 3377 ed
989 3299 1159 3378 faciendum·

89 3391 137 3431 iter
148 3393 190 3432 est
201 3385 393 3438 neceesarium:
407 3387 470 3441 inde
481 3390 618 3446 concludit
631 3415 680 3450 noe
693 3400 722 3450 in
736 3397 788 3453 hac
806 3403 860 3456 vita
873 3404 1048 3474 peregrinari,
1063 3415 1089 3455 et
1105 3404 1140 3456 sd

91 3456 187 3532 aliquid
199 3461 294 3516 melius
305 3463 422 3520 tendere.

117 3601 178 3648 Vsu.
195 3602 241 3660 66,
254 3603 294 3668 67.
305 3606 362 3654 crus
373 3605 471 3670 hocfiet.
481 3635 512 3646 ·-
521 3611 584 3658 idem
596 3616 702 3678 rsusfiet.
711 3643 743 3654 -
752 3617 825 3677 Quid,
840 3622 908 3684 quari
917 3623 1139 3688 maynumiNemps

89 3674 143 3720 dien
153 3675 237 3722 dorsus⁸
249 3703 280 3714 -
288 3679 342 3725 Edit
354 3679 431 3728 MMS.
443 3682 522 3730 Codex
536 3683 598 3742 tots
610 3702 616 3734 s
633 3689 689 3736 Cius
699 3687 803 3753 loom
820 3693 859 3739 eui
872 3693 1060 3755 anteponendum
1072 3695 1139 3742 vide·

90 3745 203 3793 turlectio
219 3760 358 3798 cremum
373 3755 584 3817 manuscriptorum
600 3768 624 3806 et
637 3757 846 3810 laudatissimorum
865 3761 1011 3812 editionum:
1024 3764 1080 3812 em
1096 3764 1137 3813 hoc

86 3817 133 3875 fiet
142 3817 242 3881 Reliqua
252 3836 307 3882 pars
316 3836 411 3870 tersus:
434 3825 492 3889 quid
503 3831 572 3890 quasi
579 3845 689 3894 meyerum
705 3847 752 3878 non
765 3849 814 3880 uno
825 3835 896 3881 modo
905 3836 1039 3898 interpuupi
1052 3846 1136 3900 potest.

91 3889 124 3934 sir
134 3889 192 3936 iacit
204 3891 356 3940 Cauchonns
369 3895 466 3954 :Qum
477 3903 546 3962 quusi
558 3917 665 3967 magnum
681 3920 760 3969 nempe
775 3907 835 3954 diem
851 3907 930 3954 donus.
947 3910 1024 3972 Atque
1042 3907 1139 3971 explicat

89 3959 140 4018 quid
149 3976 193 4021 per
208 3961 267 4024 quid
280 3976 361 4026 postea
375 3967 431 4030 quid
439 3967 550 4029 proinde,
564 3987 611 4033 quo
621 3988 689 4020 sensu
700 3988 760 4037 sepe
775 3979 859 4040 saepius
871 3979 970 4024 recurrit
982 3977 1045 4040 apud
1067 3979 1136 4024 Cice·

91 4043 169 4075 runem
178 4041 202 4077 et
212 4031 381 4093 probatissinrae
394 4035 513 4085 latinitatis
529 4052 643 4090 suctores.
658 4044 737 4092 Graece
747 4046 793 4094 hoc
804 4048 867 4094 idem
876 4047 960 4094 dicitur
970 4063 976 4092 ε
990 4045 1055 4094 οὐδὲν
1071 4051 1137 4110 παρὰ

90 4100 166 4146 ruico.
180 4126 210 4135 -
222 4101 311 4150 Placuit
328 4108 401 4168 magis
415 4107 494 4172 legere
509 4125 562 4156 cum
580 4113 684 4175 Koenig:
705 4117 778 4175 Quid,
797 4121 864 4182 quasi
876 4121 1001 4183 mupnnm?
1011 4117 1144 4166 subsudito.

91 4167 166 4216 dctus.
181 4172 217 4218 stc
226 4171 318 4222 ridetur
326 4175 400 4226 tuere
410 4181 556 4228 commodius
567 4194 634 4230 tenor
644 4187 762 4232 orationis.
