2986 4924
358 451 418 537 ηε
672 447 858 512 slrrnra
881 447 1082 532 Qumrn

350 575 437 634 ribus
450 570 558 656 paras?
571 570 637 631 noli
647 571 819 653 quidquam
832 571 956 652 aggredi
969 571 1128 653 turgidum
1140 586 1171 633 et
1182 573 1269 634 inani
1279 586 1397 636 tumens

349 671 515 732 verborum
525 681 692 751 apparatu3
704 669 891 730 modestiora
901 689 1008 745 canas,
1019 690 1110 752 perge
1119 691 1222 732 mores
1234 670 1397 732 describere
1452 661 1455 666 Δ

348 769 531 844 bominum,
543 789 607 850 quo
621 770 654 826 in
666 789 776 848 genere
788 789 851 828 non
864 789 894 828 es
906 766 1062 840 inficetus3
1078 769 1294 852 ampullasque
1308 792 1342 832 ac
1353 792 1398 831 ne·

347 867 437 928 bulas
451 866 593 948 relinque
607 865 735 947 ineptis,
749 867 784 940 5,
804 867 848 924 28.
864 897 902 912 -
921 865 991 924 Non
1007 863 1171 945 equidem,
1190 868 1316 948 reponit
1329 869 1398 928 Per·

347 967 427 1042 tius,
449 963 523 1025 huic
541 962 647 1024 studeo
667 964 814 1037 vanitari3
834 961 890 1022 tibi
909 963 1053 1022 animum
1071 962 1156 1024 hunc
1175 965 1337 1026 ostendere
1353 987 1398 1027 ve·

347 1063 421 1139 lim,
438 1084 532 1146 quam
554 1075 658 1144 gratus
677 1063 733 1137 sit,
755 1081 849 1142 quam
864 1061 912 1120 tui
928 1063 1053 1122 amans!
1072 1060 1119 1121 his
1133 1082 1191 1144 ego
1207 1062 1397 1146 proferendis

347 1160 485 1220 sensibus
501 1173 626 1219 centum
646 1174 823 1241 exoptarem
836 1179 900 1218 esse
918 1155 996 1217 mibi
1012 1179 1116 1235 voces,
1137 1182 1185 1240 19,
1201 1181 1248 1242 29.
1264 1195 1303 1208 -
1321 1163 1397 1224 Tum

345 1274 480 1335 revocat,
495 1279 559 1340 quo
571 1279 603 1318 se
615 1261 717 1341 patrio
730 1279 837 1318 amore
848 1257 1027 1340 complexus
1039 1255 1133 1319 luerit
1145 1260 1319 1336 Cornutus,
1332 1264 1396 1343 qui·

344 1355 404 1416 bus
415 1355 563 1416 erudierit
575 1355 752 1438 praeceptis,
768 1355 825 1433 30,
838 1353 887 1431 qo.
902 1391 941 1400 -
956 1354 1184 1416 Familiaritatis
1198 1377 1327 1440 quoque
1339 1381 1395 1420 me·

345 1455 451 1531 minit,
466 1474 535 1536 quae
550 1453 606 1514 sibi
622 1452 715 1514 fuerit
725 1475 796 1514 cum
808 1454 971 1535 magistro,
986 1454 1224 1535 communisque
1233 1453 1396 1516 amborum

344 1553 431 1628 vite,
448 1569 518 1633 quaa
533 1551 693 1610 communi
712 1548 809 1610 sidere
823 1548 894 1610 duci
909 1545 1194 1625 videatur,41,51.
1209 1584 1249 1595 -
1264 1550 1342 1611 lude
1354 1574 1397 1612 re·

343 1650 432 1734 spicit
446 1649 485 1710 ad
500 1663 683 1710 caeterorum
697 1647 862 1710 bominum
878 1649 977 1724 vitas,
996 1647 1050 1730 qui
1069 1647 1117 1708 vel
1135 1647 1275 1712 Fortunae
1292 1649 1397 1728 bonis,

332 1747 390 1834 ¹vel
405 1748 542 1832 corporis
557 1745 772 1830 voluptatibus
788 1745 1025 1828 mancipantur,
1046 1745 1104 1821 52,
1122 1747 1177 1820 62.
1193 1781 1232 1792 -
1253 1748 1397 1825 Quorum

342 1845 450 1907 studiis
466 1847 599 1929 opponit
612 1843 713 1905 studia
730 1845 910 1930 sapientiae,
931 1865 1000 1927 quae
1020 1842 1203 1926 pmfiteatur
1220 1846 1397 1924 Cornutus,

342 1955 373 2002 et
386 1942 499 2024 quibus
513 1945 578 2026 ipse
593 1963 656 2002 sese
673 1941 843 2016 dediderit3
856 1939 918 2002 hoc
935 1941 1016 2001 idern
1035 1942 1093 2001 sibi
1110 1942 1295 2025 provideant
1309 1942 1396 2025 juve·

342 2060 410 2115 nes,
423 2039 544 2100 sublata
557 2060 632 2100 voce
643 2037 801 2115 bortatur,
814 2041 871 2114 62,
885 2060 932 2121 72.
945 2042 1052 2099 -Per
1064 2037 1124 2100 boe
1137 2039 1351 2101 felicissimum
1363 2063 1396 2102 ac

342 2138 437 2221 paulo
456 2137 555 2199 fusius
573 2139 782 2222 prooemium,
803 2139 944 2224 pervenit
959 2136 996 2196 ad
1018 2139 1119 2220 ipsum
1135 2139 1287 2197 sermonis
1306 2135 1396 2220 hujus

341 2249 578 2317 argumentum,
591 2235 813 2319 depromptum
826 2256 842 2294 e
854 2244 1023 2295 stoicorum
1038 2232 1167 2293 scholis:
1182 2237 1329 2294 neminem
1342 2238 1397 2294 nisi

340 2337 498 2416 sapientem
510 2355 567 2393 esse
579 2332 716 2408 liberum,
729 2335 896 2416 insipientes
906 2353 1007 2393 emises
1020 2353 1112 2392 seruos
1126 2353 1193 2392 esse.
1206 2334 1248 2391 Ac
1260 2334 1396 2414 primum

341 2431 484 2493 confutat
496 2453 606 2492 eorttm
621 2453 777 2510 errorem,
789 2433 843 2516 qui
857 2432 997 2492 nesciant
1011 2450 1115 2490 veram
1131 2429 1323 2503 libertatem,
1341 2431 1396 2513 qui

341 2528 514 2592 libertatern
529 2545 651 2613 ponant
670 2534 701 2590 in
714 2528 784 2614 jure
798 2531 945 2607 civitatis,
959 2528 992 2588 in
1012 2541 1162 2612 potestate
1178 2527 1287 2609 agendi
1303 2542 1397 2610 prout

339 2626 483 2704 libuerit,
497 2626 580 2688 salva
596 2628 691 2690 modo
706 2628 809 2710 legum
823 2628 1010 2703 reverentia,
1028 2627 1082 2710 73,
1098 2647 1147 2708 9⁰·
1160 2661 1199 2672 -
1211 2627 1289 2704 Quae
1301 2648 1396 2710 porro

339 2739 385 2787 est
401 2748 472 2806 vera
489 2726 635 2787 libertas?
651 2727 747 2786 Docet
764 2748 873 2786 eorum
888 2726 1015 2786 demum
1032 2746 1112 2800 esse,
1127 2728 1181 2806 qui
1195 2725 1293 2784 sciant
1309 2726 1396 2786 insti·

340 2835 427 2882 tuere
441 2825 511 2883 vitae
525 2824 699 2897 rationem,
719 2836 749 2882 et
767 2821 899 2882 modum
919 2823 1082 2904 imponere
1097 2822 1197 2897 votis,
1217 2834 1247 2880 ct
1261 2821 1396 2905 simplici
1443 2895 1447 2905 Ι

338 2918 424 2980 cultu
440 2921 554 2995 vivere,
569 2933 598 2980 et
613 2939 722 3001 parcos
734 2940 811 2995 esse,
827 2940 927 3000 neque
943 2941 1048 2980 rursus
1061 2939 1188 2990 avaros3
1203 2938 1268 2977 uno
1280 2919 1396 2994 verbo,

339 3016 429 3078 docet
448 3017 622 3077 libertatem
638 3018 731 3077 unius
745 3039 807 3077 esse
822 3018 986 3100 sapientis,
1001 3039 1054 3099 91,
1072 3038 1137 3077 222.
1154 3052 1192 3062 -
1212 3018 1250 3074 At
1268 3037 1341 3076 vero
1361 3039 1395 3078 ea

338 3128 383 3174 est
392 3115 559 3197 sapientia,
570 3133 640 3197 quae
651 3115 829 3175 moderetur
839 3117 973 3177 omnino
984 3136 1092 3176 omnes
1104 3116 1174 3174 vitre
1185 3128 1285 3188 actus,
1295 3135 1396 3195 neque

338 3209 402 3270 ulla
424 3213 456 3270 in
478 3232 510 3270 re
532 3211 579 3271 vel
602 3212 734 3272 minima
751 3211 932 3294 delinquere
953 3234 1011 3273 nos
1034 3212 1188 3294 patiatur;
1208 3209 1396 3290 (perlectum

339 3328 453 3390 nempe
464 3309 633 3391 sapientem
645 3329 736 3372 suurn
749 3310 837 3369 stoici
849 3331 912 3372 esse
927 3307 1090 3389 volebant)
1107 3310 1183 3381 113,
1192 3328 1200 3365 2
1210 3304 1256 3380 alt.
1272 3341 1312 3354 -
1323 3309 1395 3368 Jam

338 3425 427 3480 vero,
448 3407 611 3490 principiis
633 3408 676 3466 ita
695 3407 887 3482 constitutis,
908 3404 985 3488 quid
1007 3417 1212 3486 consequatur
1233 3401 1326 3465 facile
1341 3404 1396 3465 de·
1470 3437 1472 3484 4

335 3501 439 3576 ducit,
453 3502 643 3587 alteramque
660 3517 780 3586 partem
797 3505 950 3585 ingressus
969 3501 1201 3585 disputationis,
1216 3500 1396 3583 insipientes

337 3597 622 3679 cupiditatibusque
635 3602 826 3682 mancipatos
840 3599 982 3660 homines
995 3619 1061 3658 non
1075 3598 1179 3658 minus
1192 3595 1278 3655 durae
1290 3598 1396 3679 arguit

335 3695 504 3771 servitutis,
516 3717 611 3776 quam
622 3699 676 3778 qui
689 3699 766 3758 servi
778 3698 939 3776 dicuntur,
958 3700 1029 3773 225,
1044 3697 1077 3758 23
1086 3721 1108 3757 2.
1119 3732 1158 3744 -
1167 3701 1248 3760 Tum
1260 3711 1396 3757 recenset

337 3793 422 3852 varia
438 3813 550 3874 genera
568 3795 739 3871 servitutis,
753 3794 784 3856 h.
798 3817 824 3856 e.
837 3797 936 3856 varias
949 3796 1062 3876 quibus
1077 3795 1262 3857 inservimus
1274 3793 1396 3876 cupidi·

334 3904 431 3952 tates:
454 3899 492 3952 1⁰.
506 3893 688 3969 Avaritiam,
706 3915 775 3976 qum
794 3915 850 3978 per
867 3896 977 3954 itinera
991 3908 1021 3955 et
1037 3893 1158 3956 labores
1170 3895 1292 3956 lucrum
1304 3892 1395 3975 jubet
1415 3941 1422 3952 .

334 3989 500 4068 faciamus,
517 3994 590 4069 232,
609 3990 673 4056 2ίι2.
691 4027 729 4040 -
746 4003 789 4055 2⁰.
804 3995 992 4070 Luxuriam,
1013 4014 1083 4077 quae
1104 3994 1137 4054 in
1157 3997 1221 4055 otio
1243 3992 1393 4074 degamus

332 4085 533 4164 adhortatur,
557 4088 629 4164 242,
648 4089 712 4151 153.
735 4125 773 4136 -
795 4092 837 4151 3⁰.
859 4093 1020 4167 Amorem,
1038 4090 1087 4150 cui
1106 4102 1141 4149 ut
1160 4088 1252 4150 semel
1274 4090 1392 4150 resista·
