3038 4932
396 515 457 578 nu
479 513 579 578 cun
603 513 792 578 Lucrun
810 469 941 578 nrt..
1125 541 1192 610 ²99

148 663 201 704 ors
211 641 394 722 loquuntur.
404 639 540 700 liaberet
552 639 586 700 in
595 660 657 721 quo
672 661 702 700 se
716 651 866 720 tanquam
876 641 910 698 in
922 641 1044 722 speculo
1057 656 1193 706 contem-
1228 710 1231 718 ,

148 740 286 821 piaretur
298 737 364 798 hac
378 749 466 813 atas,
478 739 630 798 virtutum
645 739 762 815 inanis,
779 738 924 798 vitiorum
940 736 1139 802 fertilissima.
1150 769 1166 798 u

187 834 281 894 Juvat
296 835 389 893 etiam
407 832 515 892 audire
529 833 711 894 Turnebum
729 832 953 909 Adversarius,
971 833 1025 895 lib.
1044 837 1192 914 xxviii,

147 951 215 1012 cap.
231 951 269 1010 9,
284 930 327 989 sic
343 928 527 990 scribentem
539 953 547 987 ι
561 931 694 991 «Versus
708 928 819 990 Lucilii
833 929 898 1011 ipsa
916 931 1061 994 uarietate
1075 945 1104 992 ct
1117 953 1194 1014 pau-

146 1029 237 1088 citate
251 1027 436 1093 suavitatem
452 1041 701 1108 consequanturr
718 1038 753 1086 ut
766 1047 927 1108 quum-eos
939 1030 975 1087 in
988 1032 1194 1110 grammaticis

147 1124 340 1205 reperimus,
367 1122 567 1186 libentissime
592 1122 849 1204 cupidissimisque
871 1123 1106 1205 amplectamur.
1130 1127 1194 1186 Etsi

146 1221 233 1284 euim
242 1220 380 1282 versibus
389 1220 524 1282 aliorum
537 1231 698 1302 poetarum
711 1220 918 1284 contendendi
931 1224 1195 1304 comparandique

146 1329 212 1379 nou
223 1330 313 1381 sunt:
329 1327 433 1378 tamen
451 1316 587 1398 quadum
601 1316 741 1377 illecebra
756 1329 786 1376 et
797 1317 979 1379 inritatione
996 1340 1053 1379 nos
1068 1321 1195 1402 capiunt

146 1429 177 1474 ct
191 1414 358 1482 deliniunt.
745 1474 748 1482 .
918 1457 920 1462 ·
966 1465 970 1477 .

186 1513 278 1595 Apud
293 1512 429 1578 Gallicos
441 1514 616 1594 scriptores,
630 1514 793 1574 satirarum
808 1516 872 1595 ipse
885 1517 1031 1598 scriptor,
1047 1519 1115 1578 Nic.
1128 1520 1197 1595 qu·

147 1609 214 1670 cau
233 1611 308 1673 satis
324 1608 393 1670 fuse
404 1610 545 1691 loquitur
565 1609 604 1670 de
621 1611 757 1686 Lucilio,
775 1611 1023 1689 Discoursusurla
1040 1615 1151 1686 Sutioe3
1166 1629 1196 1672 et

146 1719 310 1787 praterea,
324 1707 381 1768 Art
390 1709 537 1789 postique,
551 1706 645 1770 chant
657 1708 702 1784 11,
716 1729 759 1770 vs.
778 1705 833 1784 146
846 1729 891 1789 sq.

339 1837 418 1884 Locris
430 1838 452 1884 ie
463 1839 563 1901 premier
575 1855 614 1886 osa
626 1839 648 1885 ls
660 1839 717 1886 fait-s
727 1843 791 1896 voir,
807 1839 844 1900 (iu
853 1841 944 1902 suc'rc.)

334 1911 386 1957 on
396 1913 456 1957 vices
465 1911 507 1956 des
519 1913 628 1958 Romaim
638 1913 742 1975 priscum
753 1913 775 1960 la
787 1915 881 1971 miroir,

333 1981 426 2042 Veugea
436 1979 545 2026 l'humbic
555 1995 621 2028 vcnu
631 1981 660 2028 de
669 1981 691 2026 la
702 1981 802 2028 richesae
813 1982 905 2040 aldire,

335 2055 362 2098 lit
370 2051 486 2100 l'houuite
495 2053 588 2098 homme
598 2057 610 2098 i
620 2053 674 2116 picd
685 2054 717 2100 du
728 2055 808 2117 iaqniu
817 2071 846 2101 en
855 2055 935 2102 liuere.

185 2165 212 2223 E
223 2166 400 2240 contrario,
413 2166 563 2226 infensior
574 2167 693 2228 Lucilio
706 2167 829 2228 videtur
837 2168 986 2250 Scaliger,
1000 2169 1054 2250 qui
1069 2164 1124 2228 lib.
1139 2171 1197 2243 Vl,

147 2263 297 2338 Poetices‚
312 2283 378 2346 cap.
398 2285 433 2345 7,
450 2284 548 2344 quum
565 2285 600 2324 ex
613 2267 745 2325 Horatio
758 2267 927 2348 protulerat
945 2266 1100 2330 Lucilium
1116 2266 1192 2328 lutu-

148 2358 259 2421 lentum
267 2347 373 2440 fluctu,
388 2381 460 2420 eum
474 2383 511 2421 ne
515 2360 610 2444 fluere
624 2361 741 2442 quidem
754 2376 865 2422 censet.

187 2456 342 2517 Claudent
360 2457 476 2540 optime
490 2457 682 2538 judiciorum
697 2459 736 2518 de
754 2458 872 2520 Lucilio
887 2459 1024 2520 latorum
1042 2481 1195 2540 summam

146 2575 182 2613 ea
198 2575 269 2636 quae
286 2555 408 2636 scripsit
428 2555 473 2615 Cl.
494 2557 531 2615 V.
545 2557 727 2638 Rupertius,
743 2553 781 2618 <le
797 2557 901 2616 Satiris
920 2554 1043 2632 Lucilii,
1059 2540 1196 2634 Horatii,

148 2653 245 2714 Persii
265 2667 295 2714 et
306 2655 481 2730 luvenalis,
496 2656 576 2715 iuter
588 2677 618 2715 se
632 2657 828 2738 comparatis.
846 2654 914 2717 Vid.
927 2656 1017 2716 initio
1033 2652 1125 2735 hujus
1141 2676 1196 2715 vo-

147 2748 287 2810 luminis.
485 2811 488 2817 ,
506 2745 511 2752 '
675 2827 677 2832 Ι
884 2817 888 2826 .

188 2849 334 2908 Fortassis
343 2869 399 2908 nec
410 2845 471 2910 hoc
484 2849 782 2933 praetermittendum
795 2850 931 2933 estquod
945 2850 1051 2912 crebro
1062 2848 1197 2910 Lucilius

149 2946 182 3004 in
198 2947 319 3028 scriptis
331 2947 393 3006 suis
409 2946 498 3006 tmesi
509 2944 605 3008 fuerit
615 2947 755 3028 gavisus:
772 2946 856 3007 unde
867 2949 909 3008 sic
924 2948 963 3022 de
976 2968 1014 3008 eo
1028 2947 1197 3021 Ausonius,

148 3041 244 3122 Epist.
260 3045 307 3104 V:
1141 3049 1143 3054 “

335 3159 440 3204 lisseiaco
451 3157 515 3204 disce
527 3173 668 3220 componere
678 3160 773 3206 numine
784 3174 892 3208 versum:

366 3227 446 3274 Lucilii
458 3229 517 3274 vatis
528 3230 561 3274 sic
572 3230 673 3275 imitator
686 3231 738 3275 eris.

148 3351 227 3412 Sane
241 3335 355 3415 Lucilii
368 3353 447 3415 iuter
460 3352 522 3412 alia
537 3367 598 3412 est:
678 3392 682 3401 ·

333 3480 448 3540 lnioiics,
461 3483 559 3539 scolius,
573 3483 654 3530 oculos
664 3481 720 3530 huic
731 3481 808 3546 deque
819 3482 911 3547 petiqo;

551 3600 641 3680 etiqo,
656 3597 708 3657 sed
722 3581 858 3680 depetiqo.
874 3597 979 3674 Quum
990 3581 1091 3658 autern
1106 3599 1148 3657 sic
1163 3599 1196 3657 in

148 3695 235 3754 tmesi
249 3694 310 3754 sibi
328 3688 465 3754 Lucilius
484 3620 660 3774 iniirlserit,
678 3695 746 3778 jure
765 3709 867 3756 tamen
887 3695 1030 3756 damnari
1047 3717 1134 3778 posse
1151 3697 1197 3753 vi-

150 3791 261 3853 deutur
278 3793 317 3870 ii,
339 3794 393 3873 qui
411 3805 532 3877 poetam
551 3791 635 3854 hunc
656 3795 803 3855 iambicus
823 3806 853 3854 et
872 3792 1042 3856 trochaicus
1066 3793 1196 3853 heroicis

150 3889 282 3949 versibus
305 3891 502 3950 immiscuisse
518 3889 700 3974 persuadere
714 3893 816 3951 conati
836 3903 908 3952 sunt
926 3893 1026 3951 nobis.
1046 3890 1107 3948 Nec
1122 3909 1195 3948 vero

151 3985 282 4046 iambico
297 4007 332 4046 ac
347 3986 503 4048 trochaico
521 3990 655 4048 carmine
667 3986 738 4048 eum
755 3991 886 4049 omnino
900 4011 988 4049 usum
1000 3987 1092 4046 fuisse
1105 4005 1196 4065 nega-

151 4082 304 4143 verimus:
326 4105 401 4144 nam
427 4084 477 4159 id,
494 4097 605 4167 praeter
627 4087 705 4169 ipsas
726 4087 839 4147 Lucilii
860 4085 1017 4167 reliquias,
1038 4080 1195 4142 Diomedis

153 4182 332 4241 auctoritate
349 4182 511 4243 confutare
530 4183 713 4264 facillimum
731 4187 786 4260 sit,
801 4185 855 4266 qui
875 4204 945 4242 eum
965 4203 1035 4242 cum
1055 4180 1194 4254 Catullo,
1294 4187 1296 4192 ’

185 3595 294 3676 Neque
309 3598 392 3655 enim
404 3595 516 3657 dicitur
