3176 4954
475 482 536 544 ax
560 482 703 546 urano
727 481 776 544 xr
801 481 952 546 sarra.
1171 484 1236 571 3⁶9

690 612 746 674 VI.

201 769 818 788 ..................
845 723 887 787 Et
900 718 965 790 'am

197 801 370 919 Corijicere
382 830 416 894 in
428 850 544 895 versus
557 827 684 896 dictum
696 826 852 920 proeconi'
867 746 1019 897 vdlebam

198 941 311 1005 Grani.

685 1055 757 1116 VII.

200 1173 391 1235 Conventus
403 1165 559 1259 pulcher,
572 1165 697 1248 bracae,
710 1191 809 1258 saga,
821 1166 949 1260 fulgere
960 1183 1096 1262 torques
1112 1199 1115 1216 ·

202 1277 325 1368 Magni.

679 1387 769 1451 VIII.

206 1544 570 1561 ...........
591 1489 605 1560 '.
635 1546 642 1560 .
671 1545 679 1560 .
708 1545 716 1560 .
744 1519 788 1560 ’.·.
814 1494 978 1588 Viamque

204 1603 423 1671 Sterneudam
433 1619 467 1670 et
472 1600 665 1694 jaciendum
674 1602 742 1671 huc
751 1627 922 1695 aggerem,
932 1621 965 1670 et
976 1604 1010 1671 id
1022 1603 1118 1696 genu'
1129 1607 1245 1674 rudus.

698 1722 755 1792 IX.

206 1846 319 1908 Annos
331 1839 386 1907 hic
397 1857 486 1908 errat
493 1838 563 1932 jam
578 1839 692 1933 plures
705 1839 816 1924 miles,
830 1840 982 1934 hyberna

207 1952 387 2020 Nobiscum
402 1968 518 2019 meret.

207 2207 457 2246 commemoraverat
474 2193 567 2246 Cicero
585 2192 626 2246 bis
647 2175 707 2246 ven-
752 2193 928 2265 asperioribus
937 2194 1038 2244 facetiis
1047 2207 1114 2264 sepe
1124 2196 1254 2264 perstriu-

206 2270 248 2322 bis
267 2292 273 2320 :
298 2274 351 2324 εἰη
367 2270 419 2323 hoc
433 2290 516 2342 genus
530 2274 708 2343 conjiciuntur
725 2300 732 2312 ·
751 2273 788 2322 xit
801 2272 917 2341 impune.
932 2294 943 2317 ι
959 2270 1031 2322 Idem
1042 2271 1135 2322 Cicero
1146 2269 1178 2323 de
1189 2273 1254 2323 Ora·

206 2347 346 2420 proverbia
371 2371 378 2400 a
401 2362 431 2402 ut
455 2349 521 2402 illud
553 2351 707 2421 Scipionis,
752 2362 810 2399 tore
819 2347 864 2400 lib.
876 2349 911 2411 ll,
924 2367 948 2399 c.
960 2348 1020 2400 Lx:
1035 2349 1107 2415 uQui
1117 2347 1255 2418 igiturdis·
1318 2379 1325 2390 ι

208 2447 289 2501 qaum
301 2427 404 2482 Asellus
411 2449 501 2482 omues
508 2431 655 2501 provincias
665 2431 709 2481 sti-
754 2429 902 2496 tinguemus
916 2445 930 2478 a
944 2428 1051 2494 Crasso,
1073 2445 1087 2477 a
1104 2427 1217 2491 Catulo,
1239 2445 1255 2476 a

207 2507 305 2578 pendite
330 2521 473 2560 merentem
502 2527 531 2560 ae
555 2527 709 2580 peragrasse
753 2509 852 2559 cacteris
874 2506 1031 2557 familiarem
1051 2518 1165 2558 vestrum
1190 2507 1256 2557 Gra-

207 2587 378 2657 gloriaretur,
390 2607 452 2659 agas
462 2589 681 2653 Asellam,etc.·
754 2589 845 2652 nium,
869 2599 916 2636 aut
946 2583 1108 2655 Vargulam,
1142 2588 1254 2636 amicum

244 2670 287 2720 VI.
298 2669 331 2718 A.
343 2667 457 2734 Gellius,
469 2667 515 2720 lib.
528 2671 576 2734 lv,
589 2689 648 2739 cap.
662 2687 707 2738 ¹7²
755 2667 860 2718 meum?
870 2667 931 2716 Non
942 2663 1092 2716 mehercule
1102 2667 1130 2716 in
1141 2676 1255 2716 mentem

210 2747 239 2796 In
251 2742 303 2796 boc
312 2747 398 2817 prima
406 2747 479 2799 verbi
488 2750 640 2819 praepositio
650 2767 711 2820 pro·
754 2745 820 2796 rnihi
834 2742 939 2816 quidem
950 2743 1020 2794 venit
1036 2764 1042 2794 ε
1059 2755 1121 2795 sunt
1134 2745 1203 2795 enim
1218 2739 1256 2793 di-

210 2825 323 2877 ducitur.
336 2828 412 2879 Certe
427 2825 558 2879 celebrate
571 2828 710 2881 Veteribus
755 2845 830 2879 cacas
840 2847 846 2888 ;
858 2827 958 2877 Granio
970 2823 1076 2895 quidem
1089 2843 1168 2876 nemo
1185 2822 1257 2875 dica-

209 2907 307 2976 passim
316 2925 467 2976 praeoonnm
478 2907 603 2960 dicacitas
613 2921 639 2961 et
648 2927 712 2979 prte-
756 2909 819 2958 cior.
829 2929 840 2953 ι
850 2904 922 2956 idem
930 2904 963 2956 ed
971 2903 1061 2956 Famll.
1071 2902 1115 2955 lib.
1125 2904 1256 2974 sinapio.

211 2985 288 3054 cipue
297 2983 376 3055 hujus
386 2986 477 3038 Granii
486 2987 711 3058 Luciliani,cujus
756 2987 813 3050 XV,
826 2983 859 3036 ad
871 2984 1004 3054 Papirium
1017 2985 1113 3034 Paetum
1124 3005 1130 3034 :
1146 2986 1258 3055 ultaque

211 3062 319 3114 nonulla
337 3077 413 3116 acute
429 3078 475 3116 aut
488 3067 573 3118 facete
586 3067 657 3118 dicta
670 3067 712 3118 hic
757 3079 783 3116 te
798 3083 880 3134 quum
895 3062 989 3128 video,
1001 3081 1093 3114 ornnes
1113 3062 1177 3113 mihi
1191 3063 1258 3114 Gra-

212 3138 383 3193 collocamna.
397 3143 489 3194 OEcero
500 3161 551 3214 pro
568 3147 616 3197 Cn.
635 3146 713 3197 Plau·
757 3145 832 3208 uias,
848 3159 940 3192 omnes
951 3141 1083 3208 Lucilios,
1097 3159 1157 3193 vere
1173 3155 1203 3192 ut
1219 3141 1259 3193 di·

212 3220 269 3283 cio,
289 3237 312 3270 o.
328 3221 404 3271 XIV:
423 3221 555 3275 -consuti
570 3229 597 3276 P.
615 3225 714 3276 Nasicae
759 3241 828 3290 cam,
841 3222 949 3273 Crassos
963 3238 1068 3291 quoque
1080 3231 1106 3271 et
1117 3219 1209 3271 Loelios
1221 3220 1260 3270 vi-

212 3315 299 3368 praeco
307 3299 418 3352 Granius
426 3300 514 3353 medio
522 3305 548 3352 in
557 3304 714 3374 foro,quum
760 3303 822 3354 dere
832 3301 932 3352 videor.
943 3300 1057 3366 Moriar,
1068 3301 1105 3363 si,
1118 3295 1211 3369 prater
1222 3312 1261 3362 ta,

213 3376 272 3444 ille,
282 3377 370 3430 edicto
378 3381 481 3450 justitio
492 3381 600 3434 domum
608 3381 715 3434 deseen-
760 3397 919 3452 quemquam
928 3377 1058 3448 reliquum
1068 3377 1165 3444 babeo,
1174 3379 1261 3450 inquo

213 3457 279 3510 dens
286 3471 405 3529 rogasset
414 3459 552 3527 Granium,
561 3461 624 3534 quid
636 3464 715 3514 tristis
759 3460 859 3530 possim
875 3457 1015 3526 Imaginem
1033 3457 1146 3527 antiquae
1164 3470 1190 3508 et
1205 3476 1262 3508 ver-

214 3551 302 3590 esset:
319 3555 353 3590 an
370 3538 444 3609 quod
457 3541 592 3592 auctiones
611 3541 716 3594 essent?
760 3536 861 3590 nacula
872 3536 1017 3587 festivitatis
1032 3553 1207 3605 agnoscere„

214 3619 296 3668 Immo
306 3635 384 3682 vero,
396 3619 491 3687 inquit,
503 3619 575 3690 quod
588 3618 715 3690 legiones.
797 3616 864 3668 VIII.
885 3615 988 3665 Nonius
1006 3634 1012 3662 ε
1032 3613 1122 3666 nudus
1131 3654 1140 3680 ,
1164 3627 1263 3666 stercus

214 3694 285 3747 Idem
299 3694 407 3746 tribuno
421 3693 716 3768 plebis‚potentissimo
763 3691 834 3765 qnod
853 3691 962 3742 raditur.
977 3721 1012 3730 —
1025 3691 1170 3763 Aqym,
1194 3703 1220 3743 et
1238 3692 1265 3742 id

216 3771 317 3824 homini
338 3773 373 3824 M.
393 3775 496 3840 Druso,
520 3773 567 3826 scd
585 3775 667 3827 multa
690 3776 717 3827 iu
760 3771 931 3848 qenu'rudus.
943 3771 1103 3826 Glossarium
1116 3795 1121 3822 :
1135 3777 1265 3841 Σωρὸςγης,

218 3849 409 3922 rempublicam
427 3851 560 3918 molienti,
578 3871 662 3925 quum
673 3853 717 3906 ille
764 3857 866 3921 Rudas,
879 3871 965 3927 agger.
976 3855 1040 3906 Item
1054 3876 1060 3903 :
1075 3859 1161 3922 Χῶμα,
1177 3871 1265 3923 agger,

219 3948 280 3980 eum
288 3928 438 3994 salutasset,
449 3943 479 3982 ut
488 3932 533 3998 lit,
542 3931 717 4004 dixissetque:
765 3935 863 3999 nidus,
876 3931 1001 3985 tumulus.

218 4008 292 4074 Quid
303 4011 356 4082 agis
366 4010 467 4063 Grani?
476 4011 612 4083 respoudit
621 4033 627 4062 :
637 4015 720 4064 Immo
801 4014 845 4064 IX.
859 4013 979 4064 Nonius:
993 4014 1089 4074 Meret,
1101 4008 1202 4059 militat.
1211 4006 1267 4058 Pal-

219 4105 281 4140 veso
294 4099 335 4153 tu,
350 4091 453 4154 Druse,
468 4089 532 4159 quid
551 4091 623 4161 agis?
635 4089 680 4144 ille
691 4091 721 4143 L.
767 4092 881 4156 merlus,
901 4086 1081 4160 probabilius:
1100 4085 1209 4136 uAnnos
1226 4085 1269 4136 ln'e

218 4166 321 4232 Crassi,
332 4165 377 4218 ille
386 4169 424 4220 M.
440 4170 550 4220 Antonii
560 4166 722 4222 voluntatem
769 4170 897 4238 terrajam
906 4167 995 4238 plures
1004 4161 1078 4217 miles
1087 4163 1200 4234 Hybera.
1211 4187 1221 4210 ι

1084 4257 1124 4335 2l
