3116 4934
551 501 828 598 sursulus.
854 493 861 512 '
1147 491 1211 576 σοι

109 704 112 712 Ι
169 625 274 706 junxit
290 624 361 688 edit.
382 623 539 686 Marshall.
561 627 659 688 Lond.
685 629 779 711 1723,
800 628 886 712 cujus
906 632 1038 712 margini
1059 632 1218 716 adscriptor

171 736 243 784 sunt
254 723 345 782 variae
358 722 503 784 lectiones
515 723 624 784 codicis
638 726 699 786 MS.
713 726 768 806 qui
779 725 957 807 designatur
967 727 1054 789 litera
1064 730 1110 806 E,
1124 752 1218 813 quem

172 835 275 881 tamen
288 820 499 881 Ebnerianum
515 821 562 882 vel
574 823 857 903 Norimbergensem
871 826 902 898 Ι,
916 847 977 886 esse
990 848 1061 886 mox
1076 811 1217 888 animadss

172 917 256 977 verti.
271 919 490 999 Fragmentum
502 918 684 1002 plerumque
700 923 850 982 consentit
863 942 934 982 cnm
949 923 1014 984 cod.
1027 925 1217 1006 Norimberg.

172 1016 284 1091 tertio,
304 1013 355 1074 sed
374 1035 439 1074 non
459 1037 571 1098 paucas
590 1038 715 1100 quoque
732 1017 874 1079 lectiones
893 1032 961 1080 tum
972 1020 1064 1096 alias,
1075 1035 1143 1083 tum
1159 1023 1218 1083 sibi

173 1111 314 1193 proprias
328 1109 448 1171 exhibet
461 1125 491 1171 et
502 1132 731 1195 nonnunquam
743 1137 809 1177 non
824 1117 1018 1198 spernendas.

371 1207 494 1269 Accedit
507 1230 592 1269 nunc

364 1405 574 1468 ELENCHUS
593 1408 779 1471 CODICUM
798 1409 880 1472 MSS.
900 1409 1021 1472 XXXV.

173 1607 230 1688 Qui
253 1603 325 1666 olim
343 1612 511 1670 exstiterunt
529 1609 561 1668 in
578 1605 755 1668 Bibliotheca
777 1610 869 1690 Reqia
888 1608 1047 1670 Parisioui
1073 1622 1103 1670 et
1121 1607 1220 1670 colluti

173 1702 322 1860 Zpgvptcl.
335 1707 402 1767 Nic.
420 1704 494 1766 Lod.
508 1703 682 1779 Achuintre,
696 1707 747 1784 qui
759 1701 887 1772 indolem
900 1726 1000 1766 eorum
1014 1703 1058 1765 ln's
1068 1704 1160 1768 verdis
1175 1709 1219 1766 in·

332 1962 357 2022 1.
370 1962 396 2021 E
411 1961 624 2023 CATALOGO
637 1960 831 2022 IMPRESSO
846 1959 967 2021 GODD.
982 1960 1063 2021 MSS.

259 2174 283 2212 1.
306 2151 401 2216 Codex
416 2157 565 2215 Puteanus
577 2153 721 2235 (catalogi
735 2163 771 2215 n⁰
786 2175 875 2236 79⁰0·
885 2155 938 2237 A).

177 2285 278 2348 Codex
290 2286 557 2361 membranaceus,
569 2283 677 2346 formae
688 2307 784 2368 quam
795 2307 940 2349 vocamus
952 2287 1082 2372 irs-folio,
1094 2297 1221 2347 exeunte

176 2405 260 2445 nono
271 2382 401 2458 saeculo,
412 2397 448 2443 ut
458 2383 547 2443 nobis
557 2383 656 2443 visum
665 2397 725 2461 est,
737 2397 893 2461 exaratus,
905 2397 1048 2444 constans
1064 2383 1117 2444 155
1129 2383 1220 2443 foliis.

177 2483 290 2541 Praeter
305 2478 460 2540 luvenalis
473 2469 652 2556 Satires,'in
668 2479 806 2561 quinque
818 2481 912 2541 libros
923 2479 1111 2561 dispertitas,
1126 2481 1222 2540 conti·

175 2591 228 2638 net
247 2577 381 2637 Terentii
393 2575 585 2652 Comoedias,
599 2578 720 2637 Horatii
737 2575 833 2659 lyrica
850 2578 996 2636 Carmina
1014 2589 1044 2637 et
1052 2576 1220 2659 Epistolas,

176 2676 339 2735 Lucanum
360 2687 390 2734 et
406 2675 598 2735 Martianum
620 2674 778 2756 Capellam
796 2695 868 2735 cum
888 2673 1028 2750 scholiis,
1048 2673 1219 2756 etquidem

175 2773 405 2854 copiosissimis,
419 2771 471 2832 sed
486 2792 597 2855 parum
609 2771 745 2832 utilibus.
760 2770 860 2852 Hujus
869 2771 981 2833 codicis
995 2773 1145 2854 scriptura
1157 2792 1221 2832 non

175 2882 255 2929 recta
271 2868 414 2949 quidem,
435 2889 492 2930 nec
505 2865 652 2950 pulchra,
671 2868 723 2929 sed
744 2867 817 2929 levis
835 2882 864 2929 et
882 2869 964 2930 lectu
982 2867 1145 2944 facillima,
1167 2869 1221 2928 etsi

175 2965 361 3046 quibusdam
372 2968 405 3025 in
416 2965 492 3026 locis
503 2967 723 3041 minutissima,
736 2965 849 3048 pallida
862 2980 954 3049 atque
964 2979 1114 3028 vetustate
1124 2985 1222 3049 prope

174 3061 283 3122 deleta.
298 3063 382 3122 Inter
395 3076 522 3123 caeteros
533 3063 750 3123 memorandus
764 3063 846 3123 idem
861 3077 905 3123 est
920 3078 1044 3146 propter
1055 3064 1221 3144 antiquita·

175 3172 237 3217 tem
248 3170 279 3218 et
287 3170 412 3242 propter
419 3163 598 3241 varietatem
612 3160 795 3236 lectionum,
809 3181 943 3242 quarum
957 3160 1151 3221 notabiliores
1167 3158 1222 3219 ali·

175 3267 252 3335 quot
268 3253 302 3312 in
318 3257 475 3337 praesentis
492 3255 634 3316 editionis
650 3255 805 3316 curriculo
818 3256 1018 3318 notavimus:
1034 3278 1098 3317 non
1117 3269 1221 3316 tamen

175 3348 295 3410 mendis
307 3369 426 3432 expers,
440 3350 493 3410 sed
507 3372 525 3410 a
542 3372 639 3410 manu
651 3353 814 3412 recentiori
828 3352 1008 3413 emendatus
1018 3367 1071 3414 est.
1085 3355 1126 3414 At
1138 3354 1222 3434 quis·

175 3448 244 3529 quis
264 3446 317 3509 ille
330 3446 424 3508 fuerit
438 3449 668 3530 intempestivus
687 3451 865 3530 castigator,
885 3450 994 3512 melius
1011 3466 1092 3512 certe
1110 3451 1222 3511 codicis

175 3547 350 3607 auctoritati
366 3544 577 3624 consuluisset,
591 3547 617 3607 si
637 3567 708 3607 eum
726 3548 881 3630 integrum
900 3547 1077 3632 reliquisset.
1096 3551 1133 3610 ln
1153 3549 1222 3631 qui·

175 3643 305 3705 busdam
316 3644 389 3705 libri
399 3644 472 3705 locis
482 3645 677 3729 reperiuntur
688 3642 818 3724 majores
829 3645 924 3707 literae
939 3661 969 3706 et
981 3646 1088 3729 figurae
1101 3646 1220 3706 calamo

175 3740 350 3819 delineatae,
370 3741 422 3802 sed
445 3741 534 3803 rudes
554 3763 589 3802 ac
609 3740 760 3803 deformes
776 3727 806 3803 et
826 3743 917 3827 plane
936 3745 1064 3820 saeculo,
1086 3764 1148 3823 quo
1162 3741 1221 3811 ille

175 3842 304 3924 scriptus
323 3840 402 3915 fuit,
420 3841 643 3900 convenientes.
666 3841 711 3900 Eo
733 3854 837 3901 autem
860 3841 961 3903 codice
981 3842 1152 3924 plurimum
1174 3841 1221 3900 usi

175 3939 308 4016 fuimus,
319 3940 435 4023 quippe
446 3939 499 4021 qui
511 3960 546 3999 ex
560 3938 667 3998 eodem
681 3953 773 4022 atque
787 3955 871 4002 vetus
886 3938 981 4002 schol.
999 3939 1111 4000 Pithoei
1126 3959 1222 4000 exem-

175 4033 255 4116 plari
270 4037 399 4113 ductus,
414 4049 602 4120 pervetustus
624 4037 713 4111 item,
729 4038 819 4098 nobis
838 4038 871 4098 in
889 4035 948 4098 hac
966 4037 1100 4099 editione
1120 4056 1221 4096 recen·

176 4131 268 4194 senda
282 4134 407 4194 maximi
419 4153 481 4194 esse
492 4132 642 4193 momenti
654 4133 735 4193 risus
749 4146 801 4194 ost.
