3176 4954
394 413 458 493 384
625 415 661 477 C.
688 413 876 476 LUCILII
901 413 1195 478 FRAGMENTA

795 629 1030 649 mmmm

535 805 610 880 EX
636 801 798 879 LIBRO
825 804 929 879 XIX
955 802 1285 881 SATIRAIIUM.

898 1023 922 1084 1.

387 1134 440 1198 Sic
451 1144 489 1195 tu
502 1127 577 1195 illos
589 1128 718 1194 fructus
733 1150 881 1222 quaeras‚
895 1126 1034 1196 adversa
1046 1127 1186 1221 hyeme,
1199 1127 1279 1196 olim

386 1241 488 1327 Queis
500 1241 550 1305 uti
564 1241 687 1330 possis,
700 1237 773 1305 haec
785 1235 950 1305 delectare
962 1236 1054 1307 domi
1065 1255 1108 1306 te.

888 1353 931 1416 II.

387 1468 514 1529 Aurum
526 1463 591 1542 vis,
602 1459 837 1528 hominemve?
848 1459 971 1528 habeas
983 1459 1155 1529 hominem
1168 1487 1174 1526 :
1189 1460 1269 1556 quid
1280 1461 1323 1530 ad
1335 1467 1477 1529 aurum?

386 1577 514 1659 Quare,
527 1588 565 1640 ut
577 1568 722 1652 dicimu',
738 1593 806 1638 non
820 1571 918 1638 video
931 1570 985 1638 hic
995 1570 1076 1664 quid
1089 1595 1291 1665 magnopere
1300 1588 1425 1665 optem.

875 1685 936 1749 III.

386 1796 433 1858 Ut
443 1792 540 1883 pueri
554 1790 699 1856 infantes
713 1788 841 1856 faciunt
851 1789 1084 1858 mulierculam
1094 1790 1279 1858 honestam.

878 1905 933 1966 IV.

385 2011 438 2078 Sic
452 2008 645 2102 singillatim
657 2025 812 2077 nostrum
824 2015 1059 2107 unusquisque
1070 2028 1233 2078 movetur.

889 2127 928 2186 V.

384 2235 485 2300 Sume
497 2230 601 2312 diem,
614 2233 672 2325 qui
683 2249 734 2298 est
745 2229 827 2298 visu'
840 2232 900 2299 tihi
910 2231 1159 2323 pulcherrimus
1172 2256 1270 2300 unus.

875 2347 933 2408 VI.

348 2473 353 2484 ’
385 2451 696 2520 PenIculamentum
707 2477 785 2520 vere
797 2451 1042 2544 reprehendere
1056 2452 1135 2520 noli.

865 2568 940 2630 vu.
1254 2639 1260 2650 ,

383 2678 502 2742 Latere
515 2673 685 2767 pendens,
699 2699 777 2743 saxa
789 2655 950 2768 spargens
963 2676 1040 2742 tabo
1052 2691 1086 2743 et
1096 2679 1260 2767 sanguine
1271 2693 1354 2744 atro.

417 2900 438 2949 1.
452 2901 552 2952 Nonius
569 2922 574 2950 :
596 2899 683 2967 otim,
694 2900 827 2972 'temporis
841 2905 883 2954 fu·
925 2905 977 2953 tuit
994 2877 1101 2954 Dotisa:
1122 2903 1355 2956 «Periculamento
1367 2921 1425 2956 vero

382 2979 445 3030 turi,
460 2979 501 3031 Sic
518 2977 624 3030 Plautus
636 2979 737 3050 Captiv.
751 2985 786 3047 V,
801 2983 832 3049 4,
848 3001 880 3052 7:
929 2982 1111 3052 reprehendere
1124 2983 1188 3036 noli.
1197 3008 1209 3031 n
1222 2984 1265 3036 Sic
1274 2983 1380 3036 Plautus
1397 2987 1425 3036 in

385 3057 497 3110 :Itidem
510 3056 564 3109 haec
576 3057 642 3109 mihi
653 3058 801 3112 advenienti
813 3080 882 3133 upu-
925 3061 1036 3130 EpidIco
1049 3062 1073 3125 I,
1090 3078 1116 3126 1,
1131 3078 1140 3110 ι
1155 3083 1161 3111 z
1178 3084 1189 3106 ιι
1198 3063 1264 3130 Quis
1278 3079 1425 3132 properan—

382 3154 433 3206 pa,
454 3138 498 3206 qui
514 3156 555 3188 me
572 3136 719 3206 delectem,
738 3140 800 3191 data
813 3140 853 3193 ‘st
868 3165 878 3188 r
925 3154 977 3191 teni
987 3160 1027 3192 me
1037 3141 1177 3211 prehendit
1185 3142 1306 3212 palliola
1318 3143 1389 3194 Idem
1397 3145 1425 3193 in

417 3217 447 3265 II.
464 3217 583 3266 Nouius:
601 3217 713 3288 Optare,
728 3217 832 3288 eligere.
923 3219 1025 3285 Milite,
1039 3223 1066 3286 I,
1078 3221 1126 3274 60:
1141 3222 1211 3274 «vet
1222 3221 1287 3288 illae,
1297 3242 1355 3294 qun
1363 3223 1426 3275 here

415 3296 457 3346 III.
481 3295 609 3346 Nonius:
632 3293 768 3365 Infantes,
791 3315 878 3350 anon
922 3297 1425 3373 pallioMereprehenderunt.·Repre-

378 3371 460 3423 Iando
472 3370 535 3424 dicti
548 3386 617 3426 sunt.
631 3371 672 3425 sie
686 3374 800 3429 Lucillus
811 3375 879 3428 libro
923 3378 1116 3432 hendereenim
1125 3380 1237 3434 dicimus
1242 3384 1348 3453 proprIe
1356 3399 1425 3452 quos

379 3455 514 3521 proximo:
529 3477 540 3501 ι
557 3455 591 3506 Ur
604 3455 681 3526 pueri
697 3454 811 3524 infantes
826 3475 879 3508 cre-
922 3459 950 3509 in
961 3459 1001 3510 via
1014 3472 1170 3530 assequutus
1182 3475 1257 3530 parte
1270 3461 1356 3531 aliqua
1367 3479 1425 3512 ves·

378 3529 445 3580 dunt
461 3531 535 3603 siqua
548 3533 639 3584 omnia
656 3531 741 3583 altena
759 3536 875 3587 viverem
923 3539 955 3588 tis
972 3537 1151 3608 apprehensos
1164 3557 1334 3590 remoramur.

413 3612 456 3663 lv.
473 3613 576 3664 Nonius
587 3635 593 3662 z
606 3613 764 3685 Sinqulatim
782 3629 808 3666 et
824 3615 878 3668 sin·
958 3619 1012 3670 vtt.
1024 3619 1127 3670 Nonius
1138 3641 1144 3668 :
1157 3620 1294 3691 Sparqere,
1306 3618 1423 3672 madefa-

376 3687 491 3759 9illatim
501 3725 510 3753 ,
526 3691 669 3760 asingulis.
924 3713 991 3746 cere.
1015 3695 1197 3748 verisimiliter
1219 3711 1294 3767 putat
1313 3699 1421 3751 Hieron.

413 3769 444 3818 V.
458 3767 561 3820 Nonius
573 3789 578 3816 :
590 3769 695 3820 Sumere
709 3771 787 3821 etiam
799 3773 877 3842 signi-
922 3771 1050 3826 Columna
1069 3775 1198 3826 Lucilium
1215 3774 1283 3826 hanc
1300 3775 1423 3849 Thyestis

378 3843 439 3896 ficet
455 3843 559 3916 eligere.
921 3856 993 3927 apud
1008 3856 1120 3908 Ennium
1132 3857 1341 3908 exsecrationem
1354 3860 1423 3912 inter

412 3925 456 3975 VI.
473 3925 576 3976 Nonius
592 3946 598 3975 ε
616 3925 877 3998 Peniculamentum,
920 3954 968 3988 sua
985 3938 1122 3989 inseruisse
1136 3948 1279 4007 poemata,
1296 3950 1422 4010 tanquam

378 4022 394 4054 a
406 4002 536 4058 veteribus
547 4021 609 4074 pars
621 4006 700 4057 vestis
710 4006 812 4060 dicitur.
825 4011 877 4062 Ve—
920 4013 998 4083 vulgo
1014 4016 1154 4084 jactatam,
1175 4028 1201 4064 et
1222 4012 1285 4066 inde
1303 4017 1421 4072 Nonium

376 4082 446 4132 riore
461 4081 573 4134 lectione
591 4080 663 4145 hunc
677 4103 780 4137 versum
801 4091 876 4140 resti·
920 4093 1012 4144 Lucilii
1024 4093 1216 4146 existimarisse.
1232 4093 1272 4146 Ita
1286 4110 1373 4148 autem
1383 4094 1420 4146 Io-
