3038 4932
341 455 406 544 296
587 457 646 520 na
670 458 768 521 can
792 425 982 523 Locren
1007 461 1129 526 mm.

338 593 458 671 volam,
483 597 517 654 Τ.
537 595 715 672 Albutium,
739 599 775 675 Q.
792 597 949 658 Caecilium
973 600 1147 676 Metellum,
1174 605 1207 662 P.
1225 601 1376 664 Rutilium*

336 694 477 774 Lupum,
496 694 703 773 Torquatum,
719 695 761 755 M.
775 693 960 770 Carbonem,
982 699 1016 757 L.
1033 698 1205 775 Tubulum,
1226 703 1262 760 P.
1273 701 1374 762 Gallo-

336 790 440 866 nium,
461 792 495 850 C.
509 791 660 865 Cassium,
683 793 716 850 L.
732 792 869 867 Cottam,
892 793 1055 854 Claudium
1078 796 1228 870 Asellum,
1243 799 1282 875 Q.
1302 800 1375 880 Opi-

335 886 449 962 mium,
464 887 709 961 Nomeutanum3
730 889 763 947 C.
784 888 916 948 Coelium
937 889 1093 966 Judircm,
1116 893 1321 970 Trebellium,
1343 898 1374 954 P.

335 985 452 1044 Pavum
465 985 670 1062 Tuditanum,
690 987 782 1064 alios;
804 990 879 1070 quin
898 991 1074 1052 universum
1086 1012 1210 1075 quoque
1224 994 1375 1076 populum

334 1083 511 1142 Romanum
523 1083 681 1160 tributim,
706 1099 739 1144 ut
755 1088 857 1168 inquit
872 1089 1031 1164 Horatius,
1054 1091 1218 1172 arripiens,
1241 1090 1302 1152 hoc
1320 1105 1374 1169 est,

334 1200 440 1240 omnes
453 1173 564 1240 XXXV
575 1181 674 1242 tribua
690 1181 772 1242 urbis
791 1183 941 1264 antiquae,
958 1183 1117 1265 probrosis
1130 1188 1320 1254 carminibus
1332 1187 1374 1248 la·

333 1280 462 1337 ceravit:
477 1299 532 1355 ac,
545 1300 584 1339 ne
598 1299 615 1339 a
627 1281 724 1360 poetis
732 1279 856 1360 quidem
869 1283 996 1340 mortuis
1009 1282 1169 1364 Euripide,
1183 1285 1301 1360 Ennio,
1314 1287 1374 1345 Ca·

332 1377 420 1452 cilio,
439 1378 589 1454 Pacuvio,
611 1379 718 1455 Accio,
740 1378 871 1459 aliisque
886 1379 960 1440 item
983 1379 1151 1442 illustribus
1172 1382 1374 1443 obtrectandis

334 1489 503 1557 temperare
513 1475 613 1557 potuit
622 1475 693 1550 sibi,
708 1477 876 1558 quominus
885 1478 1004 1559 scriptis
1016 1499 1057 1538 uo
1063 1477 1255 1560 iuscujusque
1266 1481 1373 1562 saepius

332 1569 514 1634 detraheret.
528 1573 609 1634 Hinc
624 1574 651 1633 ei
668 1573 841 1639 libertatem
857 1589 887 1635 et
902 1575 1095 1637 acerbitatem
1111 1597 1265 1636 summam
1278 1577 1373 1654 Quin·

332 1671 458 1732 tilianus
474 1669 638 1729 adscribit:
653 1669 707 1750 qui
721 1668 807 1730 locus
820 1679 882 1730 non
896 1670 1012 1752 patitur
1026 1691 1082 1730 nos
1099 1671 1258 1732 oblivione
1269 1685 1373 1754 praetc·

332 1772 391 1831 rire
410 1769 506 1830 alium
523 1767 655 1830 similem
675 1767 713 1828 de
727 1768 847 1828 Lucilio
862 1769 979 1842 locum,
1003 1769 1054 1830 sed
1071 1783 1271 1852 corruptum,
1290 1771 1372 1852 cujus

332 1883 441 1930 auctor
451 1881 537 1929 vetus
551 1868 670 1926 Horatii
693 1868 856 1950 interpres,
869 1867 954 1949 apud
968 1889 1060 1949 quem
1078 1869 1120 1931 ita
1134 1869 1264 1950 legitur:
1279 1873 1373 1932 Satira

333 1967 448 2026 Horatii
460 1967 535 2024 inter
544 1962 650 2023 Lucilii
658 1966 777 2032 satiram
789 1977 816 2024 ct
826 1964 975 2026 iuvenalis
986 1964 1082 2024 media
1093 1977 1150 2039 est,·
1168 1986 1239 2028 nam
1256 1979 1285 2025 et
1298 1985 1373 2050 aspe-

334 2065 445 2122 ritatem
460 2058 560 2136 tabet,
578 2058 694 2140 qualem
707 2059 848 2134 Lucilius3
866 2073 894 2122 et
903 2064 1073 2122 suauitatem
1082 2061 1197 2142 qualem
1208 2067 1231 2125 J
1231 2063 1371 2124 uvenads:

332 2159 386 2221 ubi
399 2156 543 2220 audacter
558 2177 694 2238 repono,
708 2156 750 2216 ait
763 2158 882 2248 Dausa,
897 2157 1097 2232 acerbitatem,
1112 2180 1207 2238 quam
1222 2173 1293 2242 apte
1307 2181 1373 2220 aua·

332 2254 421 2314 vitati
440 2254 574 2337 opponi,
588 2273 658 2334 quae
670 2253 772 2318 statim
787 2251 929 2316 Juveaati
940 2253 1102 2332 tribuitur,
1117 2274 1210 2316 nemo
1232 2255 1371 2336 negabit;

332 2362 362 2410 et
387 2350 535 2410 acerbitas
566 2349 728 2430 crateroqui
752 2350 877 2430 propria
901 2348 1194 2432 satirographomm.
1223 2350 1271 2420 Sic
1293 2354 1371 2412 enim

332 2451 478 2514 Horatius
492 2448 531 2508 de
546 2468 593 2524 se,
608 2447 661 2507 lib.
677 2449 705 2507 ll
717 2465 912 2523 sermonum,
923 2449 983 2508 Sat.
996 2449 1028 2524 I,
1042 2469 1072 2508 v.
1091 2470 1101 2506 ι
1118 2473 1125 2509 :

516 2597 573 2640 Sunt
584 2594 668 2657 quibus
679 2595 703 2638 in
714 2595 782 2639 satira
793 2591 875 2640 videor
883 2594 950 2638 nimis
961 2608 1016 2639 acer
1019 2627 1082 2638 .....

371 2723 453 2801 Ergo
467 2738 564 2801 quum
578 2719 676 2780 satirae
690 2685 801 2782 Lucilii
816 2701 872 2804 pro
885 2713 1004 2794 objecto
1019 2734 1075 2773 suo
1090 2711 1205 2775 habent
1221 2716 1309 2788 vitia,
1328 2735 1371 2774 ea·

332 2816 404 2879 dem
414 2835 525 2894 magna
534 2827 563 2872 et
573 2812 707 2875 fortassis
715 2811 814 2876 nimia
822 2809 986 2871 acerbitate
998 2811 1160 2876 insectatus
1169 2823 1222 2870 est.
1236 2809 1370 2878 Juvenal.

331 2914 390 2973 Sat.
407 2911 437 2986 1,
455 2932 497 2970 vs.
518 2910 587 2969 165:

516 3053 576 3096 Eme
587 3049 648 3098 velut
657 3051 735 3097 stricto
743 3053 834 3113 quoties
844 3049 946 3103 Lucilius
955 3050 1038 3098 ardens

519 3119 653 3176 Intremuit,
666 3119 735 3165 rubet
746 3119 851 3177 auditor,
862 3123 899 3166 cui
910 3119 991 3180 frigida
1002 3135 1066 3168 meus
1078 3131 1113 3167 ert

517 3189 669 3246 Criminibus;
684 3192 749 3236 tacita
762 3189 846 3238 sudant
857 3190 986 3254 praecordia
995 3190 1071 3253 culpa.

518 3258 574 3308 luda
585 3261 626 3308 irre
637 3272 660 3306 et
670 3259 784 3325 lacrymae.
885 3259 888 3266 “

332 3388 477 3448 Horatius
487 3386 541 3446 lib.
551 3388 594 3463 ll,
602 3387 662 3446 Sat.
673 3388 697 3463 l,
707 3405 736 3446 v.
745 3407 797 3468 70,
810 3407 881 3445 eum
894 3383 1015 3460 laudat,
1027 3398 1175 3467 tanquam
1187 3385 1243 3465 qui
1256 3383 1367 3444 fuisset:

516 3516 603 3564 Scilicet
611 3519 652 3563 uni
661 3531 741 3584 aquus
751 3517 829 3562 virtuti
841 3528 912 3580 atque
925 3518 975 3581 ejus
987 3518 1072 3562 amicir.

331 3639 711 3716 etlib.1,Sat.X,v.11:
742 3641 749 3650 ”

580 3803 695 3819 ........
707 3783 732 3818 at
742 3771 816 3829 idem,
830 3771 894 3834 quod
908 3770 954 3817 sale
966 3771 1038 3818 multo

515 3842 605 3890 Urbem
614 3843 735 3898 defricuit,
749 3841 828 3890 cltarttt
837 3839 946 3888 laudatur
956 3843 1045 3894 eadem.

333 3959 466 4033 Persius,
483 3959 543 4020 Sat.
558 3957 591 4032 1,
605 3978 633 4016 v.
653 3955 727 4030 114:

625 4105 723 4120 .......
735 4074 808 4119 secuit
820 4071 921 4121 Lucilius
932 4075 1019 4119 Urbem
1025 4091 1033 4129 ;

516 4147 562 4201 Te,
575 4144 653 4206 Lapa,
663 4156 699 4202 to,
710 4145 782 4201 Mun,
795 4157 817 4192 et
826 4147 954 4208 genuinum
962 4145 1031 4206 Fregit
1039 4145 1063 4190 in
1074 4143 1124 4190 illis.
