2970 4936
339 522 400 601 134
507 519 662 582 vstttAE
684 515 957 584 LECTIONES
983 517 1043 582 ET
1068 519 1204 598 NOTAE

364 648 425 692 vett.
447 643 486 690 66.
505 646 650 710 Decioque,
666 661 681 691 o
695 643 784 697 mt'sert',
801 651 823 687 et
836 655 918 688 comos
934 645 1057 707 coqnorcite
1072 657 1156 688 rerum.
1168 667 1199 678 -
1213 641 1307 689 liabent
1317 643 1382 690 MSS.

336 716 410 765 codd.
423 717 501 763 ducite
506 751 514 773 ,
523 734 537 764 o
546 719 634 773 miseri,
648 731 717 778 quom
726 713 850 762 tectione-
859 715 1014 776 probatissimi
1024 725 1164 777 rceepernttt
1173 712 1288 771 editorem
1300 728 1322 761 et
1332 717 1386 777 qni-

335 791 389 838 dem
396 789 513 838 interdum
520 789 571 836 fieri
577 800 667 851 potest,
675 800 700 833 nt
707 785 773 834 elisio
780 785 842 832 nullu
851 788 879 834 tit
886 787 971 834 vocalis
978 803 1030 849 quse
1036 787 1180 849 procedito,
1190 799 1288 850 propter
1297 790 1385 851 aspita-

336 862 423 906 tionem
433 860 611 906 exclamationis.
623 859 668 906 Sed
676 857 928 904 habentvetustissimae
936 857 1049 905 editiones
1057 859 1149 919 optimae
1157 868 1232 902 notu:
1243 858 1388 922 Dr‘scitrqur,

272 951 275 956 ·
335 951 349 980 o
358 935 444 987 miseri,
458 931 523 995 quod
532 948 584 977 eum
593 930 739 993 precedente
748 929 819 975 serbo
828 931 938 975 occurrite
947 930 1043 974 maxime
1053 927 1317 992 eonvenitlibenterque
1331 928 1388 974 mibi

335 1003 455 1064 recipitur.
467 1002 548 1048 Posuit
557 1001 654 1062 Kornip,
666 1012 693 1046 ιιι
702 997 821 1046 elisionem
831 1001 926 1056 vitaret,
937 1001 1022 1047 Dt'sct'te
1032 1002 1053 1044 io
1062 1001 1144 1044 miseri.

371 1121 439 1171 Not‘.
453 1117 496 1168 66.
507 1117 665 1188 Disciteque,
677 1133 691 1166 ο
702 1115 788 1166 miseri
791 1155 799 1182 ,
811 1127 837 1166 et
848 1137 935 1169 causas
947 1115 1091 1189 cqqttosct'te
1103 1135 1197 1166 rerum.
1209 1114 1389 1170 -Adversus

336 1201 417 1252 animi
430 1197 537 1250 morbos
549 1195 693 1269 parandam
709 1213 764 1248 esse
777 1215 856 1268 quam
869 1200 983 1268 primum
995 1199 1164 1268 sapientiam,
1175 1195 1254 1250 docet
1264 1200 1390 1266 magister

337 1279 551 1346 adolescentem,
565 1277 724 1350 subjicitque
735 1275 911 1348 philosophie
924 1279 1027 1349 capita,
1040 1277 1135 1350 quibus
1145 1279 1275 1331 Stoicismi
1285 1295 1387 1330 summa

337 1361 499 1412 continetur.
507 1387 544 1398 -
555 1357 674 1410 Omisert'
680 1379 689 1418 ,·
702 1375 733 1408 ex
745 1358 871 1428 opinione
884 1358 1046 1425 Stoicorum,
1058 1370 1150 1428 praeter
1161 1375 1245 1409 unum
1257 1357 1333 1408 illum
1346 1375 1390 1408 sa·

337 1441 471 1510 pientetn,
493 1457 570 1508 quern
587 1437 675 1488 animo
693 1447 719 1486 et
736 1448 825 1487 mente
844 1449 1041 1507 conceperant,
1059 1437 1145 1487 ceteri
1163 1433 1284 1486 homines
1303 1435 1391 1487 miseri

338 1532 412 1570 erant
426 1533 453 1570 et
463 1517 543 1571 stulti.
562 1519 656 1587 Neque
671 1527 773 1567 tantum
789 1515 869 1568 habet
885 1519 912 1567 in
929 1535 956 1568 se
973 1515 1161 1586 indignationis
1176 1529 1201 1567 et
1218 1527 1391 1586 contemptus

339 1598 508 1662 exclamatio,
527 1615 606 1667 quam
625 1597 810 1647 miserationis.
829 1593 945 1647 Attende
963 1597 1032 1647 enim
1050 1596 1146 1666 quibus
1165 1609 1227 1666 egat
1242 1594 1331 1646 verbis
1349 1593 1391 1646 vel

338 1696 398 1729 enm
413 1681 497 1728 arnico
509 1675 654 1743 Hesiodus,
666 1675 749 1748 Oper.
761 1687 787 1727 et
799 1677 870 1727 Dier.
883 1675 948 1728 262:
963 1698 974 1721 α
980 1673 1050 1741 μέγα
1058 1673 1125 1728 tristi
1135 1671 1224 1744 ssipen
1234 1673 1266 1743 (o
1275 1673 1391 1726 multum

340 1758 430 1811 insane
441 1759 527 1812 Perse.
536 1757 567 1826 l·
584 1785 620 1796 »-
637 1759 674 1809 Et
684 1775 772 1809 catum
786 1758 929 1831 eoqnoseite
939 1775 1041 1818 rerum5
1055 1759 1167 1808 recurrit
1183 1753 1276 1808 eadem
1288 1753 1392 1807 locutio

339 1836 412 1908 apud
423 1835 514 1906 Vispil.
530 1836 627 1907 Georg.
642 1836 689 1890 lib.
703 1838 741 1902 ll,
757 1853 822 1888 vers.
835 1837 904 1906 l9⁰=

538 1933 596 1981 teti:
602 1934 640 1991 qui
647 1935 720 1992 potuit
726 1949 800 1981 rerunt
810 1949 938 1991 copnoscere
947 1937 1039 1978 count!

339 2015 392 2068 Sed
405 2016 528 2085 Virgilius
541 2016 690 2069 naturalem
703 2017 826 2086 intelligit
839 2017 1053 2089 philosophiam,
1068 2019 1167 2070 Noster
1185 2013 1319 2068 moralem.
1342 2019 1394 2070 oo·

336 2097 417 2172 petitis
431 2099 501 2148 enim
515 2115 599 2148 rerum
614 2099 708 2163 caruis,
723 2117 806 2150 vanos
824 2099 905 2150 animi
918 2097 1046 2150 tumultus
1063 2100 1220 2170 insanasque
1233 2096 1394 2170 cupiditates

339 2176 512 2247 deponimus,
534 2175 708 2230 discernimus
729 2177 896 2242 verobona,
916 2191 943 2230 et
960 2180 1040 2230 vitam
1058 2178 1198 2230 honestem
1219 2179 1391 2230 instituimus.

340 2259 399 2308 Huc
413 2260 527 2329 pertinet
540 2257 585 2312 hie
598 2258 732 2322 luvenalis
747 2258 840 2325 locus,
860 2261 963 2330 spirens
985 2259 1112 2314 sublimes
1137 2261 1269 2314 Stoicismi
1283 2277 1394 2326 sensus,

341 2350 387 2389 sat.
404 2337 479 2402 Vlll,
494 2336 526 2389 83
540 2355 613 2408 sqq:

541 2435 660 2476 Summum
668 2433 904 2481 cretenensmtmm
912 2435 1012 2490 prolerre
1019 2435 1098 2491 pudori

540 2501 734 2558 Etpropterritunt
742 2503 827 2544 visendi
833 2503 924 2562 perdere
930 2517 1016 2546 cousoe

341 2585 434 2656 Operas
447 2586 562 2655 pretium
575 2597 615 2635 est
627 2587 748 2638 conferre
761 2585 815 2638 ltsec
830 2588 910 2638 emimi
926 2584 1057 2650 remedia,
1072 2605 1129 2657 quse
1140 2587 1208 2656 petit
1220 2603 1234 2636 e
1251 2587 1395 2637 Stoicismo

341 2667 460 2730 Persius,
475 2683 535 2716 cum
554 2667 634 2717 enimi
648 2665 784 2731 remediis,
797 2684 855 2735 quas
868 2683 899 2718 er
915 2670 989 2718 omni
1000 2665 1091 2719 schola
1106 2665 1237 2734 recolligit
1251 2667 1395 2731 Horatius,

341 2744 451 2816 Epistol.
469 2761 478 2794 ι
495 2758 521 2795 et
535 2761 549 2795 ι
562 2743 608 2795 lib.
621 2747 641 2795 1.
655 2773 691 2784 -
704 2747 817 2797 Omnem
832 2746 911 2798 Persii
925 2745 1014 2798 locum
1028 2747 1075 2817 qui
1088 2747 1217 2817 sequitur,
1232 2745 1320 2796 tetulit
1333 2747 1394 2796 Dis.

341 2827 500 2894 depastio„
513 2823 547 2876 de
558 2824 662 2877 Civitas.
674 2825 737 2891 Dei,
754 2825 800 2882 lib.
812 2827 848 2892 ll,
860 2845 920 2898 cap.
932 2827 958 2879 6.

376 2952 445 3004 Nor.
464 2951 507 3021 67.
530 2951 600 3021 Quid
610 2969 711 3018 sumus,
726 2964 751 3004 et
764 2952 892 3024 quidnam
906 2955 1000 3005 victuri
1010 2954 1155 3027 piperinus.
1175 2979 1213 2992 «-
1231 2953 1396 3022 Principium

343 3047 383 3086 est
393 3027 571 3105 philosophie
584 3051 696 3084 noscere
707 3051 734 3085 se
747 3035 849 3105 ipsum,
862 3036 927 3108 quid
937 3053 1041 3101 sumus,
1055 3054 1086 3087 ae
1096 3037 1164 3087 scire
1174 3050 1256 3106 quem
1268 3033 1303 3086 ad
1315 3033 1397 3086 finem

342 3117 396 3167 vita
408 3113 511 3165 homini
527 3133 541 3164 a
554 3113 612 3166 Deo
625 3111 686 3165 deta
699 3113 748 3178 sit,
761 3115 886 3185 quidnam
900 3115 991 3168 victuri
1002 3114 1145 3188 qiprsimur.
1161 3115 1323 3184 Quanquam
1339 3114 1398 3166 luno

341 3195 423 3247 verba
432 3193 561 3265 quidnam
574 3194 666 3246 victuri
677 3196 886 3265 interpretentur
896 3195 1003 3269 quidem
1016 3195 1115 3248 nonde
1127 3198 1179 3248 line
1191 3193 1293 3247 homini
1303 3197 1330 3246 in
1341 3197 1397 3246 vita

342 3274 496 3345 proposito,
508 3271 554 3324 sed
567 3270 600 3324 de
613 3272 766 3324 brevissimo
777 3277 864 3346 spatio
874 3277 941 3327 ritae.
956 3275 1048 3326 Senec.
1061 3273 1172 3346 Epistol.
1183 3273 1286 3324 XClX:
1300 3296 1312 3320 ι
1322 3275 1398 3338 lloe,

344 3352 415 3426 quod
431 3353 555 3418 visimus,
576 3351 723 3422 proximum
740 3353 823 3406 nilrilo
842 3367 898 3421 est,
918 3367 945 3406 et
963 3367 1051 3405 tamen
1067 3353 1120 3406 late
1137 3353 1320 3424 disponimus
1343 3351 1398 3406 Sed

343 3448 468 3508 praestaro
482 3432 547 3484 milri
561 3431 664 3486 videtur
677 3433 756 3486 letior
770 3433 813 3486 hic
832 3453 923 3488 sensus
943 3449 969 3489 et
987 3435 1051 3486 huic
1070 3434 1131 3488 loco
1149 3437 1232 3505 tnagis
1250 3437 1397 3505 proprius:

345 3533 424 3587 quem
439 3512 472 3564 ad
489 3511 567 3564 linem
581 3513 662 3584 geniti
676 3515 765 3565 simus.
781 3515 835 3567 Cic.
848 3513 881 3566 de
893 3513 1030 3580 Finibll,
1046 3511 1094 3568 13:
1111 3515 1167 3565 ulli
1179 3531 1233 3565 non
1245 3511 1358 3580 vident,
1369 3525 1400 3564 ut

346 3593 378 3646 ad
391 3613 496 3644 cursum
506 3613 616 3666 equum,
630 3593 663 3645 ad
673 3593 800 3645 arandum
812 3593 924 3662 bovem,
939 3593 971 3645 ad
985 3554 1165 3665 indagandum
1176 3612 1284 3657 cenem,
1297 3595 1335 3644 sic
1347 3552 1399 3644 lto-

345 3674 442 3725 minem
458 3672 570 3726 adduas
587 3691 646 3739 res,
664 3686 694 3723 ut
714 3675 749 3723 ait
767 3673 937 3739 Aristoteles,
957 3671 990 3726 ad
1005 3670 1206 3745 intelligendum
1222 3687 1247 3725 et
1262 3631 1319 3724 all
1312 3691 1399 3742 agen-

345 3751 408 3802 dum
424 3771 480 3804 esse
494 3767 602 3816 natum
608 3768 692 3832 quast
707 3752 845 3806 mortalem
859 3753 974 3806 Deum.»
1000 3755 1078 3806 cont.
1099 3751 1202 3804 Platon.
1221 3751 1354 3802 Alcibiad.
1370 3755 1399 3814 l,

346 3845 407 3884 tom.
421 3836 444 3880 V
450 3851 519 3904 ,pp
539 3834 573 3886 56
589 3845 615 3884 et
630 3831 681 3900 65
697 3834 765 3886 Edit.
781 3835 899 3905 llipont.;
915 3836 997 3888 Cicer
1014 3831 1149 3887 deFinib.
1168 3831 1213 3884 lib.
1232 3831 1282 3892 tv;
1304 3831 1398 3883 eumd

344 3911 409 3964 ibid.
427 3871 473 3966 lib.
491 3911 530 3974 V;
549 3913 641 3964 Senes.
660 3913 771 3984 Epistol.
792 3910 876 3978 XCV3
896 3913 983 3967 eumd.
1001 3911 1035 3966 de
1052 3915 1141 3968 Benef.
1159 3913 1203 3965 lib
1222 3911 1296 3974 Vlll
1317 3933 1343 3964 c.
1365 3931 1397 3973 ις

342 3994 454 4064 Epictet.
468 3993 540 4062 epud
549 3994 651 4046 Arrian.
667 3993 712 4046 lib.
726 3995 767 4056 11;
780 3995 883 4046 Arrian.
899 3997 1036 4048 Dissertot.
1051 3995 1074 4047 ll
1083 4035 1091 4064 ,
1105 4009 1163 4067 esp.
1183 4011 1209 4046 tt
1227 4015 1232 4043 :
1249 3991 1398 4060 Quomodo

343 4072 501 4127 invenienda
516 4076 568 4124 sint
580 4073 675 4126 Officia
692 4091 723 4125 ex
739 4076 803 4144 ipsis
820 4075 995 4130 Nominibus?
1012 4076 1134 4130 Juvenal.
1153 4085 1200 4128 sot.
1217 4075 1291 4141 vttt,
1305 4093 1346 4127 vs.
1363 4073 1397 4125 83

343 4167 416 4224 sqq.;
430 4149 518 4203 eumd.
535 4165 582 4204 set.
596 4152 646 4219 xl,
661 4168 698 4205 ss.
716 4171 748 4222 27
760 4171 816 4226 sqq.
