2912 4916
401 383 570 450 sarran
593 383 752 449 sarrs.
1033 389 1097 478 259

62 514 120 580 Hic
130 533 211 602 ego,
223 531 362 578 secamus
373 506 482 600 vulgi,
494 505 620 600 etquid
633 523 797 600 praeparet
808 515 928 578 Auster

61 621 176 690 Infelix
188 621 301 714 pecori
312 641 467 702 securus4
480 633 515 684 et
524 617 670 708 angrrlus
681 616 738 686 ille

60 734 165 799 Vicini
177 746 294 800 nostro
305 733 386 824 quia
396 731 571 822 pinguior:
584 729 647 797 etsi
658 726 743 796 adeo
754 751 870 798 omnes

60 845 230 913 Ditescant
240 842 304 909 orti
315 837 505 934 pejoribus,
518 862 627 934 usque
638 862 790 908 recusem

59 957 187 1021 Curvus
199 951 243 1020 ob
253 950 289 1019 id
298 953 407 1021 minui
418 952 529 1033 senio,
541 965 601 1018 sut
611 971 743 1018 coenare
754 951 825 1018 sine
836 969 953 1036 numo,

60 1068 100 1132 Et
111 1066 245 1156 signum
256 1064 292 1130 in
302 1059 424 1155 vapida
436 1083 519 1129 naso
530 1062 677 1154 tetigisse
688 1059 818 1152 lagena.

104 1176 280 1267 Discrepet
290 1170 343 1241 his
355 1169 451 1240 alius.
464 1173 640 1252 Geminos,
651 1169 852 1265 horoscope,
864 1197 945 1241 varo

60 1284 220 1354 Producis
230 1286 339 1377 genio.
352 1282 436 1354 Solis
447 1281 613 1351 natalibus
625 1298 677 1350 est
688 1285 747 1376 qui

58 1399 182 1486 Tingat
192 1393 267 1462 olus
279 1396 404 1462 siccsun
415 1394 525 1460 muria
534 1391 627 1460 vafer
638 1394 674 1460 in
685 1391 788 1460 calice
799 1409 929 1486 empta,
1075 1427 1108 1464 ro

60 1512 138 1602 lpse
148 1531 284 1576 sacrum
294 1509 442 1576 irrorans
454 1507 578 1598 patinae
589 1506 703 1598 piper,
715 1503 770 1574 bic
780 1503 870 1574 bona
881 1506 981 1576 dante

59 1617 209 1686 Grandia
221 1619 455 1709 magnanimus
467 1617 596 1710 peragit
605 1639 702 1707 puer.
717 1620 802 1684 Utar
812 1639 890 1708 ego,
902 1634 995 1703 utar,

59 1736 130 1798 Nec
141 1728 391 1801 rhombosideo
402 1727 530 1795 libertis
541 1749 668 1819 ponere
679 1726 807 1811 lautus,

61 1845 127 1909 Nec
139 1859 279 1908 tenuem
291 1838 398 1909 solers
409 1838 585 1906 turdarum
597 1861 698 1907 nosse
709 1837 860 1906 salivam.

59 1956 173 2021 Messe
185 1967 285 2020 tenus
296 1951 434 2044 propria
445 1951 582 2034 vive;et
592 1950 823 2042 granaris,fas
835 1967 901 2036 est,
1078 1973 1111 2026 25

60 2121 171 2204 vulgus
182 2135 268 2202 agat,
280 2121 394 2202 quidve
403 2121 540 2180 minetur
546 2121 651 2202 pecori
661 2120 772 2180 noxius
783 2123 900 2200 Auster,
910 2123 1007 2186 immo
1017 2128 1112 2189 etiam

59 2216 142 2278 nihil
153 2238 278 2294 curans,
290 2237 332 2276 an
342 2216 438 2276 vicini
448 2214 564 2296 agellus
575 2203 646 2276 mco
651 2215 690 2278 sit
701 2217 865 2298 pinguium
878 2231 979 2301 atqua,
991 2225 1111 2290 mamni

58 2336 168 2376 omnes
182 2315 252 2375 loco
268 2315 328 2374 orti
340 2312 484 2373 inferiore
497 2332 592 2394 quam
605 2333 663 2393 ego
678 2311 756 2374 fiant
767 2314 947 2397 locupletes,
961 2339 1028 2382 non
1041 2323 1111 2386 ideo

58 2425 168 2472 tamen
183 2411 278 2472 velim
291 2409 450 2472 incurvari
467 2421 498 2467 et
517 2407 730 2488 contabescere
745 2410 881 2486 invidia,
899 2413 995 2476 veluti
1012 2418 1113 2494 senio;

58 2530 165 2590 neque
185 2528 307 2570 coenam
319 2526 422 2568 meam
437 2504 620 2566 defraudare
638 2504 713 2564 cibis
730 2503 933 2584 lautioribus,
950 2510 1114 2577 admorove

59 2628 157 2682 naso,
172 2609 216 2667 uti
232 2604 325 2666 solent
341 2604 454 2664 domini
472 2601 660 2676 sordidiores,
681 2600 840 2684 explorare
860 2619 967 2668 utrum
984 2607 1115 2674 laedatur
1192 2638 1196 2647 ·
1252 2639 1258 2654 ·

55 2706 179 2789 lagenae
196 2704 355 2766 acescentis
372 2704 517 2783 signum,
529 2698 576 2761 vel
590 2713 713 2782 tempore
720 2745 730 2775 ,
745 2699 907 2784 velfraudc
918 2709 1000 2766 serui.

102 2807 150 2866 18.
165 2804 251 2864 Huic
262 2821 338 2864 meae
350 2801 420 2862 vitae
432 2800 546 2860 rationi
558 2795 715 2860 dissentiat
726 2791 819 2878 alius,
831 2819 886 2882 per
897 2823 943 2862 rrae
954 2800 1020 2868 licet
1023 2829 1035 2880 ,·
1048 2828 1113 2868 eam

54 2905 137 2962 enim
156 2921 219 2962 esse
239 2902 308 2960 novi
327 2901 509 2980 ingeniorum
529 2899 715 2971 veneratam,
733 2909 769 2956 ut
789 2896 821 2958 in
843 2897 997 2962 diversum
1011 2921 1114 2986 ,agan-

51 3017 106 3064 tur
114 2998 248 3083 gemelli
257 2999 351 3058 etiam
360 2995 468 3060 fratres
477 2994 533 3058 sub
543 2993 650 3056 eadem
660 2993 797 3056 siderum
807 2996 962 3075 positione
970 2999 1004 3063 iu
1013 2998 1114 3063 lucem

51 3096 145 3158 aditi:
160 3091 283 3156 scilicet
296 3113 405 3174 parcus
419 3091 494 3152 alter
509 3111 543 3150 ac
557 3091 672 3166 tenuis,
683 3111 749 3152 non
762 3091 823 3150 nisi
837 3090 887 3152 die
901 3093 999 3156 natali
1012 3097 1115 3160 aridas

49 3194 228 3273 continget
239 3187 367 3264 herbas,
379 3208 430 3268 pro
443 3188 524 3248 omni
537 3187 737 3266 condimento,
761 3186 916 3268 salsugine
933 3211 1028 3271 quam
1041 3193 1113 3257 ads»

49 3291 149 3350 merit
160 3291 203 3348 in
215 3284 340 3346 vasculo
350 3305 451 3365 neque
461 3284 547 3344 bona
559 3281 633 3359 fide,
646 3283 860 3366 inspergetque
872 3285 880 3344 i
884 3306 937 3365 pse
949 3308 1047 3351 manu
1059 3312 1115 3354 sua

49 3387 145 3470 piper
155 3379 395 3466 patinoe,veluti
405 3401 470 3440 rem
479 3399 610 3454 sacram,
621 3377 699 3442 alter
705 3399 777 3440 vero
787 3379 918 3460 grandia
924 3385 1020 3464 patris
1029 3386 1114 3450 bona

49 3483 114 3544 cito
130 3480 283 3556 conficit,
298 3477 329 3540 id
343 3478 451 3560 magni
464 3478 563 3540 animi
577 3497 638 3538 esse
653 3490 780 3560 putans,
792 3479 918 3539 insanus
931 3501 1019 3563 puer.
1032 3485 1116 3566 Ego,

50 3591 198 3644 numam
218 3587 347 3650 sermm,
362 3574 496 3636 fortunis
514 3588 603 3651 utar,
621 3594 674 3634 nec
693 3571 801 3634 abutor
819 3586 933 3650 tamen,
954 3597 1054 3660 neque
1071 3581 1113 3644 ita

49 3700 104 3740 em
112 3676 292 3761 prodigus,
303 3686 340 3734 ut
352 3673 470 3734 libertis
483 3673 608 3734 lautiori
623 3691 732 3734 mensa
743 3667 891 3734 rhombos
899 3693 1055 3757 apponere
1063 3699 1115 3740 re·

49 3776 129 3852 lim,
153 3787 217 3834 aut
241 3789 369 3832 omnem
384 3767 527 3833 adhihere
542 3771 641 3832 animi
664 3768 821 3842 solertiam
842 3768 882 3830 ad
898 3773 1115 3838 secernendam

51 3871 160 3935 turdse
169 3869 308 3932 salivam
322 3866 449 3931 ssalira
459 3866 557 3941 turdi,
566 3865 645 3950 quod
653 3866 726 3927 adeo
738 3879 822 3930 tenue
834 3865 986 3931 aeramen
1000 3873 1055 3947 esti
1066 3873 1117 3932 Vi-

52 3965 204 4030 vendum
217 3979 265 4028 est
273 3965 444 4028 secundum
455 3966 558 4028 messis
567 3964 710 4044 modum,
721 3985 792 4048 quae
804 3979 859 4026 tua
867 3980 926 4040 est;
934 3985 1116 4048 annuosque

50 4066 177 4132 reditus
188 4065 346 4127 frumenti
360 4065 487 4128 absume
496 4050 645 4146 quoniam
659 4063 737 4127 licet.
753 4063 873 4146 Ecquid
885 4062 971 4124 enim
981 4065 1118 4134 metussi

926 4189 976 4251 17·
