3026 4944
346 475 388 544 58
520 479 676 542 VARlAE
700 477 974 544 LEGTIONES
997 481 1217 547 ET-NOTAE

379 602 447 653 Nor.
470 617 526 670 ¹07·
543 601 594 655 Sed
607 603 673 673 quid
685 621 749 673 opus
765 615 863 656 witerus
877 603 995 656 mordaci
1008 604 1097 657 rudere
1112 625 1171 660 vero
1185 605 1346 660 Auricutasr.
1356 637 1415 649 --

343 683 468 735 Rationes
482 701 544 736 sues
560 683 647 736 elusus
660 703 675 734 a
688 684 777 736 Persio
794 684 1005 738 animadvertens
1022 688 1149 752 monitor,
1166 689 1251 740 mines
1268 687 1405 754 adhibes,

345 762 441 836 quibus
458 783 518 817 eum
531 783 546 817 s
561 766 665 818 satirica
677 763 816 818 dicacitate
827 765 966 818 deterreat.
979 797 1014 806 -
1025 768 1123 820 liudere
1138 780 1237 822 terrem
1250 769 1404 822 auriculas.

343 842 454 909 Quintil.
466 846 514 910 Ill,
529 861 589 916 cep.
609 861 637 896 1:
654 842 795 909 :Quorum
810 863 843 896 ne
856 845 950 914 jejune
962 859 1043 917 etque
1053 846 1128 898 aride
1140 845 1247 900 traditio
1262 861 1407 902 everteret

343 925 459 991 enimes,
471 938 498 975 et
506 942 582 976 aures
588 925 730 996 presertim
743 934 797 975 tam
806 925 932 978 delicatus
940 927 1038 980 rederet
1049 926 1214 980 verebamur.
1226 952 1237 975 ι
1250 930 1311 1001 lpse
1322 931 1402 982 Pers.

342 1003 370 1053 in
382 1006 415 1070 V,
430 1001 460 1056 15
473 1020 531 1074 sqq.
541 1025 548 1054 ε

673 1073 813 1118 ...Pallentes
821 1076 901 1120 radere
910 1090 982 1120 mores

525 1169 528 1174 -
544 1139 768 1197 sermocinamur
777 1140 865 1198 culpem
873 1141 966 1200 defigere
975 1141 1034 1185 ludo.

342 1218 420 1273 Unde
430 1220 516 1293 liquet
528 1221 648 1275 eamdem
665 1221 737 1275 illem
754 1222 917 1276 locutionem
934 1239 962 1277 et
974 1228 1001 1276 in
1016 1224 1135 1278 versibus
1151 1239 1175 1278 et
1191 1223 1319 1280 insoluta
1333 1245 1400 1280 ora-

342 1300 415 1351 tione
427 1301 508 1353 fuisse
520 1301 692 1353 usitatiorem.
706 1303 798 1354 Horat.
812 1302 866 1354 Set.
878 1305 914 1370 11,
928 1300 957 1369 5,
969 1304 1018 1356 32:

702 1401 832 1458 ...gaudent
840 1400 974 1458 prenomine
981 1403 1055 1446 nolles

543 1465 664 1510 Auriana.
671 1498 676 1510 .
683 1497 701 1509 ..

340 1578 376 1592 --
387 1551 508 1624 Moesiaci
517 1571 590 1614 vcro,·
600 1552 708 1604 mordax
716 1549 852 1604 retulerim
862 1571 918 1606 nou
929 1567 984 1606 tam
994 1552 1159 1606 educturum
1169 1556 1252 1626 ipsius
1263 1557 1401 1622 veritatis,

341 1649 398 1702 qete
407 1633 501 1703 pungit
509 1630 647 1683 hominum
657 1633 773 1696 animos,
784 1650 864 1703 quem
875 1631 909 1684 ed
919 1632 1002 1705 ipsius
1012 1635 1093 1685 Persii
1102 1635 1234 1686 satiricum
1242 1636 1400 1708 ingenium,

341 1712 388 1782 qui
399 1711 532 1783 principes
546 1709 665 1776 mordet,
676 1729 750 1762 more
765 1729 871 1762 cauum.
887 1711 1018 1765 Convenit
1034 1714 1103 1764 enim
1117 1714 1174 1782 ejus
1188 1713 1261 1766 verbi
1275 1715 1313 1768 vis
1329 1732 1398 1766 cum

341 1789 512 1842 similitudine
525 1809 582 1862 quse
592 1791 754 1863 insequitur:
768 1799 845 1843 sonat
857 1789 900 1844 lu'c
913 1791 944 1844 de
958 1811 1021 1846 nare
1034 1793 1145 1860 canina,
1158 1807 1209 1846 etc.

376 1905 443 1956 Nor.
466 1904 524 1958 108.
538 1905 619 1972 Cave,
629 1901 675 1971 sis,
688 1923 722 1957 tec
732 1906 861 1977 majorum
874 1905 922 1958 ribi
928 1906 1002 1979 ferte
1013 1908 1118 1959 Limina
1124 1908 1278 1982 fripescunt.
1290 1938 1326 1949 —
1336 1907 1380 1962 Sis
1385 1931 1399 1970 ,·

339 2002 389 2056 pro
404 1984 425 2036 si
439 1985 490 2047 uis,·
505 1985 629 2038 solemnis
641 1985 686 2038 illu
699 2004 781 2057 quum
795 1984 867 2058 spud
881 2001 991 2058 poetes,
1003 2001 1059 2039 tum
1071 1987 1142 2060 epud
1156 1989 1249 2041 solute
1263 1991 1398 2044 orationis

340 2065 482 2134 scriptores
496 2065 653 2116 contractio.
669 2065 723 2116 Cic.
738 2083 790 2137 pro
801 2066 889 2118 Sextio
899 2066 1026 2118 Amerino
1040 2087 1046 2117 ι
1063 2069 1139 2137 sege
1154 2085 1240 2132 nune,
1252 2070 1322 2121 refer
1333 2069 1401 2120 eni·

340 2161 426 2211 mum,
441 2143 488 2210 sis,
503 2143 537 2197 ed
548 2146 694 2198 veritatem.
705 2168 717 2191 ι
732 2144 772 2196 ld.
785 2150 854 2199 Part.
867 2147 941 2199 Orat.
957 2149 1048 2217 «Age,
1059 2145 1105 2214 sis,
1122 2151 1261 2220 quonism,
1273 2162 1323 2202 etc.
1334 2171 1347 2195 s
1363 2153 1397 2202 ln

343 2241 454 2276 numero
464 2225 543 2276 etiam
554 2223 652 2296 plurali
661 2223 733 2277 mltis
741 2225 821 2296 prosi
832 2224 917 2278 uultis.
928 2225 1013 2278 Plaut.
1023 2226 1141 2298 Gsptiri,
1151 2239 1202 2279 act.
1213 2229 1249 2296 11,
1257 2245 1292 2279 se.
1302 2227 1333 2294 3,
1342 2229 1395 2297 96:

570 2323 655 2367 Servate
663 2323 743 2375 unum,
752 2323 828 2372 nitus,
836 2322 896 2366 intus
902 2355 908 2375 ‚
915 2322 978 2367 servi.

338 2433 374 2446 -
389 2407 521 2478 Majomm
537 2405 631 2458 limina
650 2407 697 2460 tili
710 2407 863 2482 stipescant.
879 2407 992 2461 Videtur
1011 2409 1067 2479 ejus
1085 2427 1176 2463 versus
1191 2409 1264 2463 boue
1280 2429 1341 2482 pers
1358 2410 1395 2463 el>

338 2484 449 2536 Horatio
461 2484 542 2538 fuisse
553 2499 687 2552 mutuate,
701 2487 745 2556 qui
759 2484 823 2538 dixit
835 2485 911 2538 Setir.
924 2489 961 2552 Π,
975 2486 1044 2554 1‚60
1057 2505 1096 2559 sq.

816 2575 1009 2632 ...Opusr,utsis

541 2643 618 2686 Vttelis
626 2653 713 2694 metuo.
721 2641 860 2701 stmajorum
867 2643 1043 2699 nequisumicus

539 2712 629 2768 Frigore
638 2710 744 2767 referiat.

337 2823 374 2834 -·-
387 2795 536 2865 disjectum,
555 2794 572 2844 i.
588 2811 612 2842 e.
628 2794 797 2863 principum
815 2795 945 2864 mry'omm
963 2793 1074 2862 limina,
1089 2796 1240 2868 principum
1257 2799 1334 2851 redes.
1353 2829 1395 2840 -

282 2883 284 2887 “
338 2873 502 2946 Fripescarrt‚
515 2873 624 2943 proprie
637 2868 671 2922 ed
687 2872 838 2942 principum
851 2870 942 2923 limine
956 2887 1073 2946 spectet,
1088 2875 1134 2927 sed
1147 2895 1253 2948 gravem
1267 2879 1394 2947 injuriam

338 2965 385 3003 uut
399 2953 482 3023 ipsam
501 2964 614 3002 mortem
633 2950 721 3001 Persio
736 2947 884 3002 denuntiet.
904 2953 981 3005 Hunc
998 2971 1104 3006 sensum
1118 2955 1208 3024 potius
1222 2955 1394 3023 admiserim,

339 3050 420 3104 quem
432 3051 485 3106 quo
497 3034 583 3084 ceteri
594 3033 751 3101 interpretes
762 3033 799 3082 sic
812 3031 944 3102 explicent
960 3053 966 3082 :
984 3050 1048 3086 cere
1060 3053 1093 3085 ne
1110 3035 1256 3090 excludaris
1268 3038 1395 3108 sportula

337 3109 412 3184 (quae
423 3112 579 3185 plerumque
591 3113 618 3163 in
630 3109 721 3162 limine
732 3111 826 3163 redium
839 3111 1035 3184 statuebatur);
1048 3127 1094 3164 eut
1106 3114 1267 3185 simplicius:
1283 3135 1345 3168 cese
1355 3136 1393 3170 ne

338 3193 525 3265 principalium
543 3193 638 3245 edium
660 3191 733 3244 editu
752 3193 800 3246 tibi
818 3192 999 3246 interdicetur.
1018 3195 1120 3267 Fripcre
1138 3197 1207 3248 enim
1228 3216 1285 3250 nou
1302 3198 1393 3251 solum

338 3272 407 3326 mele
420 3275 505 3347 excipi
515 3273 658 3344 significet,
672 3292 762 3325 verum
775 3277 854 3326 etism
867 3287 1001 3326 mortuum
1010 3293 1082 3340 esse,
1094 3276 1172 3327 sicini
1181 3275 1276 3346 probet
1287 3279 1392 3330 Horatii

338 3349 431 3418 locus,
446 3351 517 3405 unde
531 3351 575 3404 hic
589 3354 668 3405 Persii
682 3351 794 3406 ducitur.
813 3353 854 3406 Sic
868 3367 958 3406 eutem
971 3352 1113 3424 significet,
1130 3355 1204 3426 quod
1215 3353 1303 3407 celere
1317 3356 1393 3408 viteli

339 3431 458 3486 vivimus.
471 3431 631 3505 llincsrt'pus
640 3451 689 3504 pru
699 3435 757 3503 ipse
768 3446 861 3486 morte.
872 3435 943 3505 Virg.
954 3433 1055 3486 AEusid.
1066 3436 1114 3487 Xll
1124 3433 1173 3488 sub
1185 3434 1262 3488 finem
1274 3449 1300 3487 et
1309 3435 1390 3488 alias:

612 3525 683 3566 ...Ast
691 3522 722 3566 illi
729 3522 844 3566 solvuntur
846 3523 939 3582 pipere
947 3523 1053 3566 membre.

374 3630 442 3680 Nor.
466 3645 522 3700 ¹⁰9·
540 3628 624 3682 Sonat
642 3627 683 3680 iic
697 3629 728 3680 de
744 3647 807 3680 nare
820 3629 917 3680 canina
930 3629 1037 3680 Littera.
1050 3657 1088 3668 -
1100 3630 1189 3680 Potest
1205 3623 1280 3700 seque
1296 3629 1391 3683 referri

338 3709 435 3760 meina
446 3707 487 3762 vel
504 3708 538 3760 ed
551 3727 613 3760 nare
623 3708 663 3760 vel
674 3709 708 3760 sd
722 3707 900 3774 Littera,illic
912 3727 960 3778 per
973 3707 1131 3775 ablativum,
1144 3709 1188 3761 hie
1199 3727 1249 3781 per
1259 3713 1389 3762 nominet.

338 3787 463 3840 litterum
478 3801 565 3840 entem
577 3787 695 3859 intellige
710 3807 767 3840 esse
779 3790 814 3853 R,
830 3785 905 3858 qnod
916 3790 988 3838 cenis
1001 3789 1082 3839 iratus
1094 3801 1120 3839 et
1134 3787 1288 3840 infrendens
1302 3791 1391 3860 expri-

338 3870 398 3932 mit3
412 3867 483 3921 unde
497 3869 587 3922 ltirrire
600 3869 704 3923 dicitur.
721 3869 849 3920 Usitatior
864 3867 935 3938 apud
947 3868 1054 3920 Latinos
1068 3868 1169 3920 locutio
1184 3870 1264 3920 fuisse
1274 3868 1391 3938 videtur,

338 3951 444 4020 quoties
460 3949 639 4022 designandus
653 3951 703 4000 fuit
719 3948 801 4000 homo
817 3949 899 4001 iratus
914 3961 940 4000 et
953 3967 1007 4020 pre
1024 3952 1063 4000 ire
1079 3948 1191 4016 latreus,
1208 3949 1248 4001 vel
1265 3948 1389 4002 hirriens.

337 4029 584 4082 Memoreturvetus
592 4047 696 4094 versus,
708 4030 769 4099 qui,
782 4031 802 4080 si
812 4046 866 4080 uon
880 4041 918 4078 est
928 4029 1034 4094 Lucilii,
1042 4032 1080 4080 uti
1091 4029 1270 4096 contendunt,
1281 4029 1389 4096 saltem,

338 4111 528 4182 cujuscumque
541 4112 587 4176 sit,
599 4108 722 4161 nonnihil
734 4110 813 4162 affert
824 4109 890 4161 lucie
902 4107 935 4160 ed
948 4108 1020 4160 hunc
1032 4108 1136 4161 locum:

540 4209 625 4253 trriuu
632 4207 692 4252 cenis
699 4185 880 4264 quoiusquam
888 4207 982 4265 plurimu
990 4207 1053 4250 dicet.
