3116 4934
349 509 633 578 EDlTlONUM
654 511 939 578 JUVENALIS.
1099 514 1168 606 619

125 631 341 710 tantumdico,
352 634 907 716 quaeAscensiiprequarisiisexcuste
918 639 1169 714 sunt,sedetiam

126 754 195 814 quae
210 731 277 812 ejus
292 730 446 793 familiare
463 747 677 794 commentum
693 731 858 794 exhibent:
873 756 946 795 nam
965 737 1087 798 nullum
1105 739 1170 802 fere

65 856 72 878 ι
126 831 267 888 intereas
284 828 445 888 intercedit
458 828 640 906 discrimen,
654 832 717 890 sive
730 843 888 892 externam
903 846 1017 913 spectes
1030 834 1169 896 indolem

126 929 190 991 sive
201 928 366 986 internam.
377 924 424 986 uf.
435 925 492 987 inf.
504 927 544 986 ad
557 929 677 988 decens.
689 928 742 988 ΙΙΙ.
754 929 850 990 Paris.
871 928 956 991 1505.

78 1033 84 1043 '
170 1021 254 1103 1498.
263 1021 424 1097 luvenalis,
437 1043 504 1083 cum
513 1021 639 1084 Merulae
649 1037 678 1084 et
692 1021 818 1086 aliorum
829 1027 913 1100 notis,
926 1026 1058 1102 Parisiis,
1068 1027 1169 1090 insol.

170 1118 254 1201 1498.
267 1119 431 1196 quenalis,
446 1113 564 1203 affectis
574 1123 690 1182 Horatii
700 1120 852 1203 Epistolis,
866 1124 988 1206 Lipsiae.

170 1215 254 1299 1499.
274 1220 392 1279 Veneta
414 1217 525 1280 XVlll.
544 1217 696 1280 Juvenatts
717 1240 782 1280 curn
801 1240 906 1280 comm.
924 1223 972 1282 Jo.
988 1223 1171 1298 Britannici,

127 1312 395 1390 Veneriis,in·fol.
1239 1394 1244 1404 Ι

167 1413 235 1472 lloc
248 1410 318 1472 loco
329 1424 359 1470 et
370 1411 596 1493 anuoprimum
610 1413 852 1473 commentarius
862 1412 915 1473 ille
926 1413 1069 1475 inlucem
1080 1414 1173 1476 exisse

128 1523 263 1592 putatur.
275 1509 331 1571 Sed
344 1509 395 1576 vix
406 1529 557 1590 assequor,
567 1509 623 1590 qui
634 1508 750 1569 factum
761 1510 810 1586 sit,
823 1525 858 1570 ut
867 1511 952 1592 prius
961 1513 1096 1572 Veneriis
1105 1512 1174 1572 ede-

128 1623 222 1684 retur,
239 1630 333 1690 quam
345 1609 469 1682 Brixiae,
486 1605 540 1668 ubi
554 1620 662 1668 auctor
676 1607 740 1690 ejus
753 1629 818 1669 non
832 1606 926 1669 modo
939 1608 1082 1672 liberales
1094 1623 1174 1672 artes

129 1707 251 1789 publice
267 1708 372 1767 domnt
387 1718 417 1766 et
428 1725 501 1766 ann.
520 1706 594 1766 1510
610 1717 752 1766 mortuus
768 1718 828 1782 est,
847 1698 908 1766 sed·
917 1707 1011 1767 etiam
1026 1729 1090 1768 una
1102 1729 1173 1768 cum

129 1803 223 1864 fratre
238 1800 494 1886 typographicam
503 1799 645 1862 habuisse
657 1801 818 1862 officinam
825 1802 1056 1884 videtur(conf.
1065 1805 1174 1866 titulus

129 1900 204 1960 edit.
216 1904 298 1962 Brix.
316 1900 378 1974 lll,
397 1921 472 1959 ann.
498 1899 616 1978 tirou),
632 1899 738 1980 inqua
757 1897 919 1980 aliquoties
938 1914 969 1961 et
987 1903 1125 1962 Persium
1144 1914 1175 1961 et

130 1998 309 2060 iuvenalem
327 2020 399 2059 cum
414 2019 528 2058 comm.
545 1997 622 2079 ejus,
640 1997 731 2058 illum
748 2019 821 2058 ann.
842 1997 916 2073 also
933 2013 964 2059 et
987 2001 1076 2074 1500,
1091 1998 1176 2061 hunc

130 2117 204 2156 ann.
222 2097 306 2170 1501,
319 2109 467 2176 utrosque
483 2115 556 2155 aun.
573 2094 661 2170 1503,
674 2115 795 2154 excusos
805 2115 867 2156 esse
881 2108 1008 2159 constat.
1021 2098 1175 2158 Caeterum

129 2196 177 2255 Jo.
188 2196 375 2256 Britamsicus
390 2216 412 2254 s.
421 2193 569 2274 Angelus,
580 2194 622 2252 ita
631 2191 729 2252 dictus
741 2215 758 2252 a
769 2191 956 2273 majoribus,
968 2215 1005 2254 ex
1014 2196 1177 2258 Britannia

130 2291 288 2365 oriundis,
309 2291 357 2350 vir
375 2290 470 2350 aetatis
488 2309 549 2350 suae
570 2289 763 2350 doctissimus
782 2287 858 2364 fuit,
879 2293 948 2372 qui,
970 2305 1079 2374 praeter
1100 2290 1177 2368 alia,

131 2389 366 2450 commentarios
376 2388 408 2446 in
419 2389 603 2463 Horatium,
613 2387 811 2462 iuvenalem,
822 2389 974 2463 Persium,
983 2390 1177 2462 Terentium,

131 2488 259 2548 Statium
269 2484 413 2546 etOvidii
423 2483 685 2567 Metamorphoses
695 2485 871 2566 scripsit‚ac
878 2487 1021 2567 princeps
1031 2489 1177 2549 omnium

131 2584 288 2644 luvenalis
303 2585 507 2666 interpretum
519 2597 563 2643 est
575 2582 760 2642 censendus:
775 2604 849 2642 nam
861 2583 1031 2644 non'modo
1045 2585 1111 2646 loca
1122 2585 1178 2645 ob·

132 2683 266 2741 scuriora
287 2681 365 2742 notis
385 2680 482 2740 doctis
501 2680 654 2739 illustrare
675 2693 804 2739 conatus
823 2694 881 2754 est,
905 2679 956 2740 sed
979 2681 1088 2756 etiam,
1108 2699 1177 2763 quae

133 2781 288 2861 praecipua
306 2776 371 2859 ejus
391 2779 485 2848 virtus
503 2790 561 2856 est,
583 2777 802 2848 studiosissime
823 2778 1022 2858 investigavit
1040 2789 1179 2841 mentem

132 2876 360 2957 consiliumque
378 2889 492 2957 poetae,
510 2888 540 2935 et
559 2889 626 2934 tum
649 2895 805 2952 summam
820 2873 955 2955 cujusvis
975 2874 1093 2950 Satirae,
1110 2889 1179 2938 tum

132 2973 324 3054 singularum
335 2976 471 3056 partium
482 2974 765 3054 sententiarumque
775 2973 1023 3055 copulationem,
1033 2975 1098 3034 vim
1106 2993 1179 3054 poe-

132 3072 240 3145 ticam,
254 3085 460 3147 venustatem,
474 3070 598 3130 facetias
615 3091 650 3129 ac
662 3069 753 3145 sales,
769 3091 882 3148 magna
897 3069 1021 3128 solertia
1033 3083 1180 3149 rectoque

132 3165 290 3246 elegantia
304 3188 392 3226 sensu
403 3167 578 3228 declaravit.
589 3169 678 3226 Hanc
688 3167 729 3226 ob
740 3187 862 3226 causam
876 3163 935 3249 ip'si
946 3187 1069 3246 quoque
1080 3166 1180 3226 Gran·
1247 3209 1250 3216 ·

133 3281 199 3343 gaeo
214 3262 421 3344 praeferendus
442 3262 578 3338 videtur,
596 3264 651 3342 qui
669 3262 755 3321 varia
773 3262 898 3342 quidem
916 3276 946 3320 et
963 3263 1112 3344 exquisita
1127 3261 1181 3322 do·

133 3361 234 3420 ctrina
245 3381 280 3420 eo
296 3363 435 3442 superior
447 3373 507 3436 est,
521 3358 572 3420 sed
590 3359 720 3419 inferior
730 3359 807 3420 bene
817 3377 1018 3440 accurateque
1031 3365 1181 3442 interpre-

134 3458 219 3518 tandi
239 3471 312 3518 arte.
330 3459 413 3520 Hinc
433 3459 527 3520 etiam
545 3459 786 3518 commentarius
806 3459 975 3520 Britannici
997 3461 1106 3542 saepius
1122 3459 1180 3522 sttb

133 3555 256 3637 prelum
265 3569 426 3618 revocatus
438 3567 498 3632 est,
511 3568 588 3616 etex
599 3576 634 3615 eo
647 3556 815 3637 Grangaeus
831 3555 945 3636 aliique
959 3554 1058 3616 multa
1073 3554 1181 3618 hause-

134 3667 221 3728 runt,
234 3673 273 3713 ne
289 3652 383 3712 fontis
401 3653 529 3735 quidem
545 3653 706 3714 mentione
722 3651 813 3714 facta.
832 3655 898 3736 lpse
911 3669 1015 3716 tamen
1028 3652 1181 3734 jactanter

134 3752 246 3830 magis,
261 3767 356 3832 quam
368 3771 440 3810 vere
455 3751 547 3824 dixit,
564 3765 672 3834 praeter
688 3749 818 3812 fortasse
837 3753 896 3810 tria
916 3765 971 3813 aut
986 3765 1122 3834 quatuor
1141 3749 1181 3812 ad

134 3868 292 3907 summurn
301 3845 386 3923 loca,
397 3845 477 3908 nihil
485 3868 610 3930 prorsus
618 3847 776 3925 relictum,
787 3848 896 3930 quoda
906 3869 1008 3909 senon
1018 3847 1181 3929 sitoptitue

134 3945 348 4007 dilucidatum:
362 3947 536 4008 doctrinam
550 3947 635 4008 enim
647 3947 712 4030 ejus
724 3961 753 4009 et
771 3950 1060 4031 interpretationem
1071 3947 1182 4029 aaepius

136 4043 254 4104 videbis
266 4065 328 4106 esse
340 4045 387 4108 vel
400 4047 503 4110 minus
515 4059 704 4123 accuratam,
718 4046 765 4108 rel
777 4048 873 4108 nimis
885 4056 1028 4128 argutam
1039 4055 1068 4105 et
1081 4045 1181 4109 subti-

134 4140 211 4220 lem,
222 4145 379 4225 copiosam
390 4159 422 4206 et
433 4164 672 4227 supervacuam,
683 4143 817 4206 alienam
831 4158 863 4206 et
874 4156 1059 4206 contortam.
