3176 4954
437 454 498 518 xx
522 453 663 518 xroxo
687 453 786 516 xxx
810 453 956 518 sxrrx.
1033 425 1037 432 ’
1151 458 1216 538 423

663 577 734 642 xx.

181 696 270 787 Quid
285 720 365 766 vero
380 710 448 781 est,
461 710 598 764 eentum
609 720 649 764 ac
660 694 843 766 ducentum
854 695 1025 788 possideas
1038 701 1068 764 ei

182 809 349 878 Millium?

659 919 746 984 XXI.

229 1041 351 1111 Omnia
365 1036 445 1120 alia,
464 1040 500 1104 in
517 1036 639 1132 quibus
657 1035 828 1104 efferimur
839 1035 956 1122 rebus,
973 1061 1016 1106 ne
1033 1061 1093 1131 ego
1111 1039 1227 1109 multis

182 1147 312 1244 loquer.

561 1281 563 1286 ·
650 1259 760 1326 XXII.

188 1393 197 1442 .’
223 1425 660 1442 .............
686 1371 775 1461 Quid
788 1378 969 1469 querimus
981 1399 1056 1446 acre

186 1485 366 1555 Inductum
380 1500 497 1566 cantu,
512 1480 726 1552 custoditum.

647 1605 770 1670 XXIII.

186 1727 250 1792 HIc
262 1739 301 1790 ut
312 1721 500 1817 muscipula
512 1737 682 1807 contento,
696 1740 735 1792 ut
746 1725 888 1818 scorpiu'
900 1725 1007 1796 cauda

188 1833 332 1904 Sublato.

649 1947 766 2012 XXIV.

189 2068 405 2159 Quantasque
415 2033 517 2131 modo
529 2087 711 2150 erumnas,
725 2081 938 2162 quantosque
952 2065 1083 2135 labores

190 2175 391 2244 Exonolaris.

660 2289 759 2354 XXV.

193 2453 342 2469 .....
369 2405 415 2470 Ut
425 2401 589 2495 pecudem
600 2418 634 2471 te
645 2407 860 2499 asinumque,
872 2405 1067 2500 ut.denique
1079 2407 1169 2473 nosci

191 2511 393 2579 Praestiterit.

652 2626 769 2690 XXVI.

193 2740 299 2807 Hicin
313 2753 458 2806 stercore
472 2738 583 2822 humi,
596 2738 801 2836 fabulisque,
814 2741 894 2809 fimo
905 2793 913 2824 ‚
925 2758 1025 2835 etque
1040 2739 1200 2812 sucerdis.

647 2864 781 2930 XXVII.

108 2989 110 2994 “
192 2974 384 3045 Deblaterot
395 2976 532 3070 plenus,
545 2977 645 3046 bonu'
660 2981 795 3049 rusticu’
807 2949 951 3074 concinit¹
964 3005 1043 3050 una.

230 3167 289 3220 XX.
307 3166 428 3220 Nonius:
447 3169 609 3236 Ducentem,
628 3189 692 3244 pro:
774 3167 854 3220 XXV.
869 3159 976 3220 'Nonius
996 3189 1002 3216 ι
1025 3166 1151 3230 Proser,
1173 3163 1238 3224 uuio

196 3246 380 3298 ducentorum.
738 3259 787 3300 eu.

230 3323 301 3374 XXI.
312 3323 555 3397 NoniuezEfferre‚
563 3326 694 3380 extollere.
774 3326 867 3378 XXVI.
891 3324 994 3376 Noniue
1014 3345 1020 3374 r
1040 3322 1166 3386 Suoerdoe.
1189 3323 1240 3380 Per

230 3405 312 3456 XXII.
331 3405 434 3458 Nonius
449 3427 455 3456 r
473 3408 567 3459 lodoci
572 3445 582 3474 ,
597 3421 637 3460 eet
651 3408 697 3462 eli·
741 3404 860 3471 fabulum
869 3403 936 3456 nihil
948 3401 1021 3456 aliud
1033 3421 1112 3473 quem
1126 3419 1188 3457 aem
1200 3403 1241 3457 Iu·

197 3483 292 3556 quibue
304 3481 414 3537 fallaciis
429 3483 524 3556 decipi.
739 3481 929 3553 bale'intelligi
953 3481 1032 3534 docet
1054 3479 1187 3552 Scesrgm,
1208 3479 1242 3534 erl

231 3564 323 3618 XXIII.
339 3565 441 3616 Nonius
456 3587 462 3616 z
477 3565 579 3632 Tenea,
595 3564 695 3618 dietum
741 3567 818 3614 Verr.
835 3560 868 3617 de
887 3565 924 3614 Re
938 3564 1012 3617 xusr.
1029 3559 1099 3614 Nem
1118 3577 1180 3617 ecus
1199 3561 1243 3615 Ia·

197 3662 262 3715 pro:
275 3656 390 3694 extensa.
742 3642 802 3696 bale
820 3644 846 3696 in
868 3640 1060 3712 sterquilinium
1075 3641 1160 3712 ingeri
1181 3637 1243 3694 roIi·

233 3721 325 3774 XXIV.
334 3722 448 3774 Nonius:
458 3721 612 3789 Examen,
621 3722 699 3772 etiam
743 3735 815 3788 tum,
829 3733 860 3772 ut
870 3719 946 3772 simul
959 3737 1019 3774 oum
1035 3718 1143 3772 aliarum
1153 3733 1242 3773 rerum

200 3797 329 3868 significat
357 3801 469 3870 perpeti.
495 3798 585 3852 Douea
607 3811 700 3868 pater,
743 3797 1242 3872 congestitiecoiiuviepumecerete-

200 3887 310 3948 quantas
332 3889 444 3951 quotque
473 3877 701 3932 modowrumnos
744 3878 869 3934 secedis.
883 3878 996 3935 Sacerda
1011 3891 1049 3935 est
1065 3877 1118 3928 euie
1133 3885 1241 3928 stercus.

201 3975 261 4028 pro:
274 3970 442 4030 quantasque,
453 3970 502 4010 eto.
516 3975 571 4012 nou
584 3956 700 4010 abnuen-
779 3958 886 4009 XXVII.
910 3955 1012 4009 Nonius
1031 3977 1038 4006 ε
1059 3951 1244 4016 Miletum,

202 4047 227 4086 te
249 4034 318 4087 libro
342 4039 441 4103 veteri,
464 4039 509 4109 qui
535 4036 702 4109 proferebat,
746 4050 785 4090 eet
805 4035 930 4108 obloqui,
949 4033 1105 4103 confingere·
1125 4028 1244 4094 Gallice,

201 4127 324 4186 quantos,
337 4135 441 4188 quoque
452 4115 537 4172 modo.
742 4115 814 4184 faire
829 4113 853 4166 Ie
868 4113 981 4167 habiero.
994 4115 1038 4163 Eo.
