2970 4936
327 450 370 538 96
500 449 656 512 VARIAE
679 448 952 514 LECTIONES
976 449 1038 513 ET
1062 449 1197 516 NOTAE

324 575 407 622 bonnm
419 573 507 636 Srpius
520 551 589 618 eiiam
601 573 700 619 recurrit
712 573 738 618 iu
751 573 891 619 membranis
906 575 929 618 in
943 576 1020 630 terrim
1034 573 1076 619 setI
1085 573 1148 636 apud
1160 575 1319 632 Lactantium,
1336 579 1385 639 qui

244 711 248 716 Ι
325 645 366 691 lib.
376 647 399 702 I,
414 661 465 710 cap.
479 661 506 700 2,
520 643 562 700 13,
573 643 649 690 locum
660 643 741 693 retulit
752 645 871 708 fusiusque
884 656 1111 702 commentatorem,
1124 645 1202 709 legere
1214 650 1282 693 estin
1294 656 1382 692 mnus.

360 755 428 807 Nor.
448 753 491 805 61.
509 753 532 805 0
549 768 632 804 curvoe
651 751 680 804 iu
697 763 775 804 terras
791 753 888 804 animm
904 763 930 803 et
947 751 1088 804 coeiestium
1107 754 1212 805 inanes!
1222 782 1258 792 -
1273 753 1384 814 Cretum

263 872 267 880 .
326 853 432 905 pronae,
445 831 671 906 quemadmodum
683 831 756 905 apud
768 833 844 885 Otid.
858 835 965 896 Metam.
979 835 1006 898 I,
1019 831 1053 898 84
1063 851 1120 904 sqq.
1131 854 1137 882 =

527 931 645 986 Pronaque
652 943 723 984 quum
730 940 828 986 spectent
835 929 938 974 enlmsIIa
944 939 1021 974 cutem
1030 938 1125 978 terrm

529 997 557 1038 Os
567 995 651 1037 homini
658 994 753 1038 sublime
762 997 835 1049 detlit,
845 996 965 1054 celumque
974 997 1031 1040 tueri

528 1060 606 1112 Iussit,
616 1071 638 1104 et
647 1068 729 1104 erectos
737 1062 764 1104 ad
775 1062 844 1105 sidera
855 1062 928 1106 tollere
937 1063 1018 1106 vultus.

327 1148 376 1200 IIic
390 1163 452 1197 vero
468 1146 588 1196 satiricus
606 1144 686 1215 longe
703 1143 779 1196 aliter
797 1147 886 1197 facere
903 1144 1039 1199 hominem
1054 1145 1215 1218 indignatur,
1234 1165 1265 1200 uc
1282 1161 1384 1200 natura

320 1227 443 1300 jusserit,
455 1227 630 1297 ignarumque
642 1236 742 1276 nature
755 1222 865 1276 deorum
877 1225 943 1277 nihil
956 1224 1026 1277 ultrs
1036 1243 1078 1277 res
1090 1239 1206 1280 terrenas
1219 1242 1350 1300 spectare.

358 1424 421 1469 Vsu.
438 1422 476 1468 62.
489 1421 551 1481 Quid
553 1424 622 1485 Juvat
629 1419 669 1466 lot
677 1419 766 1484 templis
773 1429 862 1468 nostros
871 1423 988 1468 immittere
995 1423 1206 1485 numu-legunt
1213 1423 1383 1478 Canubonus,

328 1508 353 1545 et
365 1497 450 1557 Koeuig
463 1494 550 1557 aliique
563 1493 613 1539 lere
632 1507 711 1539 omncs
726 1493 829 1540 editores
843 1493 884 1540 hoc
890 1515 899 1550 ,·
913 1511 957 1556 ego
971 1511 1027 1542 vero
1045 1496 1135 1558 praetuli
1152 1495 1191 1542 ltus
1204 1497 1269 1560 quod
1282 1497 1306 1541 in
1321 1498 1385 1543 meis

328 1568 445 1616 nonnullis
456 1568 531 1614 MMS.
544 1567 656 1622 recurrit,
669 1565 780 1630 quodque
792 1565 938 1630 elegantioris
949 1566 1042 1614 ridetur
1054 1583 1104 1616 etse
1115 1570 1251 1617 latinitatis.

364 1691 432 1741 Nor.
447 1688 490 1740 62.
503 1685 573 1756 Quid
573 1688 653 1758 juvat
663 1684 708 1737 Itos
718 1683 822 1758 templis
831 1699 930 1739 nostrus
938 1687 1077 1738 immittere
1086 1705 1175 1739 moret.
1184 1713 1221 1725 -
1229 1686 1385 1757 Quidy'uoat

330 1772 480 1832 immittere,·
497 1785 576 1838 quem
592 1765 699 1818 tandem
716 1763 751 1816 ad
767 1765 846 1817 linem
862 1766 1138 1833 immittitisP-Hos,
1153 1779 1310 1837 praesentes,
1325 1785 1383 1838 pu·

330 1849 440 1901 dendus.
447 1877 484 1889 -
491 1845 607 1917 Templis
622 1845 762 1898 immittere
772 1863 867 1910 moues,
886 1845 989 1898 felicior
1001 1845 1084 1917 ligura
1100 1865 1150 1916 pro
1167 1845 1201 1897 ad
1212 1845 1278 1897 deos
1292 1859 1384 1897 nans-

331 1929 408 1981 Ierrs.
424 1927 498 1979 Plato
511 1928 539 1977 in
551 1924 679 1998 Eutyphr.
693 1939 757 1977 tom.
772 1926 799 1991 I,
812 1944 872 1998 pag.
883 1927 932 1992 33,
943 1926 993 1976 Ed.
1006 1927 1111 1996 Bipont.
1123 1947 1128 1976 :
1142 1922 1229 1994 Opim
1244 1923 1271 1978 ii
1277 1945 1334 1990 μοι,
1347 1923 1384 1980 cie

330 2007 343 2061 si
356 2004 457 2074 &pistre
467 2006 515 2061 rtis
526 2004 581 2059 istic
592 1999 652 2055 triac
663 2002 714 2057 siri
728 2003 774 2056 τὸν
786 2003 861 2073 δόμοι
872 2000 901 2059 οἷν
914 2005 971 2074 trep'
985 2004 1047 2070 lpn'r
1062 2003 1262 2071 seueritatem]
1271 1994 1317 2072 pair
1332 2005 1385 2074 peip

330 2087 421 2142 lilim
434 2083 506 2140 τινὰ
516 2083 590 2139 liuor.
604 2081 679 2138 oltlr
690 2081 737 2152 ’γάρ
750 2083 810 2137 intr
823 2083 874 2149 ίμῖν
886 2073 979 2152 riyeiir
992 2083 1016 2147 δ’,
1027 2105 1051 2137 m
1064 2083 1133 2150 sirmi
1146 2085 1223 2140 imitor
1235 2089 1313 2140 tim·
1327 2085 1385 2140 aiii

330 2170 387 2240 ..φ’
394 2161 621 2235 ἰμῦιλιμξιὶιονω,
628 2163 654 2215 τί
660 2155 814 2226 delinirem
822 2185 833 2209 ι
841 2164 884 2216 dic
892 2165 956 2217 mibi
964 2167 1087 2238 quisnam
1096 2169 1128 2219 sit
1135 2166 1184 2220 diis
1191 2185 1283 2219 sarum
1291 2185 1384 2219 renim

330 2269 411 2316 usus,
423 2266 489 2319 quas
501 2244 605 2298 anobis
621 2243 694 2296 dono
711 2246 864 2316 accipiant?
877 2247 946 2297 Nam
961 2264 1020 2317 quse
1036 2249 1088 2318 ipsi
1104 2245 1262 2317 largiantur,
1278 2247 1384 2322 ubique

331 2329 470 2403 propalam
484 2340 553 2380 sunt.
569 2323 679 2376 Nullum
690 2337 730 2377 est
742 2326 812 2376 enim
822 2324 902 2376 nobis
914 2323 1028 2392 bonum,
1041 2325 1115 2396 quod
1127 2326 1160 2378 ab
1172 2329 1235 2398 ipsis
1246 2347 1301 2379 non
1315 2330 1386 2380 scci-

331 2413 450 2482 piamus;
462 2408 494 2459 iis
506 2422 570 2458 vero
581 2424 640 2478 quse
652 2424 669 2456 a
681 2403 759 2457 nobit
770 2422 910 2475 accepere,
923 2421 976 2474 quo
989 2404 1070 2456 modo
1083 2405 1190 2457 tandem
1201 2408 1328 2458 utuntur?
1336 2430 1349 2454 ι

366 2529 434 2580 Νοτ.
453 2525 496 2578 63.
516 2523 553 2576 Et
568 2523 635 2575 botta
650 2519 690 2576 dis
704 2541 736 2576 ex
752 2521 801 2575 ltac
814 2513 937 2576 scelerato
950 2522 1042 2575 ducere
1054 2524 1147 2596 pulpa.
1159 2526 1242 2577 —Iit
1259 2526 1326 2577 botta
1341 2525 1384 2578 dis

331 2607 438 2666 ducem
448 2603 569 2676 judicare
584 2621 640 2674 quas
650 2601 701 2672 diis
713 2615 787 2670 grata
799 2604 850 2654 sint
863 2616 889 2654 et
899 2600 982 2654 utilia.
990 2605 1075 2654 -Ex
1087 2603 1136 2656 lac
1146 2602 1268 2658 scelerato
1278 2601 1383 2677 pulpa,-

332 2706 364 2740 ex
374 2700 465 2738 nostro
477 2701 555 2735 sensu
567 2695 691 2751 corrupto
702 2699 732 2731 ac
743 2680 901 2752 depravato,
913 2683 951 2734 ita
964 2696 1008 2748 ut,
1020 2683 1244 2754 quemadmodum
1256 2703 1306 2736 uos
1320 2703 1385 2736 cur-

332 2767 405 2836 rupti
416 2765 575 2825 sentiamus,
588 2762 626 2812 ita
634 2759 699 2811 deos
712 2761 810 2813 sentire
819 2760 938 2813 velimus.
950 2761 1051 2834 Palpo,
1063 2765 1170 2835 proprie
1180 2783 1240 2816 caro
1253 2782 1385 2833 uvarum,

331 2847 481 2909 fructuum,
499 2840 640 2903 arborum
660 2841 745 2890 omnis
760 2857 822 2892 caro
840 2843 895 2893 sine
911 2842 1023 2894 ossibus.
1039 2845 1088 2894 Hic
1105 2863 1155 2914 pro
1167 2846 1240 2895 omni
1251 2863 1386 2917 corpore,

332 2923 374 2977 rel
389 2926 466 2976 etiam
480 2939 530 2992 pro
544 2918 653 2971 mollitis
668 2938 699 2971 ac
715 2919 778 2971 luxu
791 2939 843 2992 quo
856 2921 1000 2975 diffluimus
1018 2927 1161 2994 accipitur3
1177 2913 1255 2994 planis
1270 2927 1339 2977 sicut
1354 2928 1384 2977 in

333 3005 413 3058 sacris
427 3000 499 3052 libris
513 3018 572 3052 caro
584 2999 652 3050 solet
664 3001 737 3070 poni.
750 3000 894 3067 Scelerata,
909 3003 969 3072 quis
983 3007 1087 3074 corpori
1101 3023 1150 3076 per
1163 3003 1261 3074 flagitia
1275 3023 1306 3056 sc
1321 3024 1384 3058 sce·

333 3085 387 3137 Iera
398 3081 559 3152 voluptuarii
572 3079 714 3150 gratificari
725 3078 819 3133 solent.

367 3199 440 3250 Nor:
454 3196 498 3263 64.
519 3195 584 3247 IIoec
601 3195 650 3248 sibi
665 3208 783 3268 corrupto
798 3198 892 3249 casiam
910 3198 1027 3251 dissolvit
1042 3197 1119 3253 olivo.
1134 3231 1170 3242 -
1183 3199 1240 3251 Iloc
1254 3218 1332 3251 versu
1351 3220 1384 3253 ac

334 3291 433 3350 septem
448 3275 620 3347 sequentihus
635 3289 774 3347 comparat
787 3278 856 3329 iuter
866 3297 894 3330 sc
904 3279 1048 3346 luxuriam,
1063 3297 1121 3349 quae
1136 3277 1168 3330 ab
1183 3278 1336 3331 hominibus
1355 3282 1384 3331 in

333 3357 428 3414 habitu
447 3357 575 3428 cultuque
594 3359 715 3429 corporis
735 3371 891 3429 usurpatur,
911 3378 971 3410 cum
989 3357 1031 3410 illa
1050 3377 1107 3430 quae
1123 3361 1149 3410 in
1168 3358 1241 3410 cultu
1259 3357 1383 3411 deorum.

333 3440 479 3508 Utramque
490 3437 645 3507 pronuntiat
657 3453 715 3486 esse
726 3437 848 3487 vitiosam
858 3447 872 3498 3·
881 3438 966 3507 majus
982 3450 1070 3488 tamen
1087 3439 1143 3506 ejus
1155 3437 1247 3488 vitium
1259 3450 1317 3503 est,
1330 3455 1385 3508 qua

334 3535 375 3570 ras
389 3519 518 3589 pretiosas
532 3515 582 3568 diis
595 3515 757 3581 offeramus,
775 3516 872 3588 quibus
889 3535 975 3588 neque
990 3515 1143 3586 indigeant,
1158 3534 1246 3587 neque
1262 3531 1384 3582 utantur,

334 3599 374 3649 uti
388 3615 437 3650 nos
453 3596 716 3658 mortales-Hau·
730 3596 814 3669 pulpa
831 3596 931 3650 scilicet
945 3610 990 3648 aut
1004 3597 1135 3662 luxuries,
1153 3599 1228 3667 cujus
1246 3611 1385 3649 enumerat

335 3689 450 3748 quatuor
461 3675 548 3727 studia
560 3676 662 3739 inania,
674 3686 703 3725 ut
716 3689 842 3747 appareat
856 3678 953 3746 exejus
963 3675 1065 3746 judicio
1078 3673 1143 3727 nihil
1155 3694 1213 3728 esse
1225 3675 1259 3727 de
1271 3675 1322 3727 diis
1334 3689 1386 3726 sta·

334 3755 480 3810 tuendum:
495 3756 519 3807 1⁰
528 3769 678 3826 unguenta,
690 3774 747 3827 qun
759 3755 880 3827 intelligit
891 3776 941 3828 pro
951 3759 1020 3809 casia
1029 3756 1086 3809 oleo
1095 3755 1234 3818 dissoluto3
1249 3758 1274 3808 2⁰
1283 3775 1385 3829 purpu-

335 3854 463 3908 ram,pro
472 3833 565 3887 veliem
573 3833 695 3901 Calabro,
704 3837 750 3907 qui
761 3837 857 3887 murice
866 3835 980 3903 vitiatur,
988 3835 1015 3887 id
1023 3849 1076 3901 est,
1086 3838 1208 3906 tingitum
1217 3835 1244 3888 3⁰
1252 3853 1385 3907 gemmas,

335 3935 385 3988 pro
393 3915 476 3967 baccis
485 3913 703 3975 conchoeabrotis;
716 3915 744 3981 4⁰
752 3932 862 3981 aurum,
874 3933 924 3985 pro
933 3916 1051 3968 strictura
1060 3932 1131 3966 oenc
1140 3914 1258 3968 deemdo
1265 3913 1382 3987 pulvere.

336 4027 369 4038 —-
380 3999 481 4052 castam
492 3997 538 4049 sibi
550 3995 666 4048 dissolvit
676 3995 754 4050 olivo.
768 4000 924 4067 Unguenta,
937 3997 1083 4051 secuudum
1094 3996 1222 4064 Plinium,
1240 3999 1305 4049 Hist.
1319 3997 1383 4047 Nat.

336 4077 411 4143 XIII,
425 4091 489 4129 sect.
506 4093 529 4141 1,
544 4074 703 4127 constabant
718 4093 749 4126 ox
764 4074 890 4128 odoribus
905 4077 973 4127 tritis
989 4073 1045 4128 oleo
1062 4074 1174 4127 admisto
1191 4087 1217 4126 et
1234 4077 1319 4127 resina
1337 4087 1384 4125 aot

327 4143 452 4223 'gummi,
470 4168 499 4206 nt
515 4153 614 4208 diutins
629 4153 698 4206 bene
715 4153 832 4217 olerent;
849 4155 947 4208 coloris
962 4155 1062 4225 gratia,
1081 4153 1212 4206 interdum
1230 4151 1383 4207 cinnabaris
