2970 4936
360 453 403 537 9⁴
535 444 690 520 varra
713 413 985 508 ascalonas
1010 441 1071 506 ss
1096 441 1230 507 nora

359 575 456 630 salet.»
471 573 546 624 Hanc
557 568 762 641 explicationem
778 585 827 638 epo
841 579 947 618 secutus
964 584 1039 630 anm,
1060 581 1148 637 neque
1163 583 1320 620 mareoten
1335 569 1415 640 quoti

359 668 451 714 monet
472 654 583 722 litenis,
603 649 720 702 excutiat
735 658 823 722 puttas
841 646 874 699 tle
895 647 992 700 sudore
1010 665 1067 700 non
1083 665 1163 718 posse
1182 646 1306 720 intelligi,
1326 665 1413 720 quum

356 747 412 815 jam
424 734 586 810 precesserit
597 731 678 784 tudes.
693 730 762 781 Nam
775 748 806 782 ea
818 747 868 780 vox
879 729 953 781 sudet
963 727 1029 780 nihil
1041 726 1113 780 alind
1125 729 1256 799 significat
1268 745 1349 802 qnam
1362 743 1414 783 tre·

357 822 444 894 pidet,
462 827 562 879 astura,
584 829 695 884 queres
712 808 794 882 paulu
806 809 892 862 fusius
907 821 934 860 et
945 811 1064 863 ornatius
1078 821 1162 880 poetae
1174 810 1224 862 fuit
1236 810 1412 882 exprimenda

360 921 408 975 per
420 917 451 952 ea
463 915 521 969 quae
533 904 714 964 sequerentur.
730 887 807 942 Adde
818 886 891 960 qnod
903 906 934 940 ea
944 907 1005 960 pars
1015 891 1135 960 corporis
1145 889 1218 942 sudet
1227 893 1413 961 potissimum,

342 1001 345 1017 ·
361 1001 418 1054 quos
428 977 595 1052 potissimum
606 983 813 1024 commoveatur.
824 971 882 1022 Hoc
894 981 983 1022 autem
994 967 1055 1022 loco
1066 983 1187 1022 movetur
1197 987 1243 1022 cor
1250 983 1277 1022 et
1286 971 1411 1042 trepidat.

396 1089 465 1140 lior.
483 1081 526 1135 5⁵.
541 1079 612 1131 Hirro
625 1075 700 1128 illud
709 1076 802 1141 saliit,
817 1093 882 1128 aum
898 1088 980 1127 nctus
991 1075 1061 1148 quod
1073 1076 1294 1138 ovato-iliae,
1306 1079 1371 1149 quia
1384 1087 1412 1128 ru

360 1169 441 1220 homo
456 1174 594 1230 tantopere
612 1172 677 1207 aum
694 1165 722 1206 et
736 1153 814 1206 donis
832 1152 1104 1206 delectarum-Illud
1117 1155 1212 1216 mallim
1227 1153 1280 1208 bac
1296 1158 1370 1208 venit
1385 1159 1412 1206 in

359 1255 490 1309 mentem,
505 1239 656 1312 proiectum
672 1252 706 1287 ex
722 1235 958 1288 errore—(hrota
971 1253 1049 1296 auru,-
1060 1234 1177 1306 intellige
1193 1237 1335 1306 pecuniam
1352 1251 1412 1308 qne

360 1349 392 1382 ex
401 1324 489 1400 preda
498 1318 603 1373 vendita
613 1314 758 1368 victoribus
768 1313 882 1368 ducibus
890 1313 1079 1386 colligebatnm
1092 1313 1230 1367 manubias
1239 1315 1413 1388 appellabam

361 1405 500 1463 simulacra
519 1413 546 1452 et
562 1399 690 1467 imagines
709 1396 747 1447 sic
764 1395 791 1445 in
809 1393 914 1465 templis
933 1407 1044 1445 erectae
1062 1395 1091 1444 ln
1107 1394 1219 1466 fastigiis
1234 1393 1287 1446 iuri
1303 1397 1412 1465 Trajani

361 1485 501 1542 simulacra
513 1493 576 1533 sunt
589 1479 638 1530 sita
654 1476 755 1525 circum
769 1472 888 1546 undique
904 1475 1026 1524 inaurata
1038 1491 1169 1543 equorum
1182 1488 1263 1545 atque
1275 1477 1413 1547 signorum

359 1568 528 1628 militarium,
540 1557 774 1626 subscriptamque
787 1567 826 1605 est
837 1571 852 1605 e
862 1555 1001 1605 manubiis.
1015 1555 1078 1622 Ejus
1090 1554 1129 1604 rei
1142 1552 1261 1626 exempla
1272 1557 1412 1608 innumera

359 1649 441 1702 babet
452 1647 564 1697 Roman.
577 1636 702 1696 historin
718 1633 765 1686 aed
777 1649 873 1686 aurum
885 1651 917 1686 ex
929 1633 1007 1685 haste
1019 1645 1129 1704 captum
1142 1635 1315 1705 scriptoribus
1332 1635 1411 1710 vulgo

360 1729 459 1782 dicitur
475 1721 566 1798 potius
585 1705 776 1786 tiiumplsatum
792 1731 874 1786 quam
892 1725 1008 1767 ovatum.
1027 1712 1086 1764 vid.
1107 1712 1168 1765 Aul.
1186 1713 1253 1766 Geli.
1274 1715 1352 1784 Xlll,
1371 1717 1411 1768 23.

362 1807 471 1872 Ovatt'o,
488 1804 575 1856 minor
591 1793 758 1865 triumphus,
778 1793 815 1845 sic
835 1791 921 1860 dicta,
941 1805 971 1843 ut
984 1791 1120 1843 nonnuliis
1134 1789 1235 1863 placet.
1256 1796 1319 1866 quia
1339 1797 1368 1846 in
1382 1813 1412 1848 ea

360 1886 526 1940 mactabatur
538 1879 605 1944 ouis,
618 1875 668 1927 bos
683 1875 710 1926 in
724 1871 816 1926 altero.
830 1871 900 1925 Male
912 1870 1021 1942 quidam
1033 1869 1171 1924 deducunt
1184 1884 1289 1925 ovawm
1301 1873 1337 1926 ab
1351 1893 1413 1938 eun,

361 1967 435 2041 quod
447 1981 505 2036 qne
518 1964 675 2013 inaurentur
685 1955 762 2024 prins
771 1953 814 2004 oui
825 1951 887 2004 albo
897 1951 1044 2004 illinuntur.
1058 1953 1146 2020 Quam
1157 1952 1256 2005 frustra
1268 1965 1362 2006 tuetur
1371 1957 1414 2008 in-

361 2044 580 2118 terpretationem
592 2035 768 2089 britannicus.

396 2145 463 2197 lior.
479 2141 521 2195 56.
531 2133 655 2190 Perducis
657 2131 750 2203 facies.
758 2125 1030 2200 -Perduer‘proprie
1038 2125 1164 2180 dicuntur
1170 2131 1297 2202 imagines
1305 2151 1412 2205 Ἥρω

361 2237 388 2278 et
404 2237 548 2286 marmore,
567 2232 622 2267 non
640 2229 672 2264 ex
688 2225 768 2276 auro,
785 2207 870 2260 velex
884 2225 949 2273 ere,
965 2206 1147 2260 velemetallo
1159 2209 1287 2281 quoliha,
1303 2213 1411 2263 Dictum

361 2316 402 2356 est
413 2300 493 2373 igitur
501 2297 553 2349 laoc
563 2293 624 2346 loco
635 2288 832 2362 metaphorice,
845 2285 956 2340 simodo
968 2285 1033 2357 quid
1042 2287 1155 2360 amplius
1165 2309 1196 2342 ea
1205 2308 1255 2340 vox
1267 2289 1413 2364 significas,

363 2401 443 2458 quam
456 2378 590 2442 oblinere,
603 2369 876 2424 inaurare-Sacros
885 2367 983 2440 facies,
994 2365 1106 2418 deorum
1119 2387 1213 2441 nempe
1225 2371 1362 2442 imagines.

396 2491 464 2541 Nor.
481 2486 524 2556 57,
535 2485 577 2537 58.
588 2483 660 2534 Nam
665 2477 763 2550 fratres
772 2474 943 2528 interabenos
951 2475 1059 2528 Somnia
1068 2477 1164 2546 pituita
1174 2478 1219 2548 qui
1226 2478 1412 2551 purqatissima

362 2566 590 2623 mittunt—ilem
601 2555 721 2626 exemplo
732 2552 838 2626 planius
851 2552 973 2624 explicat.
984 2553 1066 2619 Nam,
1076 2555 1188 2624 excarpli
1199 2558 1297 2624 gratia,
1309 2559 1410 2626 inquit,

362 2665 424 2704 sunt
437 2653 466 2702 in
478 2643 608 2717 Apollinis
621 2638 732 2690 Palatini
744 2637 849 2706 porticu
862 2635 1053 2706 quinquaginta
1066 2635 1171 2707 AEgypti
1184 2635 1299 2690 filiorum
1312 2635 1411 2708 effigies

361 2741 521 2786 consecratas
533 2739 625 2776 omnes
637 2735 741 2780 exere,
757 2715 898 2767 ethonore
913 2717 985 2785 pari:
998 2722 1104 2781 verum,
1120 2718 1141 2767 si
1156 2734 1314 2790 persuasum
1330 2719 1411 2772 alicui

361 2815 454 2877 fuerit,
464 2829 491 2861 se
500 2807 628 2859 veriorem
637 2797 789 2851 incubando
801 2795 990 2847 divinationem
1004 2815 1060 2848 esse
1071 2811 1242 2850 consecutum
1251 2798 1344 2871 (quam
1354 2819 1410 2852 rem

360 2895 417 2948 fieri
429 2905 528 2943 veteres
544 2879 767 2948 arbitrabantur),
779 2875 860 2949 idque
871 2879 1002 2928 existimet
1010 2878 1110 2928 iactum
1122 2879 1202 2930 fuisse
1212 2883 1301 2952 potius
1314 2879 1411 2934 borum

362 2988 488 3036 munere,
501 2983 581 3037 quam
594 2959 716 3021 illorum,
730 2960 752 3008 is
764 2955 829 3022 hos,
842 2973 906 3028 quos
917 2954 1107 3028 sibipropitios
1117 2957 1215 3025 credit,
1231 2961 1342 3012 instituit
1355 2964 1411 3013 sin·

362 3051 445 3129 gulari
457 3049 559 3101 honore
569 3061 621 3114 prae
631 3041 731 3091 caeteris
740 3037 846 3090 afficere
862 3051 888 3088 et
900 3056 966 3089 auro
977 3038 1073 3090 colere.
1091 3037 1201 3090 Barbam
1213 3041 1292 3112 igitur
1302 3059 1411 3094 auream

362 3133 412 3187 illis
423 3127 527 3201 jubebit
540 3121 649 3194 apponi.
662 3121 712 3169 Pro
720 3117 848 3188 fratribus
859 3113 950 3167 ahenis
966 3115 1053 3187 placet
1068 3115 1226 3187 quibusdam
1240 3136 1296 3169 esse
1311 3119 1410 3172 intelli-

362 3213 463 3288 gendos
474 3207 538 3260 deos
548 3219 654 3266 omnes,
665 3201 711 3271 qui
723 3213 890 3250 communem
901 3209 1010 3247 matrem
1024 3215 1144 3266 magnam
1156 3195 1272 3250 habeant
1283 3200 1411 3272 Berecyn-

363 3291 453 3346 thiam.
471 3287 523 3339 Alii
539 3301 593 3336 non
610 3297 700 3331 omnes
716 3275 884 3345 intelligunt,
898 3273 945 3328 sed
959 3293 1004 3328 eos
1018 3289 1137 3341 tantum,
1150 3295 1264 3348 quorum
1280 3291 1370 3332 essent
1384 3280 1410 3329 in

362 3371 456 3425 eodem
464 3363 565 3437 templo
574 3373 682 3423 statuae3
695 3357 740 3411 alii
748 3370 875 3428 penates,
888 3357 934 3428 qui
945 3358 972 3406 in
983 3354 1075 3407 eadem
1086 3355 1185 3408 l'amilia
1199 3354 1361 3422 colerentur,
1375 3359 1410 3409 ita

362 3467 392 3506 ut
406 3451 481 3524 quasi
488 3449 584 3522 fratres
595 3455 697 3502 essent;
713 3439 757 3490 alii
768 3437 879 3490 Castora
890 3450 916 3488 et
926 3432 1076 3502 Pollucem,
1089 3453 1200 3507 quorum
1207 3436 1327 3508 fratrum
1340 3435 1410 3490 redes

362 3537 451 3586 Romae
462 3533 512 3583 fuit
523 3525 709 3584 celeberrima3
722 3521 782 3586 alii,
795 3519 928 3590 iidemque
942 3535 1055 3570 numero
1067 3531 1093 3568 et
1109 3519 1268 3569 auctoritate
1280 3520 1410 3590 majores,

363 3617 494 3667 Acronem
510 3607 595 3662 sccuti
612 3606 687 3673 cujus
702 3603 821 3654 meminit
835 3601 985 3664 Cornutus,
1000 3599 1190 3669 quinquaginta
1206 3611 1312 3649 censent
1327 3599 1410 3650 fuisse

363 3705 463 3746 statuas
480 3683 631 3742 Danaidum
649 3685 675 3734 in
695 3683 800 3752 porticu
814 3674 944 3750 Apollinis
961 3677 1088 3743 Palatini,
1107 3689 1132 3728 et
1148 3677 1257 3728 totidem
1272 3689 1410 3748 equestres

363 3775 412 3828 sub
423 3775 473 3826 Dio
485 3769 598 3822 liliorum
609 3765 727 3837 AEgypti3
741 3781 772 3813 cx
786 3760 874 3832 quibus
891 3759 983 3810 statuis
995 3757 1114 3828 quedam
1128 3758 1348 3811 existimabantur
1358 3779 1411 3830 po·

363 3849 523 3908 stulantibus
541 3868 600 3900 vera
614 3844 714 3899 somnia
731 3839 851 3904 immitti,
869 3850 949 3908 atque
964 3837 1059 3889 borum
1081 3839 1116 3889 ait
1132 3841 1230 3890 Noster
1246 3840 1411 3910 precipuum

364 3953 421 3987 esse
431 3931 545 3994 cultum,
555 3929 710 3997 barbamque
720 3920 834 3973 inaurari
845 3917 878 3969 ab
887 3919 932 3983 iis,
944 3919 990 3988 qui
999 3918 1064 3969 nilril
1074 3928 1168 3988 praeter
1176 3929 1278 3969 terrena
1288 3919 1410 3987 sapiunt,

364 4031 464 4085 suaque
484 4009 533 4060 diis
550 4024 660 4057 munera
675 4002 768 4054 volunt
787 3997 941 4069 rependere.
959 3999 1079 4068 Propert.
1094 3998 1134 4061 ll,
1150 3998 1197 4062 23,
1213 4013 1221 4047 ι
1236 4015 1312 4068 sqq.;
1331 3995 1408 4049 Ovid.

362 4093 442 4144 Trist.
455 4092 503 4156 lll,
517 4107 538 4154 r,
550 4089 583 4157 59
595 4078 971 4159 sqq.;Veteremscholiastem
980 4075 1194 4129 virle-Somnia
1205 4076 1303 4148 pituita
1314 4093 1409 4150 parpa-

364 4174 469 4227 tissima.
478 4173 520 4225 Sic
529 4167 648 4243 appellat
658 4167 770 4236 figurate
780 4161 893 4226 somnia,
905 4179 961 4232 qun
972 4161 1023 4212 sint
1033 4156 1084 4209 lide
1094 4155 1261 4226 dignissima
1274 4157 1408 4212 verissima
