3176 4954
462 455 522 518 ex
546 454 691 519 mono
714 456 777 518 xv
801 453 949 518 sirm.
1160 456 1222 544 377

679 586 735 647 [V.

186 697 225 759 ln
238 715 380 760 numero
391 717 537 787 quorum
548 717 639 760 nunc
650 691 770 785 primu'
781 690 961 760 Trebelliu'
974 692 1081 759 multo

184 801 462 871 Obmaroessebat
471 802 589 885 febris,
604 806 751 883 senium,
763 804 925 883 vomitus,
940 826 1015 893 pus.
1108 813 1115 820 '

638 915 643 922 '
686 919 727 980 V.

183 1031 297 1112 Quum
308 1041 435 1093 tectum
446 1040 512 1106 est,
524 1024 657 1118 quidvis
670 1028 750 1092 sotis
762 1040 822 1090 est.
836 1025 948 1090 Visuri
961 1021 1059 1089 alieni

184 1136 268 1202 Sunt
278 1135 454 1202 homines?
468 1135 591 1226 spiras,
604 1131 744 1224 pallam,
760 1129 956 1199 redimicula
967 1133 1101 1222 promit.

676 1246 733 1307 Vl.

184 1351 329 1437 Penula,
341 1356 370 1420 si
382 1354 521 1448 quaeris,
534 1349 693 1421 canteriu'
706 1349 827 1434 serru',
841 1365 988 1442 segestro

183 1463 305 1532 Utilior
316 1463 416 1546 mihi,
430 1487 531 1558 quam
543 1464 689 1556 sapiens.

670 1575 743 1640 Vll.

182 1680 276 1750 Adde
290 1683 371 1749 istos
384 1705 477 1750 sacer
487 1681 582 1750 illoto
594 1680 681 1750 collo
693 1704 733 1748 oc
745 1678 914 1772 syrolenix

182 1789 271 1876 Quid
281 1790 390 1859 facere
403 1809 453 1859 est
467 1791 606 1860 solitus?
656 1887 736 1950 vm

185 2045 336 2060 .....
364 1999 438 2063 Non
451 1995 638 2087 ergastulus
652 2018 758 2075 unus,
772 2007 806 2060 et
818 1991 903 2060 alius
912 1989 1060 2084 judicem

182 2096 368 2188 Opposivit.

216 2241 260 2292 lv.
273 2243 376 2296 Nonius
386 2265 393 2295 ι
404 2245 510 2298 Senium
523 2257 561 2298 est
575 2245 680 2298 taedium
725 2251 830 2324 quidem
849 2249 974 2302 mandere
993 2251 1052 2320 tibi,
1071 2253 1092 2302 oi
1112 2251 1223 2322 queris,

182 2331 209 2370 et
232 2320 347 2374 odium:
368 2323 469 2376 dictum
489 2343 505 2376 a
527 2337 680 2390 senectute,
724 2329 887 2383 habebam.»
904 2330 1060 2382 Describere
1074 2342 1161 2381 nutem
1173 2328 1227 2381 hoc

182 2399 254 2472 quod
268 2420 344 2455 senes
366 2406 488 2457 omnibus
506 2403 568 2456 odio
586 2407 637 2458 siut
655 2417 681 2456 et
724 2409 784 2462 loco
806 2407 890 2461 voluit
911 2408 1027 2461 Lucilius
1050 2405 1170 2459 hobitum
1194 2425 1225 2458 ae

181 2479 265 2534 trodio.
286 2513 321 2522 -
338 2483 440 2550 Febris,
460 2487 560 2538 senium
570 2522 578 2549 ,
597 2484 681 2538 eomi-
725 2489 824 2542 cultum
835 2491 1073 2560 peregrinantium,
1087 2500 1226 2538 utcontra-

181 2571 236 2628 tus,
252 2575 301 2616 etc.
314 2565 439 2617 Convicia
453 2567 481 2617 in
493 2565 614 2618 homines
632 2567 681 2616 im·
725 2573 792 2622 riam
810 2571 833 2622 ei
846 2571 1002 2621 sententiam
1015 2567 1126 2638 protulit
1141 2567 1225 2618 Varro

180 2659 262 2710 puros
275 2643 329 2711 jaci
342 2642 427 2696 solito.
442 2644 549 2696 Plautus
565 2641 679 2696 Mostell.
725 2647 825 2718 virgul.
848 2649 935 2699 Divin.
964 2648 1046 2698 «Non
1067 2643 1225 2718 querenda,

180 2717 215 2772 do
233 2721 337 2774 Lauina
355 2722 484 2794 loquens,
505 2726 554 2790 lll,
579 2741 607 2791 1,
631 2739 679 2794 17:
725 2729 876 2799 inquit‚est
887 2725 987 2778 homini
998 2729 1043 2798 qui
1054 2725 1135 2777 habet
1145 2725 1226 2774 virtu-

183 2799 321 2862 *Absolve
340 2801 411 2855 hunc
431 2822 518 2876 queso
535 2806 680 2871 vomitum,
725 2820 788 2872 tem,
799 2806 895 2877 penula
906 2809 932 2858 in
947 2806 1033 2857 imbri.
1044 2828 1055 2852 ι
1068 2835 1103 2844 -
1112 2805 1227 2878 Sepestre

179 2895 213 2930 ne
225 2876 268 2930 hic
278 2897 327 2932 nos
338 2897 437 2934 enecet,
449 2906 461 2929 ι
474 2885 614 2950 Horatius,
626 2883 679 2936 Sat.
725 2885 820 2959 utilior
834 2871 913 2952 milri,
933 2904 1028 2957 quom,
1043 2895 1093 2962 etc,
1114 2884 1227 2954 Seyestre

179 2958 206 3021 l,
222 2974 253 3026 7,
276 2973 285 3008 t
300 2978 308 3021 ς
329 2960 427 3031 «Regis
437 2960 525 3033 Rupili
537 2981 587 3033 pus
600 2975 680 3034 utque
723 2965 774 3016 fuit
787 2983 904 3016 crassum
917 2965 1125 3036 operimentum,
1139 2974 1168 3013 ut
1182 2980 1225 3013 su-

179 3054 319 3091 venenum.
333 3063 344 3087 ι
724 3063 817 3116 got-um
828 3058 883 3096 erat
895 3046 1008 3096 crassior
1018 3060 1132 3114 pannus.
1144 3042 1226 3093 Crete·

214 3115 246 3165 V.
264 3117 367 3169 Nonius
386 3117 487 3170 zPalla
505 3131 545 3170 est
563 3119 679 3171 honeste
723 3143 784 3175 rum
795 3136 900 3196 reperere
913 3141 976 3174 usus
988 3125 1121 3173 variorum
1133 3134 1225 3172 aucto-

180 3191 299 3244 mulieris
307 3198 504 3264 vestimentum,
516 3197 567 3250 hoo
577 3209 629 3266 est,
641 3211 680 3251 tu·
723 3222 783 3254 rum
790 3205 874 3273 magis
880 3201 1063 3262 commendat,
1075 3199 1226 3272 idquecon-

178 3273 244 3323 nioae
256 3272 375 3344 pallium·
723 3282 830 3334 veniens
843 3280 905 3332 huic
920 3279 989 3331 loco.
1011 3282 1104 3330 Festus
1117 3301 1123 3330 ι
1140 3302 1152 3324 κ
1163 3283 1225 3346 Alpis

213 3353 257 3404 Vl.
273 3353 377 3407 Nonius
388 3376 394 3405 ι
407 3356 513 3409 Penula
532 3369 571 3409 est
584 3339 692 3422 restitus
723 3361 807 3412 Graeci
825 3357 961 3428 appellant
982 3355 1064 3428 pelles
1087 3357 1225 3421 nauticos,

178 3449 257 3503 qnam
280 3451 362 3502 supra
384 3437 501 3487 tunicam
525 3437 677 3507 accipimus.
725 3455 847 3509 quernos
858 3435 1125 3507 vocamuesegestria.
1137 3459 1148 3482 n
1162 3435 1224 3486 l’lu-

178 3539 213 3550 —
222 3510 264 3564 Sic
275 3511 302 3561 in
315 3509 361 3562 lib.
372 3513 416 3580 lV,
431 3514 460 3576 8,
475 3516 589 3566 Noster:
606 3536 616 3560 ι
628 3512 680 3564 Sed
723 3537 751 3570 ra
762 3518 795 3569 de
809 3517 860 3568 hoc
871 3536 937 3569 voce
948 3518 979 3567 V.
996 3517 1034 3568 Cl.
1050 3515 1224 3568 casaubonus

179 3588 677 3658 beuecocto,etConditosennonebono,
723 3596 873 3648 doctissime
891 3595 996 3647 disserit
1013 3593 1047 3646 ad
1061 3594 1223 3646 Suetonium.

178 3675 219 3733 et,
234 3665 256 3720 ri
268 3667 360 3742 quoeri’
376 3669 492 3723 libenter.
504 3695 515 3719 ι
534 3670 626 3723 Cicero
645 3670 680 3723 nd
758 3675 813 3726 Vll.
826 3675 929 3726 Nonius
941 3695 947 3724 ε
960 3674 1069 3727 Sacrum
1079 3675 1159 3725 etium
1168 3692 1225 3725 oce·

179 3747 249 3801 Brut,
269 3752 349 3802 «lloo
364 3769 459 3822 eogere
475 3751 582 3824 volebat
598 3752 678 3806 falsas
724 3751 817 3806 lestum
830 3765 856 3805 et
868 3752 1035 3819 detestabile,
1047 3755 1084 3805 ita
1096 3765 1121 3805 et
1131 3770 1224 3804 conse·

178 3825 265 3882 literas
282 3847 339 3884 esse
356 3846 398 3900 et,
417 3836 439 3886 si
454 3835 564 3905 quaeris,
580 3833 679 3903 proba·
724 3846 834 3884 oratum.

178 3903 234 3957 bat.
248 3929 258 3953 n
273 3909 345 3962 Idem
365 3911 412 3963 lib.
427 3913 467 3974 ll,
487 3913 521 3966 (le
535 3911 608 3964 Orat.
625 3913 679 3963 «Et
758 3913 824 3965 v111.
837 3915 940 3965 Nonius
951 3933 957 3963 ι
967 3911 1134 3984 Erymtulum
1145 3921 1171 3961 et
1184 3927 1224 3960 ee·

177 3986 201 4037 ri
213 3989 341 4055 quaritiu,
352 3991 429 4061 isqui
436 3989 585 4063 appellatur
594 3991 678 4058 dicax,
721 3991 850 4066 postulas,
871 4004 1031 4062 ingerere,
1051 3990 1129 4040 itaet
1148 3983 1223 4037 intol-

177 4062 230 4116 hoo
240 4084 334 4136 genere
346 4071 459 4122 maxime
468 4069 601 4123 excellit.»
617 4070 679 4122 ovi·
723 4069 834 4122 lectibus
860 4069 995 4122 differtum.
1016 4069 1084 4118 Nam
1111 4077 1223 4130 neutro,

75 4157 78 4164 '
177 4143 249 4211 dius,
261 4146 339 4199 Trist.
354 4146 399 4200 lib.
413 4149 438 4216 l,
454 4167 482 4215 t,
499 4150 564 4201 123:
581 4149 679 4201 al‘luru
723 4151 828 4202 carceris
840 4148 916 4202 locut
931 4161 985 4208 est,
1004 4145 1163 4211 masculino,
1177 4163 1223 4197 cu-
