2970 4936
364 363 426 430 126
537 360 692 426 VARIAE
716 358 987 424 LEGTIONES
1011 361 1072 424 ET
1096 360 1232 426 NOTAE

358 505 422 546 note
433 489 516 544 relate
527 491 668 561 ipsumque
681 488 798 540 auctoris
810 486 966 554 consilium,
981 491 1027 559 qni
1039 506 1131 561 poenes
1143 507 1297 562 comparere
1306 491 1409 556 soluit,

360 591 426 645 quss
439 571 485 624 det
499 571 661 624 conscientie
675 569 849 634 nocentium,
867 588 928 621 cum
943 570 974 621 iis
988 572 1088 641 paenis,
1104 589 1161 644 qne
1176 584 1238 624 sunt
1253 575 1409 647 meoqitste

359 653 399 706 vel
414 653 448 706 sb
461 651 661 724 improbissimis
675 652 812 722 tyrannis,
825 648 890 702 dum
903 652 1031 704 furerent.

390 815 451 860 Vsu.
469 812 507 860 38.
527 815 641 858 Virtutem
654 812 754 865 uideant,
772 809 956 875 intabescantque
969 810 1055 858 relata.
1068 838 1100 849 -
1110 811 1187 858 Pdunt
1197 814 1292 877 quidum
1304 818 1409 863 uis-trstess

359 886 485 941 invideant,
500 883 594 948 quidam
608 885 688 929 uirtuti
700 881 825 936 invideant;
835 897 886 945 quse
901 881 970 929 lenio
984 898 1099 947 nusquam
1111 885 1137 930 in
1150 887 1208 932 meis
1220 887 1285 932 MSS.
1296 889 1409 943 reertrrit,
1481 877 1482 886 ἵ

360 967 430 1019 atque
440 971 516 1018 perse
525 957 602 1001 minus
611 951 734 1000 laudabilis
742 951 849 1008 videtur,
864 967 934 1015 quem
947 953 997 1000 hec
1010 965 1089 1000 nostre
1100 953 1219 1018 plexisque
1228 969 1324 1020 recepta
1336 959 1410 1004 edim.

362 1027 436 1075 ribus.

396 1140 463 1192 Nur.
483 1139 527 1192 38.
542 1137 668 1190 Virtutem
679 1136 798 1202 uideant,
809 1137 1018 1210 intabescantque
1028 1137 1134 1190 relictui
1144 1169 1179 1178 -
1188 1139 1352 1193 Felicissime
1361 1140 1410 1192 hoc

361 1238 437 1272 versu
449 1219 552 1271 Persius
563 1219 706 1289 expressit,
719 1235 778 1288 quas
787 1232 916 1269 nocentes
927 1218 1077 1270 remordeat
1085 1221 1257 1291 poenitentis,
1270 1222 1293 1272 si
1304 1219 1409 1291 qusndc

362 1300 499 1352 reflectant
513 1296 606 1349 oculos
621 1293 656 1346 ad
669 1297 811 1359 virtutem,
825 1313 906 1366 qnam
918 1294 1098 1365 desciverint,
1113 1316 1238 1370 queque,
1252 1310 1283 1350 ut
1298 1301 1337 1351 stit
1349 1297 1410 1352 Tul·

362 1380 429 1446 lius,
445 1377 612 1441 deFiuibus,
624 1374 670 1428 lib.
682 1376 721 1440 11,
735 1397 747 1420 ι
757 1373 881 1428 ardentes
893 1394 996 1430 amores
1007 1378 1134 1429 excitaret
1144 1378 1201 1444 sui,
1214 1379 1235 1429 si
1247 1377 1335 1430 oculis
1345 1377 1410 1430 ride·

362 1473 442 1514 retur.
453 1481 465 1504 ι
481 1459 604 1510 Formam
616 1468 706 1508 sutem
716 1472 807 1507 versus
819 1455 853 1507 eb
863 1455 959 1508 Ovidio
969 1469 1104 1509 mutuatas
1115 1469 1171 1522 est,
1183 1457 1367 1529 Metamorph.
1377 1458 1410 1520 ll,

384 1537 418 1591 80
429 1557 441 1592 s
482 1559 504 1590 .:

366 1557 381 1609 ⁷
444 1556 479 1609 qq
564 1613 940 1673 sniuannamsmuenqu
946 1615 1039 1660 suanae

565 1681 681 1724 Successus
687 1679 812 1722 hominum.

399 1798 466 1848 Nor.
486 1797 528 1864 39.
539 1793 618 1845 Anne
626 1791 711 1865 mapis
719 1789 801 1844 Siculi
808 1805 966 1864 qemuentnt
974 1795 1145 1865 oemjuuenci.
1153 1793 1296 1847 -Alludit
1304 1795 1411 1847 adcele-

364 1878 509 1930 berrimum
521 1871 596 1925 illum
609 1883 715 1924 taurum
730 1869 824 1937 rheni,
840 1889 893 1942 quo
907 1870 1025 1922 Plssleris
1039 1874 1271 1943 Agrigentinorum
1284 1877 1314 1926 in
1329 1874 1412 1928 Sicilie

364 1969 505 2029 tyrannus,
519 1951 642 2003 homines
657 1951 812 2002 cremarisse
826 1949 932 2002 dicitur.
945 1950 1059 2016 Plinius,
1073 1953 1139 2005 llist.
1154 1953 1215 2005 llas.
1228 1954 1273 2006 lib.
1289 1955 1411 2021 XXXIV,

364 2054 425 2106 cap.
441 2035 456 2087 8
474 2056 480 2084 :
501 2055 512 2080 s
525 2031 650 2083 Perillum
660 2047 740 2082 nemo
754 2027 847 2082 laudat
859 2032 995 2084 saeviorem
1006 2031 1144 2084 Phalaride
1156 2045 1282 2106 tyranno,
1297 2037 1346 2106 qui
1359 2047 1412 2085 tau·

365 2134 424 2167 rum
432 2114 513 2179 fecit,
525 2111 640 2184 mugitus
651 2108 766 2164 hominis
778 2109 930 2184 pollicitus,
943 2112 1003 2182 igne
1015 2111 1135 2180 subdito,
1150 2128 1176 2166 et
1186 2117 1288 2186 primus
1300 2135 1365 2168 eum
1377 2133 1412 2166 er·

349 2206 456 2268 ,pertus
472 2194 619 2244 cruciatum
630 2192 743 2261 justiore
758 2191 887 2242 sevitie„
904 2219 940 2231 —
955 2192 1115 2244 Gemuerunt
1128 2210 1180 2246 oeru
1187 2195 1315 2268 juvenci;
1332 2207 1411 2246 meto·

365 2275 466 2348 npmis,
481 2291 545 2346 pro,
561 2272 746 2342 ingemuerunt
760 2268 881 2324 homines
896 2284 973 2324 tauro
988 2289 1054 2324 ereo
1068 2273 1172 2326 inclusi.

396 2435 457 2480 Vin.
474 2431 513 2490 do.
526 2431 575 2477 Aut
584 2433 653 2496 erupis
663 2433 749 2478 aumu's
757 2431 857 2494 pendens
866 2429 1011 2494 laquearibus
1020 2433 1087 2480 enses.
1099 2459 1131 2470 -
1141 2433 1240 2498 Quidem
1249 2433 1334 2498 legunt
1342 2444 1411 2496 etpro

365 2514 418 2560 aut,
428 2504 493 2570 quod
500 2503 576 2580 'edunt
586 2502 631 2549 mei
641 2503 705 2549 MSS.
716 2501 817 2548 codices.

400 2624 468 2678 Nor.
488 2621 537 2687 io,
550 2621 593 2688 41.
608 2620 662 2672 Aut
677 2620 762 2690 strapis
772 2622 869 2674 assutis
882 2619 999 2692 pendens
1014 2619 1176 2693 laqsseatiius
1185 2625 1251 2676 ensis
1265 2626 1412 2699 Purpureas

365 2703 448 2756 subter
457 2702 565 2754 ceruices
577 2700 674 2752 tenuit.
686 2725 723 2740 -··
734 2696 836 2750 Allndit
851 2698 886 2751 sd
900 2700 1020 2753 fabulum
1031 2699 1066 2754 de
1083 2703 1212 2774 Dionysio
1224 2717 1338 2777 tyranno
1351 2711 1413 2777 ejus

367 2801 420 2853 que
433 2793 596 2834 assentatore
609 2777 737 2830 Damocle
751 2779 928 2834 notissimum.
946 2782 1055 2848 Cicero,
1069 2783 1178 2838 Tuscul.
1188 2789 1225 2850 V,
1235 2803 1264 2838 ss
1274 2809 1282 2850 ;
1294 2787 1410 2841 Mserob.

366 2861 401 2914 ud
415 2862 548 2913 somnium
559 2859 689 2929 Scipionis
700 2856 746 2910 lib.
759 2860 786 2925 l,
796 2877 856 2930 cup.
872 2877 917 2921 1⁰3
929 2861 1023 2915 lloret.
1036 2862 1088 2915 od.
1098 2865 1146 2930 111,
1160 2883 1188 2932 1,
1200 2867 1241 2918 16.
1252 2897 1289 2907 -
1299 2869 1412 2941 laques·

366 2943 434 2996 ribus
440 2965 451 3004 ,·
462 2940 574 2993 lacunar
582 2957 629 2991 sen
639 2937 749 3014 laquear
756 2955 814 2994 erst
825 2955 924 2994 tectum
936 2943 1044 2996 triclinii
1055 2947 1135 3018 tignis
1145 2950 1301 3001 transversis
1312 2950 1343 3000 in
1355 2967 1412 3019 quo·

367 3021 456 3076 drstes
469 3021 651 3093 depressiones
668 3018 756 3090 (lacus
767 3020 810 3074 sel
822 3020 943 3078 lacunusl
955 3024 1081 3093 divisum,
1094 3045 1174 3094 euro,
1187 3027 1324 3081 coloribus
1339 3043 1364 3081 et
1376 3031 1411 3099 pi-

368 3105 448 3156 cturis
461 3101 623 3160 illustrstss;
642 3097 694 3151 tid.
708 3102 775 3152 'leni
793 3099 941 3155 comment.
961 3103 995 3156 ud
1013 3107 1104 3159 Horat.
1127 3107 1178 3161 od.
1195 3109 1232 3174 11,
1254 3107 1300 3172 16,
1320 3125 1363 3159 ιι.
1381 3135 1413 3147 -

368 3184 503 3242 Pendensr
515 3193 570 3231 sets
581 3179 651 3230 enim
662 3182 768 3250 equina.
783 3211 819 3220 —
833 3182 980 3256 Purpureus
987 3185 1202 3248 nsbterccruices5
1216 3189 1324 3259 proprie
1339 3205 1412 3260 supre

368 3275 449 3333 ceput
459 3239 596 3315 Durisoclis
607 3277 730 3332 purpure
740 3260 835 3316 induti.

403 3381 472 3435 Nor.
482 3381 525 3447 is.
533 3381 610 3445 luas,
617 3382 681 3434 Issus
688 3395 850 3452 sesomires,
858 3405 938 3458 quam
945 3385 1021 3439 sisibi
1027 3385 1104 3440 dicas.
1112 3386 1240 3442 -Voces
1248 3392 1412 3446 conscientie

368 3465 395 3514 in
408 3459 490 3513 corde
502 3460 610 3512 nocenti
620 3459 800 3529 reclamantis,
814 3461 1005 3536 hominemque
1020 3467 1047 3516 in
1058 3485 1175 3540 preceps
1187 3471 1229 3542 aqi
1242 3489 1412 3524 commonen-

367 3544 409 3592 tis.
425 3541 481 3592 llos
492 3539 587 3591 mentis
599 3538 728 3594 tumultus
741 3543 862 3615 exprimit
872 3543 993 3598 Tiberius
1005 3546 1032 3596 in
1045 3564 1076 3598 es
1087 3547 1206 3618 Epistola
1219 3552 1316 3622 scripte
1328 3551 1363 3606 sd
1377 3569 1414 3602 se·

368 3633 475 3686 natum,
487 3623 564 3692 cujus
572 3621 693 3674 meminit
702 3621 858 3692 Suetonius,
866 3623 954 3676 Tiber.
966 3625 1009 3696 67.
1022 3625 1122 3679 Confer
1131 3628 1251 3682 Juvenal.
1265 3633 1337 3684 satir.
1346 3633 1413 3692 Xlll,

369 3717 436 3754 vers.
452 3717 499 3771 ¹92
515 3718 571 3773 sqq.

293 3853 295 3857 ⁴
405 3829 473 3880 Nor.
493 3825 536 3892 43.
551 3825 588 3877 Et
596 3827 664 3879 intus
673 3825 780 3880 Palleat
788 3826 883 3900 infelix
887 3865 896 3894 ,
907 3830 976 3902 quod
982 3833 1104 3902 proxima
1114 3835 1212 3888 meiat
1219 3837 1302 3886 uxor?
1309 3862 1346 3874 —
1354 3831 1414 3886 Pul-

371 3907 424 3958 leut
436 3905 520 3966 intuts
535 3902 617 3978 puolo
631 3904 726 3958 durior
740 3926 771 3960 es
786 3906 886 3960 locutio
902 3908 1036 3978 videatur,
1052 3913 1073 3963 si
1087 3915 1235 3966 memineris
1246 3913 1377 3984 pallorem
1389 3915 1413 3962 in

371 4003 418 4038 ore
435 3985 603 4055 prominere,
621 4002 677 4036 non
692 4003 756 4037 vero
771 3987 839 4039 intus
853 3989 963 4041 existere
978 4007 1073 4060 posses
1094 3989 1142 4042 sed
1154 3989 1254 4064 pallere
1269 3990 1366 4044 dicitur
1378 3992 1413 4040 in·

372 4061 474 4118 terduns
486 4061 559 4136 apud
570 4076 664 4135 poetes
675 4084 726 4135 pro
737 4065 852 4133 horrere,
865 4083 965 4122 remote
976 4070 1048 4121 omni
1058 4071 1181 4140 imagine.
1194 4073 1226 4123 il.
1239 4069 1255 4121 l.
1269 4070 1335 4123 nilsil
1346 4064 1413 4122 aliud
