3026 4944
246 463 251 474 '
350 461 388 530 18
657 459 696 520 A.
722 453 879 522 PERSH
903 455 1073 522 Fuucct

343 586 695 660 Scribiturincitreisi‘
728 581 883 652 Gelidum
893 585 958 651 scis
969 606 1097 678 ponere
1109 607 1247 672 sumen3

303 727 306 732 ·
343 704 412 770 Scis
425 701 581 767 comitem
593 692 807 765 horridulum
817 695 896 762 tritu
906 693 1034 763 donare
1045 693 1196 765 lacerna:

342 817 399 896 Et,
413 835 546 891 verum,
557 809 688 902 inquis,
700 829 794 888 smo;
808 829 928 874 verum
939 806 1022 874 mihi
1034 807 1135 876 dicite
1146 808 1188 876 de
1199 833 1266 876 me.
1357 821 1391 878 tt

343 929 408 1011 Qut
420 925 517 1016 pote?
551 917 1244 1011 Visdiesminugaris,quumtibi,ealve,

343 1034 479 1126 Pinguis
491 1027 700 1124 aqualiculus
711 1049 882 1120 propenso
894 1027 1096 1122 sesquipede
1106 1037 1231 1098 exstet!

343 1147 618 1232 OJone‚atergo
628 1163 732 1233 quem
743 1135 839 1207 nulla
850 1139 978 1206 ciconia
989 1139 1111 1230 pinsit,

343 1261 412 1324 Neo
423 1275 544 1322 manus
555 1249 725 1322 suriorlas
736 1251 866 1318 imitata
877 1265 930 1318 est
940 1247 1074 1319 mobilis
1085 1249 1195 1334 albas,

343 1364 561 1456 Neclinguae,
574 1359 1270 1459 quantumsitiatoanisuppula,tantum!
1355 1375 1394 1431 to

342 1479 638 1570 Vos,0pat1icius
651 1475 804 1564 sanguis,
817 1495 902 1567 quos
914 1474 1028 1542 vivere
1039 1475 1091 1542 fas
1103 1491 1156 1543 est

341 1586 751 1681 Occipiticaeto,posticse
761 1585 928 1652 ocmrrits
939 1607 1066 1654 senne.

341 1703 424 1788 Quis
437 1695 553 1792 populi
564 1717 676 1771 sermo
689 1698 761 1764 est?
784 1698 868 1781 Quis
882 1698 988 1780 enim,
1002 1697 1067 1764 nisi
1079 1699 1229 1764 earmina
1239 1697 1335 1766 molli

343 1816 441 1878 Nune
451 1808 589 1882 demum
600 1827 748 1874 numeru
756 1801 928 1887 fluere,ut
939 1829 1000 1898 per
1011 1803 1095 1875 laeve
1106 1829 1242 1875 severos

342 1994 450 2055 cibum
462 2011 541 2073 aegre
555 1987 745 2072 digerentes?
755 1990 867 2050 Nonne
876 1987 1011 2070 deniqne
1022 1989 1221 2074 ineptissimis
1231 1991 1395 2072 operibus,

342 2111 545 2177 quaecumque
555 2089 694 2150 scribunt
703 2087 812 2148 divites
822 2086 1094 2148 inlectulisecitro
1102 2087 1188 2147 factis
1196 2088 1397 2150 recubantes?

342 2187 470 2261 Scilicet,
483 2207 531 2247 uos
541 2185 640 2246 diuites
649 2195 826 2268 proceresve,
838 2185 1000 2246 conducitis
1008 2183 1153 2245 auditores
1165 2181 1393 2266 laudatoresque.
1423 2225 1426 2232 .

343 2287 407 2346 Vos
422 2283 471 2345 his
489 2283 681 2366 epulandum
700 2283 858 2366 apponitis
874 2281 1128 2344 delicatissimum
1143 2280 1341 2364 calidumque
1354 2282 1398 2344 ci·

344 2386 497 2460 bum3vos
506 2384 654 2444 comitem
663 2381 779 2462 frigore
788 2380 968 2443 horrentem
978 2381 1060 2442 mala
1069 2380 1294 2463 quadarnveste
1301 2381 1398 2442 dona·

343 2483 392 2542 tis.
409 2483 507 2560 Atque
523 2479 589 2540 haec
607 2479 662 2559 qui
680 2476 753 2557 lecit
770 2489 906 2538 vestrum
925 2478 1038 2560 aliquis
1054 2479 1155 2538 dicet:
1175 2480 1292 2539 Verum
1305 2499 1396 2552 amo;

302 2631 311 2648 ,
342 2597 414 2640 vere
423 2577 515 2638 dicite
525 2574 620 2650 milri,
630 2573 707 2656 quid
719 2574 855 2636 sentiatis
865 2575 903 2636 de
914 2577 992 2636 meis
1001 2576 1203 2636 carminibus.
1213 2577 1253 2634 At
1261 2578 1316 2656 qui
1326 2573 1395 2636 fieri

342 2689 457 2757 potest,
474 2687 510 2734 ut
520 2694 628 2736 rerum
640 2672 700 2734 tibi
712 2671 817 2732 dicant
828 2669 986 2747 homines,
1002 2673 1065 2732 tuis
1081 2673 1177 2755 empti
1193 2671 1400 2734 muneribus?

343 2774 438 2832 Visne
453 2771 555 2830 dicam
568 2791 627 2850 ego
643 2770 703 2830 tibi
721 2767 848 2828 rerum?
868 2771 978 2832 Dicam
999 2770 1169 2850 equidem:
1191 2793 1210 2832 o
1229 2771 1399 2832 libidinose

343 2883 372 2930 et
386 2888 540 2947 nequam,
559 2880 595 2926 tu
613 2868 660 2926 vis
679 2864 786 2926 ludere
805 2869 962 2944 versibus,
983 2889 1054 2928 cum
1075 2870 1134 2929 tibi
1154 2884 1262 2931 venter
1283 2871 1397 2932 obesus

344 2967 520 3050 promineat
543 2985 607 3024 uno
630 2975 661 3022 et
682 2966 758 3024 semi
777 2963 855 3046 pede
874 2970 1055 3047 protentus!
1078 2967 1162 3030 Felix
1184 2968 1323 3051 profecto
1344 2971 1398 3030 la·

345 3084 403 3124 nus
427 3074 489 3136 est,
507 3061 562 3141 qui
579 3059 741 3140 geminum
759 3056 853 3120 habet
872 3060 1008 3122 multum!
1028 3064 1126 3124 Nemo
1149 3066 1253 3146 potuit
1270 3063 1360 3126 illum
1376 3087 1396 3124 a

344 3177 431 3243 tergo
450 3157 620 3234 ludificari3
639 3177 733 3220 nemo
752 3158 842 3219 illurn
861 3161 1015 3224 insecutus
1032 3177 1093 3237 est,
1112 3177 1165 3224 aut
1180 3165 1333 3226 ciconiam
1351 3186 1397 3226 re-

346 3269 531 3340 presentans
548 3252 731 3314 tundentem
744 3267 846 3314 rostro
860 3269 892 3316 et
904 3255 1112 3332 vellicantem,
1129 3272 1183 3318 sut
1193 3261 1329 3322 asininas
1341 3282 1398 3321 au·

345 3378 392 3418 res
410 3351 548 3416 motibus
564 3373 718 3416 manuum
740 3354 893 3429 imitatus3
917 3376 1011 3418 nemo
1034 3356 1074 3416 ad
1097 3377 1167 3418 eum
1190 3357 1395 3420 deridendum

345 3455 462 3517 exeruit
470 3453 609 3533 linguam
621 3465 685 3512 tam
694 3449 803 3533 longe,
813 3473 907 3534 quam
918 3455 1022 3515 sitiens
1032 3456 1180 3516 canissub
1190 3455 1255 3516 sole
1264 3455 1396 3538 Apuliae.

346 3553 384 3613 lt
401 3572 474 3626 vos,
492 3551 626 3611 Romani
646 3570 804 3632 proceres,
822 3551 936 3633 quibus
955 3573 1021 3615 non
1040 3553 1171 3633 contigit
1187 3550 1301 3612 habere
1320 3573 1397 3614 ocu·

345 3647 394 3710 los
414 3651 447 3710 in
471 3648 614 3729 occipite,
633 3647 703 3708 date
719 3669 846 3731 operam
869 3670 908 3710 ne
929 3670 948 3707 a
967 3663 1053 3731 tergo
1073 3649 1264 3710 irrideamini
1284 3649 1325 3710 ab
1345 3671 1395 3712 as·

230 3761 232 3768 ⁴
347 3747 564 3809 scutatoribus.
582 3749 633 3808 Sic
649 3767 697 3810 uos
711 3769 759 3808 eas
774 3750 978 3830 interroqatis:
996 3749 1066 3829 quis
1082 3762 1126 3809 est
1143 3747 1181 3810 de
1200 3771 1250 3822 me
1267 3749 1399 3810 rumor?

346 3847 423 3930 quid
448 3846 524 3908 dicit
547 3846 683 3929 populus
707 3846 747 3906 de
779 3847 854 3909 meis
883 3845 1094 3908 carminibus?
1119 3851 1172 3909 lsti
1191 3871 1256 3912 uem
1277 3870 1396 3932 respou-

345 3947 437 4010 deat:
454 3948 623 4041 Enimyero
640 3945 717 4028 quid
735 3945 822 4006 aliud
840 3961 940 4028 potest
958 3947 1095 4030 populus
1108 3947 1223 4024 dicere,
1247 3950 1305 4008 nisi
1325 3969 1394 4008 eam

345 4063 411 4106 esse
438 4044 614 4104 carminum
640 4063 749 4102 eorum
779 4044 1039 4121 concinnitatem,
1062 4065 1157 4125 quam
1177 4066 1272 4108 nemo
1293 4043 1394 4106 adhuc

346 4143 439 4214 fuerit
457 4154 624 4218 assecutus,
643 4153 674 4202 et
694 4141 737 4202 ita
753 4138 844 4221 justis
861 4145 999 4206 numeris
1016 4163 1119 4208 versus
1138 4163 1191 4206 eos
1213 4144 1394 4218 decurrere,
