3026 4944
318 473 1355 506 Q

622 651 837 740 SATIR'AE
866 665 1052 740 PRlMAE

691 864 981 921 ARGUMENTUM.

357 1048 468 1109 Eversa
489 1055 581 1112 reteri
603 1053 784 1135 Republica,
805 1051 944 1135 plerique
965 1053 1179 1114 Romanorum
1198 1052 1305 1113 litteris
1328 1067 1357 1113 et
1393 1101 1396 1108 .

317 1145 488 1226 scripturae,
500 1170 570 1231 quse
578 1151 664 1232 prius
673 1165 762 1212 erant
770 1169 958 1232 paucorum,
968 1169 1032 1209 sese
1039 1149 1242 1210 tradiderunt.
1255 1150 1300 1209 Eo
1310 1169 1357 1208 res

316 1239 401 1302 brevi
412 1244 549 1325 devenit,
559 1262 606 1324 ut,
619 1249 842 1331 imperantibus
854 1247 985 1308 Claudio
999 1269 1034 1307 ac
1045 1233 1181 1323 Nerdne,
1199 1248 1355 1330 scriptoris

316 1336 432 1402 famam
443 1361 671 1427 aucuparentur
677 1349 812 1428 Equites,
820 1349 933 1420 Patres,
943 1347 1064 1428 ipsique
1072 1347 1244 1428 Principes:
1253 1366 1356 1406 versus

316 1437 453 1520 undique
463 1455 492 1501 et
502 1441 749 1506 declamationes.
761 1446 843 1506 Hinc
854 1436 1050 1505 recitantium
1061 1455 1156 1504 coetus
1170 1464 1268 1526 prope
1279 1464 1354 1525 quo·

314 1534 442 1611 tidiani3
456 1536 530 1601 hinc
544 1543 642 1622 pretio
659 1544 803 1605 conducti
819 1543 987 1617 auditores,
1005 1541 1078 1604 hinc
1093 1543 1205 1624 ineptae
1219 1541 1354 1602 admira·

314 1632 417 1693 tiones
434 1647 464 1695 et
490 1637 682 1700 adulationes
700 1641 873 1723 pudendae:
894 1639 967 1702 binc
986 1639 1119 1722 denique
1138 1640 1305 1713 orationis,
1325 1651 1356 1697 et

315 1747 455 1808 poeseos,
470 1745 500 1792 et
509 1735 603 1815 ipsius
613 1735 729 1818 linguae
740 1759 874 1820 praeceps
884 1735 1067 1819 corruptela.

353 1826 427 1887 llaec
442 1843 515 1888 sunt
527 1831 694 1912 aequalium
709 1834 798 1909 vitia,
815 1853 885 1915 quae
903 1834 1022 1894 Persius
1041 1835 1074 1892 in
1093 1835 1190 1914 prima
1204 1833 1356 1914 corripere

315 1921 462 1999 instituit3
480 1928 646 2008 periculosis
663 1931 781 2013 plenum
799 1953 871 2014 opus
890 1929 969 1992 aleoe.
992 1931 1067 2005 Cui,
1089 1951 1153 2010 quo
1174 1931 1277 1990 minus
1299 1927 1355 1988 ba·

313 2016 398 2078 beret
410 2020 607 2102 offensionis,
619 2025 752 2088 formam
765 2029 868 2089 induit
878 2027 1046 2110 quamdam
1058 2025 1302 2100 deliberationis,
1315 2047 1355 2087 an

312 2115 473 2178 scribenda
492 2121 530 2180 sit
547 2125 654 2200 satira,
676 2125 791 2186 necne?
806 2139 897 2206 atque
910 2122 976 2205 ejus
988 2122 1217 2185 deliberationis
1230 2123 1355 2206 dialogo

313 2233 460 2294 personas
480 2222 624 2302 apposuit
644 2222 762 2297 nullas,
783 2236 934 2302 tanquam
952 2220 1026 2282 velit
1043 2222 1075 2280 in
1095 2221 1243 2304 ambiguo
1262 2221 1354 2281 relin-

194 2387 198 2398 ι
312 2331 420 2392 quere,
430 2315 558 2394 quinam
568 2317 745 2398 loquantur.
758 2320 918 2380 Interdum
928 2320 1021 2380 etiam
1031 2338 1077 2378 res
1084 2318 1251 2377 etnomina
1258 2314 1356 2379 homi·

312 2427 404 2486 num,
417 2411 547 2473 Neronis
557 2417 741 2497 prasertim,
753 2417 853 2478 verbis
864 2415 1033 2499 figurisque
1044 2414 1255 2476 dissimulavit.
1271 2413 1354 2493 Quas

312 2506 439 2588 quidem
445 2513 625 2574 necessarias
633 2530 710 2576 artes
720 2516 773 2576 etsi
782 2516 933 2597 quaesiisse
939 2515 1061 2575 videtm
1070 2514 1354 2588 Persius,constan·

310 2603 373 2663 tior
387 2605 491 2667 tamen
503 2607 568 2691 ejus
580 2613 679 2672 oratio
692 2634 788 2693 quam
801 2611 956 2688 callidior,
973 2611 1073 2696 qualis
1087 2631 1149 2671 esse
1162 2609 1267 2671 debuit
1281 2611 1354 2672 ado-

310 2698 462 2780 lescentis,
476 2719 506 2766 et
519 2709 623 2782 stoici,
637 2723 667 2768 et
680 2723 779 2792 poctae
793 2723 931 2792 tempora
945 2709 1095 2769 cernentis
1111 2709 1157 2769 uti
1173 2708 1352 2782 virtutibus,

312 2797 353 2857 sic
364 2814 394 2860 et
406 2801 513 2862 litteris
524 2803 643 2865 infesta.
676 2845 679 2858 ·

616 3091 833 3170 SATlRAE
861 3095 1049 3169 PRlMAE

733 3271 927 3324 surnrsrs.

351 3426 488 3486 Persium
496 3429 603 3489 satiras
610 3429 809 3490 meditantem
815 3428 916 3511 etjam
926 3430 1056 3490 scribere
1066 3449 1351 3511 aggressumsuper-

310 3524 435 3584 veniens
444 3509 554 3608 aliquis
564 3547 582 3585 a
591 3527 752 3608 proposito
759 3524 951 3587 dehortatur.
963 3523 1051 3586 Unde
1059 3525 1100 3586 sic
1109 3524 1350 3585 instituiturdia·

309 3617 399 3700 lngus
411 3643 417 3680 :
432 3640 451 3680 o
460 3621 590 3703 ineptias
598 3619 764 3683 bominum
774 3625 781 3683 l
790 3667 797 3682 .
807 3668 814 3682 .
823 3666 831 3683 .
839 3658 877 3670 -
887 3623 985 3683 Nemo
996 3623 1051 3682 ists
1059 3635 1111 3682 tua
1122 3620 1209 3704 leget.
1219 3656 1257 3668 -
1267 3620 1351 3699 Quid

309 3711 369 3775 hoc
387 3714 426 3776 ad
446 3715 513 3776 mel
529 3719 706 3799 quasivero
722 3739 827 3780 curem
843 3737 983 3800 perversa
995 3715 1110 3798 judicia
1125 3719 1349 3779 Romanorum.

309 3811 476 3874 Censuram
488 3835 612 3896 gravem
622 3818 700 3877 cives
709 3829 880 3876 merentur:
891 3813 1020 3896 defungi
1032 3813 1121 3876 liceat
1131 3814 1196 3874 rice
1207 3815 1350 3874 censoris.

308 3945 347 3956 -
361 3912 399 3970 At
410 3910 565 3974 nolumus.
577 3949 616 3960 -
628 3916 667 3974 At
676 3916 741 3974 risu
751 3927 922 3995 temperare
933 3933 1067 3995 nequeo,
1083 3933 1113 3988 r,
1128 3931 1172 3971 ια.

347 4009 427 4069 Tum
433 4029 575 4071 sermone
582 4013 702 4072 satirico
711 4009 972 4092 invadunturejus
979 4007 1199 4072 etatislitterae.
1211 4007 1351 4069 Monitor

308 4105 394 4188 quasi
403 4121 599 4169 excusaturus
608 4107 740 4189 aequales
749 4109 809 4168 ait:
821 4107 1001 4170 Resedimus
1011 4129 1028 4167 a
1037 4105 1189 4182 tumultu,
1199 4117 1234 4164 ut
1243 4105 1350 4166 scriba-

306 4225 391 4267 mus.
401 4251 425 4266 ..
444 4241 477 4256 -
495 4209 536 4266 Ut
547 4228 652 4270 coram
665 4205 784 4291 populo
797 4203 873 4269 olim
885 4208 1061 4278 recitemus,
1075 4201 1199 4286 subjicit
1211 4205 1347 4279 Persius3
