3116 4934
523 369 800 435 uuiversum.
1116 372 1181 459 59⁵

1093 439 1106 466 0
1199 461 1203 470 .

227 516 270 554 ιι.
292 492 586 578 Schurrfleischionus
600 514 623 554 s.
636 494 825 556 Vinariensis.

143 644 212 704 vid.
230 663 301 727 quae
315 641 399 704 infra
413 643 446 702 in
461 641 523 702 fine
536 641 650 702 Iudicis
664 640 756 701 Editt.
769 641 878 700 Juven.
893 641 1038 702 dicemus.

227 834 272 874 12.
294 810 494 894 Erlcnqensis.

144 957 302 1018 Lectiones
311 953 403 1035 hujus
414 953 532 1014 codicis
543 952 744 1036 excerpendae
753 954 972 1035 benignissime
981 957 1101 1015 curavit
1109 959 1191 1016 Hor*-

146 1056 239 1132 ίεείμε.
255 1057 302 1116 De
312 1070 436 1116 externa
450 1051 514 1134 ejus
525 1053 628 1114 forma
643 1073 707 1114 non
722 1053 835 1114 certior
848 1054 947 1115 factus
962 1076 1040 1116 sum.
1058 1057 1148 1133 Quod
1168 1058 1191 1116 si

146 1169 249 1215 tamen
271 1155 372 1213 omnis
391 1151 472 1211 illins
490 1151 618 1212 varietas
633 1149 797 1233 diligenter
814 1164 920 1213 notata
939 1165 1000 1228 est,
1018 1153 1141 1214 videtur
1158 1175 1191 1214 ex

146 1253 230 1313 bono
242 1249 383 1333 exemplo
397 1251 615 1331 transscriptus
631 1270 702 1309 esse.

231 1430 275 1490 13.
300 1425 455 1488 Ulmensis.

148 1576 305 1652 Integram
320 1567 413 1652 hujus
431 1567 562 1642 codicis,
577 1567 669 1649 plane
684 1567 863 1650 singularis,
877 1569 1088 1656 recensionem
1101 1569 1197 1631 debeo

149 1667 338 1732 humanitati
357 1667 574 1746 Vcesenmeyeri
590 1664 673 1726 ProI.
688 1665 771 1725 Ulm.
786 1667 840 1747 qui
852 1663 919 1747 jam
937 1652 1102 1748 specimina
1116 1688 1199 1750 qum·

149 1768 222 1828 darn
232 1766 399 1828 lectionum
410 1761 475 1844 ejus
488 1783 554 1823 rar.
565 1762 703 1823 ediderat
713 1783 787 1824 ann.
806 1764 880 1847 1793
894 1765 927 1824 in
939 1765 1133 1826 Commentct.
1146 1764 1201 1825 liis-

151 1864 356 1924 ton'co·criticc
369 1859 404 1919 de
422 1857 524 1920 Codice
541 1861 609 1919 MS.
629 1858 781 1920 Juvmatts
800 1863 915 1921 Satires
930 1859 1151 1944 complectente,
1171 1876 1199 1922 et

151 1959 290 2021 indolem
303 1957 386 2018 illius
398 1955 445 2016 bis
454 1956 555 2016 verbis
565 1955 780 2040 descripserat:
794 1957 1011 2034 «Adservatun
1021 1979 1113 2040 quem
1125 1959 1201 2020 dixi·

152 2077 238 2130 mus‚
259 2054 363 2117 Codex
381 2055 415 2113 in
436 2049 638 2129 Bibliotheca,
657 2072 725 2135 quae
747 2054 787 2113 ab
808 2054 920 2114 illustri
937 2053 1201 2116 Schermariornm

153 2167 242 2234 gente
255 2170 373 2212 nomen
384 2149 494 2225 babet,
509 2164 540 2210 et
553 2149 697 2211 conditur
711 2153 745 2211 in
759 2151 881 2212 editiori
897 2155 1011 2213 summi
1022 2154 1130 2236 templi
1141 2153 1203 2214 for·

152 2254 231 2312 nice.
245 2251 392 2313 Continet
410 2263 523 2332 preter
538 2249 695 2310 Iuvenalis
704 2249 815 2311 Satires
833 2253 925 2311 etiam
942 2253 1062 2314 Horatii
1082 2253 1204 2334 Episto-

154 2351 216 2425 Ias,
236 2360 360 2431 excepta
382 2347 436 2407 illa
458 2346 499 2406 ad
521 2346 645 2407 Pisones
665 2347 792 2429 scripta,
814 2362 844 2407 et
865 2349 1008 2430 Prosperi
1029 2349 1204 2428 Aquitanici

156 2449 323 2508 Poematia.
335 2446 470 2528 Scriptus
483 2447 518 2504 in
531 2465 715 2528 pergamena
728 2443 835 2506 charta
845 2459 874 2506 et
884 2445 1004 2520 formo,
1018 2467 1114 2527 quam
1124 2459 1205 2507 octe·

155 2567 228 2606 vam
254 2542 404 2625 majorem
427 2544 609 2619 nominant,
632 2545 835 2626 complicatus
860 2559 979 2604 constat
1000 2544 1080 2604 LXV
1104 2545 1203 2621 loliis,

157 2661 291 2724 quorum
311 2641 412 2701 XXIII
430 2639 614 2700 Iuvenalem
632 2639 788 2702 exhibent.
802 2641 872 2717 Quo
888 2663 972 2701 anno
989 2642 1028 2702 sit
1050 2656 1220 2719 crematus,⁴

159 2761 224 2801 non
241 2739 324 2800 adest
340 2752 460 2801 certum
475 2738 640 2814 indicium,
662 2739 714 2800 sed
728 2752 801 2800 ante
816 2739 953 2800 medium
971 2743 1043 2801 Soec.
1058 2742 1113 2801 XV
1133 2744 1206 2802 scri·

158 2850 247 2921 ptum
259 2837 366 2913 luisse,
375 2849 406 2898 et
414 2836 574 2898 literarum
583 2835 693 2897 ductus
706 2836 854 2912 ostendit,
864 2850 895 2897 et
906 2837 1021 2898 indicat
1030 2841 1207 2922 possessoris

159 2955 281 2996 nomen.
299 2937 408 2996 Literae
422 2945 495 2994 sunt
506 2933 690 2994 minuscula
707 2931 965 3014 Langobardicoe‚
977 2934 1206 3014 frequentibus,

159 3034 210 3093 sed
233 3033 385 3094 constanti
404 3034 522 3092 ratione
540 3031 629 3114 pictis
647 3052 758 3093 vocum
777 3031 979 3114 compendiis.
1000 3032 1208 3093 Distinetionis

160 3141 242 3190 notae
263 3127 356 3188 nullae
371 3142 553 3210 comparent
568 3141 679 3208 praeter
696 3139 863 3209 punctum,
875 3147 1011 3203 comma,
1028 3141 1057 3189 et
1075 3130 1205 3189 interro·

161 3223 292 3304 gationis
312 3224 445 3304 signum.
476 3224 521 3283 De
545 3225 667 3282 Interna
693 3221 811 3284 Codicis
831 3225 951 3284 ratione
973 3225 1006 3282 in
1030 3226 1207 3285 universnm

162 3318 404 3402 praecipiendum
422 3317 562 3394 videtur,
575 3339 644 3378 eum
659 3340 721 3379 esse
738 3339 805 3379 non
824 3320 924 3400 magis
940 3319 1096 3395 bonitate,
1113 3341 1208 3404 qnam

163 3417 391 3497 singularitate,
409 3419 436 3477 si·
457 3419 499 3477 ita
521 3416 619 3478 dicere
631 3417 677 3477 fes
688 3418 743 3492 sit,
756 3417 1000 3477 memorabilem.
1011 3419 1113 3478 Habet
1125 3422 1209 3480 enim

165 3511 409 3595 quamplurimas
423 3513 567 3587 lacunas,
582 3513 712 3573 minIme
725 3512 840 3594 ubique
852 3533 887 3573 ex
901 3510 1146 3576 homoeoteleutis
1161 3536 1210 3574 or·

165 3625 227 3688 tas,
262 3609 456 3691 disjectiones
479 3630 641 3684 versuum,
669 3609 873 3685 diductIones,
903 3606 1107 3689 adjectiones.
1132 3612 1209 3688 Quae

167 3708 273 3769 omnia
286 3707 369 3768 unde
392 3707 454 3768 sint
467 3717 553 3785 orta,
579 3705 749 3766 admodum
763 3719 807 3766 est
822 3703 947 3766 difficile
962 3706 1056 3768 dictu.
1077 3708 1210 3768 Fluxisse

167 3807 280 3868 codicis
302 3818 418 3867 textum
441 3826 477 3867 ex
499 3805 669 3866 admodum
689 3804 788 3866 lacero
804 3805 992 3887 exemplari,
1011 3807 1063 3864 vix
1087 3825 1211 3887 persua-

169 3903 294 3978 demur,
309 3902 391 3964 unde
409 3902 493 3964 enim
507 3915 554 3963 tot
573 3900 777 3962 mutationes?
798 3902 897 3962 Aliam
916 3915 1018 3964 autem
1039 3921 1101 3964 esse
1114 3915 1211 3962 textos

169 4004 375 4064 recensionem
389 4002 429 4062 ab
444 4003 509 4084 ipso
523 3999 691 4084 prolectam
707 4002 867 4079 iuvenali,
884 4004 954 4084 quis
968 4001 1069 4063 credet
1082 4019 1210 4085 perpen-

1006 4101 1059 4168 38.
