3176 4954
499 387 559 450 EX
583 386 728 452 LIBRO
753 389 802 453 IX
826 389 973 456 SATlR.
1191 393 1255 458 365

686 517 787 580 XXV.

216 641 269 702 'fu
281 633 364 702 milli
375 657 554 700 nummum
570 652 666 726 potes
678 658 747 702 uno
760 659 909 730 quaerere
920 654 1064 705 centurn.

585 773 587 778 ’
675 758 793 822 XXVI.

217 871 371 939 scaberet
383 887 420 937 ut
432 895 555 962 porcus
569 874 720 938 contritis
733 872 852 940 arbore
863 876 974 940 costis.

668 993 803 1056 XXVII.

219 1110 306 1174 Hinc
317 1106 451 1191 ancilia,
464 1107 506 1173 ab
517 1105 582 1174 hoc
593 1108 719 1200 apices,
734 1107 936 1202 cupidasque
947 1125 1106 1201 repertas.
1143 1183 1147 1196 ‚

508 1315 511 1320 Ι
661 1230 812 1293 xxvrn.
1004 1223 1006 1228 ’

219 1347 345 1416 Praesul
357 1364 395 1414 ut
405 1363 590 1440 amptruet,
604 1344 681 1415 inde
693 1363 727 1413 et
737 1345 847 1438 volgu’
860 1347 1091 1440 redamptruat
1100 1347 1169 1416 olli.
1206 1329 1212 1337 ’

254 1543 334 1594 XXV.
344 1541 554 1608 A.‚Gellius‚lib.
564 1543 586 1607 l,
596 1561 655 1614 cap.
670 1541 714 1593 16:
761 1541 796 1592 ait
812 1541 864 1592 dici
878 1540 979 1608 Salios,
998 1545 1043 1614 qui
1061 1561 1175 1615 corpora
1191 1545 1259 1596 saltu

223 1620 284 1673 Utto
302 1615 373 1672 milli
390 1640 545 1686 nummum,
563 1639 612 1691 pro
630 1641 636 1670 t
658 1621 716 1671 nnis
760 1619 977 1691 reciprocabant,
992 1640 1007 1672 a
1022 1621 1132 1693 simplici
1148 1641 1258 1688 uruure,

218 1697 290 1750 mille
302 1701 414 1751 nummis
425 1720 432 1750 r
447 1711 588 1771 aperteque
604 1696 718 1751 ostendit
762 1697 835 1769 quod
845 1699 867 1751 si
877 1700 913 1750 ita
923 1717 951 1751 se
956 1702 1056 1770 jactare
1065 1713 1095 1750 nt
1106 1701 1261 1754 sursumde·

218 1775 294 1828 mille
308 1791 338 1828 ct
351 1776 510 1828 vocabulum
529 1795 602 1842 esse,
617 1790 643 1828 et
660 1779 717 1829 sin·
761 1796 816 1829 nuo
831 1779 924 1829 excitet
935 1797 971 1830 ss.
984 1780 1112 1832 Ceterum
1124 1779 1185 1832 hnic
1196 1799 1260 1832 con-

218 1853 303 1924 pulcri
319 1874 429 1908 numero
446 1855 513 1919 dici,
531 1858 639 1927 ejusque
656 1855 718 1926 plu·
757 1858 866 1926 jactura
876 1855 1045 1908 suaealteram
1055 1859 1261 1928 prefert,quam

220 1936 333 1986 rativum
362 1954 418 1988 esse
447 1934 552 2001 millia,
576 1947 602 1987 et
628 1953 718 1986 casum
761 1935 789 1985 in
801 1935 878 1986 Festo
893 1936 994 2005 posuit,
1015 1935 1148 2006 quomodo
1167 1949 1192 1988 et
1210 1955 1260 1988 nos
1330 1957 1331 1962 ¹

220 2014 299 2064 etiam
324 2031 419 2086 capere
444 2012 607 2075 ablativum
631 2031 717 2084 neque
762 2011 1028 2074 excudicurarirnus3
1044 2014 1091 2065 ubi
1105 2033 1132 2066 se
1146 2011 1261 2066 veterem

221 2103 328 2142 eeteros
358 2109 434 2143 casus
449 2092 545 2162 requiri
570 2105 718 2162 oportere,
761 2093 1065 2163 scripturamssquutnm
1074 2105 1261 2166 monetmmp

221 2189 302 2242 quum
322 2173 374 2222 sint
394 2171 443 2222 alia
460 2171 585 2242 pleraque
602 2170 718 2223 voeabu-
762 2179 845 2220 tmere
856 2188 906 2239 pro
921 2190 927 2218 :
945 2179 1082 2234 antruare,
1095 2183 1125 2220 ut
1138 2180 1261 2242 temptare

220 2249 261 2316 la,
275 2269 330 2322 quas
342 2253 369 2302 in
384 2250 501 2320 singulos
513 2263 615 2302 tantum
628 2269 717 2318 casus,
761 2266 826 2318 pro:
838 2258 936 2300 tentare
944 2287 953 2315 ,
962 2259 1075 2320 sumptus
1082 2267 1130 2320 pro
1139 2271 1145 2300 ε
1155 2261 1260 2316 sumtus,

220 2329 338 2398 quadam
348 2330 442 2394 onam,
455 2346 511 2400 quae
521 2331 548 2380 in
559 2328 662 2380 nullutn
674 2328 720 2380 de·
763 2338 789 2376 et
802 2325 903 2378 similia.
918 2329 1043 2378 Praeterea
1057 2345 1073 2378 a
1088 2338 1145 2378 tnta
1162 2326 1261 2380 dictum

221 2406 359 2459 elinentur.
762 2415 907 2469 amtruare,
921 2402 972 2455 hoc
986 2410 1041 2470 est,
1054 2404 1260 2457 circumvolvere.
1350 2433 1356 2442 ·

255 2487 347 2540 XXVl.
366 2489 490 2538 Priscian.
507 2485 552 2537 lib.
569 2487 610 2550 X,
629 2486 717 2551 scubo,
762 2481 848 2554 Vulgo
864 2483 956 2534 Lucilii
969 2482 1049 2534 verba
1065 2487 1262 2553 corruptissima

219 2567 295 2618 scobi.
762 2562 885 2631 leguntur
894 2561 965 2632 apud
975 2563 1088 2612 Festum.
1102 2585 1112 2608 ι
1123 2563 1226 2614 Proesul
1234 2573 1263 2613 ut

254 2645 358 2696 XXVll.
371 2644 533 2708 Priscianus,
546 2643 591 2694 lib.
603 2643 655 2694 Vl=
673 2643 720 2693 Ca·
762 2641 891 2712 ampiruet
897 2641 956 2691 inde
963 2640 1261 2713 vulpusredamplacit.»

218 2724 279 2793 pis,
307 2723 403 2794 cupidis
410 2760 420 2788 ,
443 2721 515 2773 unde
537 2720 720 2772 diminutivum
763 2722 798 2770 At
809 2719 880 2790 apud
892 2719 1007 2770 Nonium
1020 2731 1121 2770 tanturn
1133 2721 1262 2790 posterius

221 2801 344 2872 cupiditia
351 2840 361 2868 ,
373 2802 441 2852 vasis
453 2818 538 2871 genus
558 2798 718 2870 pontificale.
763 2789 967 2862 hemistichium,
975 2796 1021 2849 sed
1031 2796 1165 2869 aliquanto
1175 2817 1263 2850 emcn-

222 2881 341 2932 -Mors
356 2881 501 2942 Graec0,in
513 2897 541 2931 as
552 2876 662 2949 protulit
676 2896 720 2929 ac·
764 2875 849 2927 danus
870 2877 905 2926 ita
925 2887 1016 2928 exstat.
1046 2876 1110 2927 «Ut
1127 2875 1263 2949 vulqu're-

221 2961 365 3011 cusativum
378 2956 517 3028 pluralem.
529 2985 561 2997 -
573 2956 721 3008 Hincanci-
764 2955 890 3007 dundmet
904 2954 971 3005 inde.
989 2952 1131 3008 Presulem,
1147 2974 1209 3006 vero
1226 2957 1263 3006 in·

222 3036 274 3103 lia,
287 3052 337 3090 etc.
352 3039 391 3088 De
407 3038 498 3088 Numae
514 3037 583 3104 regis
594 3038 719 3088 institutis
765 3037 1021 3107 terpretaturDousa
1031 3050 1107 3106 pater
1116 3039 1190 3107 quasi
1198 3053 1263 3107 prae·

222 3114 578 3188 poetamloquijampridem
597 3117 723 3167 notarunt
764 3114 905 3181 sultarem,
926 3133 942 3165 a
963 3115 1102 3184 praesidio,
1128 3115 1208 3186 idque
1232 3134 1264 3166 err

222 3195 279 3245 Viri
290 3195 384 3259 Docti,
400 3192 491 3244 eodem
504 3193 634 3264 pertinere
651 3192 722 3244 arbi·
765 3195 873 3246 Nonio:
890 3205 1019 3265 putatque
1038 3193 1070 3244 ad
1088 3192 1186 3246 Ludios
1200 3198 1265 3245 Pre-

223 3285 308 3324 tantes
321 3290 407 3324 versus
420 3270 479 3323 illos
493 3273 586 3324 Ennii:
767 3274 835 3325 sulas
855 3273 1041 3338 referendum,
1059 3274 1091 3324 de
1113 3275 1207 3345 quilius
1227 3277 1264 3326 ita

221 3360 303 3402 Menas
312 3360 431 3412 constituit,
443 3360 536 3417 idemque
545 3361 620 3403 ancilia
631 3358 721 3416 primus,
766 3355 868 3404 Nonius
879 3374 885 3402 ι
899 3375 909 3398 ι
920 3351 1018 3403 Ludius
1030 3352 1101 3425 quod
1113 3352 1180 3407 ludis
1189 3355 1265 3426 pueri

222 3421 321 3478 litaque,
333 3420 412 3464 ⁵⁰²⁰&
422 3423 498 3476 &8⁰⁰⁸
507 3432 527 3463 θ’
537 3420 651 3463 T¹¹¹¹¹¹¹¹¹⁰²
766 3430 889 3482 Praesules
911 3443 996 3481 essent
1014 3429 1097 3500 glabri
1115 3450 1145 3482 ac
1164 3431 1264 3504 depiles

256 3509 374 3563 XXVlll.
389 3509 500 3560 Festus:
520 3511 723 3581 Redemptruare
766 3519 875 3580 propter
895 3520 998 3559 etatem
1017 3527 1083 3579 quos
1100 3511 1199 3583 antiqui
1217 3511 1265 3583 Ly-

222 3586 486 3642 diciturinSaliorum
495 3589 722 3655 exsultationibus,
766 3589 824 3662 dios
837 3587 1036 3658 appellabant.»
1053 3589 1148 3642 Paulus
1163 3591 1264 3642 Merula
1343 3588 1346 3594 ’

224 3689 303 3741 quum
312 3666 722 3742 proesuIamptruavit,quotlest,
767 3665 949 3718 animadvertit
975 3666 1047 3719 lrunc
1071 3688 1174 3722 versum
1204 3689 1264 3721 curn

224 3764 310 3800 motus
326 3747 427 3813 edidit,
446 3761 472 3798 et
490 3749 640 3799 referuntur
658 3749 724 3800 invi·
766 3746 885 3819 proxime
902 3745 1059 3816 precedenti
1074 3747 1146 3799 haud
1163 3749 1264 3800 incom-

225 3847 281 3880 eem
291 3828 369 3881 iidem
384 3842 481 3879 motus.
490 3826 606 3897 Scaliger
616 3829 642 3878 in
652 3829 722 3881 Con·
766 3826 845 3878 mode
853 3824 998 3878 combinari
1006 3846 1102 3899 posse,
1112 3847 1143 3880 ac
1152 3828 1264 3898 proinde

221 3907 347 3975 jectaneis
365 3905 436 3957 hune
453 3923 555 3958 versum
571 3908 608 3957 ita
625 3908 723 3958 consti·
766 3909 802 3959 its
826 3906 1036 3959 constituendum
1059 3929 1065 3958 :
1090 3906 1217 3959 uProesul
1235 3916 1266 3956 ut

225 3984 290 4034 tuit:
303 3982 724 4049 aPrtesulutambumat,sicvol·
766 3997 895 4058 amptruet
915 3986 975 4039 ltine
992 3999 1020 4040 'et
1040 3984 1128 4058 vulpu'
1148 3985 1264 4057 redarnp-

221 4061 500 4135 qu'redandruatirtde.
510 4062 723 4117 »Etsmburnare
768 4077 823 4119 suet
838 4064 929 4116 inde.-
