3038 4932
336 471 401 553 ³tt
569 438 1133 534 a.auc'1n11ralcuaam

811 601 878 662 xl.

333 704 490 774 Occidam
503 705 601 774 illum
611 706 778 802 equidem,
792 721 825 774 et
835 709 978 788 vincam,
990 711 1019 773 si
1029 706 1064 774 id
1077 708 1237 800 quaeritis,
1251 711 1363 803 inquit,

333 821 460 883 Verum
471 816 555 884 illud
568 816 667 885 credo
679 818 767 900 fore,
780 821 814 884 in
825 841 863 885 os
875 819 969 910 prius
980 819 1143 909 accipiam
1153 819 1227 910 ipse

333 929 440 1010 Quam
453 924 602 1017 gladium
615 928 651 993 in
663 925 833 994 stomacho
844 953 852 1010 ;
866 950 945 994 sura
955 949 994 994 ac
1005 923 1213 1017 pulmonibu'
1226 929 1317 994 sisto.

333 1033 397 1103 Odi
408 1033 597 1117 hominem3
610 1037 713 1124 iratus
727 1058 840 1127 pugno
851 1061 859 1117 ;
872 1057 936 1102 nec
947 1033 1068 1126 longiu’
1081 1033 1265 1128 quidquam

335 1146 454 1230 Nobis,
470 1139 572 1241 quam
583 1146 708 1236 dextrae
720 1146 867 1239 gladium
880 1145 962 1234 dnm
973 1145 1203 1214 accommodat
1213 1145 1296 1214 alter

334 1261 449 1352 Usque
460 1256 544 1325 adeo
557 1254 666 1326 studio
677 1272 798 1352 ‚atque
810 1256 887 1325 odio
899 1257 987 1324 illius
1000 1256 1121 1324 efferor
1131 1259 1191 1324 ira.

336 1511 557 1526 .......
558 1429 559 1434 ¹
588 1513 594 1524 .
624 1511 631 1526 .
662 1511 669 1526 .
695 1371 979 1545 Quamliilionus
995 1462 1069 1552 ipse

334 1574 462 1639 Samnis
474 1574 509 1637 in
521 1569 619 1651 ludo,
632 1594 671 1638 ac
682 1567 822 1638 rudibus
835 1572 938 1638 cuivis
950 1575 1028 1637 satis
1039 1595 1151 1663 asper.

809 1683 898 1748 Xlll.

333 1793 432 1880 Quod
446 1796 474 1860 si
484 1793 578 1861 nulla
589 1809 700 1886 potest
709 1792 831 1860 mulier
843 1809 911 1860 tam
921 1816 1061 1886 corpore
1072 1792 1157 1862 duro

334 1906 434 1983 Esse,
448 1920 560 1970 tamen
572 1919 690 1970 tenero
699 1920 834 1970 maneat
846 1926 1003 1970 succussa
1016 1901 1161 1986 lacerto,

334 2017 376 2079 Et
388 2035 509 2079 manus
524 2013 658 2080 uberior
670 2013 807 2080 lactanti
819 2015 854 2079 in
869 2016 998 2080 sumine
1012 2013 1108 2081 sidat.

812 2128 899 2190 xlv.

334 2231 516 2323 Tisiphone
529 2234 651 2302 residet
661 2235 878 2328 pulmonibus
889 2288 897 2319 ‚
910 2222 1012 2328 atque
1023 2234 1110 2303 adid
1124 2247 1262 2328 unguen

334 2345 515 2410 Excoctum
527 2343 638 2411 attulit
648 2345 872 2413 Eumenidum
884 2346 1090 2412 sanctissima
1101 2348 1257 2438 Erinnys.

818 2459 887 2523 XV.

335 2567 531 2658 Assequitur
542 2589 604 2634 nec
616 2569 825 2658 opinantem,
839 2567 874 2631 in
886 2579 987 2656 caput
997 2565 1118 2646 insilit,
1130 2569 1242 2658 ipsum

334 2674 640 2743 commanducatur
653 2692 762 2743 totum
776 2673 967 2767 complexa,
980 2692 1186 2770 comestque.

369 2855 413 2907 XJ.
421 2859 445 2909 J.
454 2858 735 2928 Scaligertotumbnnc
743 2861 831 2914 locum
875 2860 1372 2933 rnm.Sustoniusapudlsid.lib.XVll,

332 2936 370 2987 ita
392 2935 571 3006 refiaqendum
592 2938 668 2992 nobis
689 2939 830 2992 indicavit:
876 2957 934 3010 cap.
952 2940 976 2992 6.
993 2940 1110 3010 origia:
1126 2941 1218 2992 «num
1236 2941 1371 3011 cujusdam

332 3040 832 3168 psaltas
875 3019 1372 3171 {titulatatauta

413 3168 470 3201 ‘¹⁵³⁰'
876 3180 959 3229 currit
970 3197 1039 3229 unus
1052 3178 1086 3230 ad
1100 3198 1161 3231 eum
1173 3179 1372 3250 corrigendum,

332 3243 393 3294 Non
405 3241 582 3300 dubitandum
599 3251 662 3319 quin
677 3270 738 3303 vera
755 3271 785 3303 ea
798 3253 832 3303 sit
876 3270 1316 3328 tumqneapugnanteresponsnm
1325 3271 1370 3322 est,

330 3322 419 3376 lectio.
443 3326 556 3393 «Prius,
580 3329 681 3401 inquit,
703 3332 830 3403 accipiam
876 3334 935 3385 Sica
955 3336 1093 3407 palpitabo,
1112 3335 1175 3388 inde
1197 3339 1257 3388 sicae
1277 3353 1370 3388 nornen

331 3404 421 3454 sistere
433 3402 587 3474 gladiumin
600 3429 645 3474 os,
657 3428 736 3481 quam
744 3413 831 3484 ipsum
877 3409 967 3464 datum
979 3427 1049 3464 cst.»

256 3501 261 3511 ·
331 3480 428 3530 sistoin
437 3480 831 3561 pulmones.·Hocenimplane
911 3489 1369 3556 XILCicero,deOratore,lib.lll.

330 3555 528 3628 gladiatorium,
538 3565 647 3632 priusos
656 3578 830 3638 petarequam
911 3569 978 3620 Xlll.
994 3569 1118 3621 Nonius:
1137 3570 1249 3638 Sumen,
1267 3572 1370 3642 proprie

330 3653 445 3706 corpus;
462 3655 543 3707 qnare
560 3641 683 3696 dicabant
703 3667 710 3695 ε
732 3665 784 3699 non
806 3658 831 3698 te
862 3645 1018 3716 asuqondo
1029 3647 1137 3700 dictum.
1145 3649 1214 3700 Nam
1224 3662 1251 3701 et
1259 3649 1371 3702 mulieris

328 3722 403 3784 peto,
417 3716 510 3784 piscem
525 3731 603 3788 peto,·
624 3722 668 3792 qui
682 3724 761 3793 piscis
776 3737 830 3775 erat
874 3743 1013 3776 mammam
1024 3745 1114 3778 crimen
1124 3729 1232 3779 Veteres
1241 3725 1368 3780 dicebant.

331 3790 447 3864 sculptus
466 3796 492 3846 in
510 3796 586 3865 galea
604 3797 754 3853 adversarii.
772 3804 828 3854 Hoc
909 3807 977 3859 XlV.
990 3809 1092 3864 Nonius
1103 3808 1214 3861 :Sebum
1224 3823 1250 3860 et
1260 3827 1371 3882 unquen-

330 3887 490 3944 praeceptunr
510 3873 581 3928 dedit
602 3877 729 3930 militibus
746 3881 830 3932 Caesar
874 3893 928 3934 tum
938 3883 1038 3936 babent
1051 3885 1120 3938 banc
1132 3887 1318 3939 diversitatem.
1330 3887 1371 3939 Se·

330 3949 355 3997 in
368 3949 515 4004 Pharsalica
531 3972 636 4024 pugna,
651 3968 681 4007 ut
696 3958 767 4026 prins
784 3976 830 4010 ora
874 3959 937 4012 burn
950 3961 978 4013 fit
992 3961 1023 4014 err
1035 3962 1113 4034 adipe
1126 3967 1324 4016 ruminantium.

329 4024 444 4080 bostium
456 4044 591 4102 peterent,
607 4051 686 4103 quam
697 4033 829 4105 reliquum
908 4041 964 4090 XV.
982 4041 1084 4093 Nonius
1102 4043 1368 4107 :ncommanducam

252 4155 261 4172 Ι
329 4119 434 4172 corpus.
453 4109 509 4161 Sica
526 4120 612 4161 autem
630 4124 684 4162 erat
699 4110 829 4190 gladiato-n
874 4115 963 4168 ldem:
980 4120 1078 4171 Comest
1092 4139 1158 4189 pro:
1174 4120 1301 4174 comedit.
