3176 4954
340 395 410 501 444
642 415 876 482 suurrcrn
899 417 1080 503 sirini.

341 549 383 610 Et
393 540 519 610 salibus
530 544 659 612 variare
670 545 781 626 novis,
791 558 984 612 constanter
994 546 1130 612 omitto:

341 657 473 746 Teque,
485 651 608 746 quibus
619 655 795 746 princeps,
809 669 842 722 et
852 652 1109 736 facundissima,
1122 651 1240 738 calles,
1372 685 1410 721 ιο

343 759 543 856 Aggredior3
553 761 710 855 precibus
721 761 888 831 descende
901 760 1048 846 clientis,
1059 779 1094 830 et
1104 762 1195 830 audi.

388 873 450 939 Dic
459 870 558 951 mihi,
571 870 735 964 Calliope,
749 871 910 968 quidnam
920 887 1015 965 pater
1025 870 1082 939 ille
1094 877 1243 941 Deorum

342 985 493 1075 Cogitat?
503 987 555 1048 An
566 999 672 1050 terras
686 998 720 1051 et
732 985 840 1077 patria
852 981 974 1050 saecnla
987 988 1117 1051 mutat?

341 1097 502 1186 Quasque
515 1089 608 1160 dedit
618 1092 806 1188 quondam,
821 1091 1039 1162 morientibus
1052 1095 1151 1185 eripit
1162 1099 1273 1162 artes?

342 1207 478 1297 Nosque
487 1200 584 1295 jubet
594 1207 775 1286 tacitos‚et
780 1201 852 1296 jam
863 1206 1000 1272 rationis
1011 1227 1148 1296 egenos,
1368 1219 1408 1270 ι5

341 1314 418 1378 Non
429 1310 539 1390 aliter,
552 1315 663 1404 primo
675 1336 777 1408 quam
791 1337 897 1407 quum
910 1315 1116 1382 surreximus
1130 1337 1218 1394 aevn,

344 1420 532 1490 Glandibus
544 1439 578 1490 et
588 1447 683 1515 purae
693 1445 810 1491 rursus
822 1422 1042 1514 procumbere
1054 1421 1224 1515 lympbae?

342 1536 395 1598 An
407 1528 554 1627 reliquas
565 1549 672 1600 terras
683 1547 859 1602 conservat
868 1535 1010 1614 amicus,
1024 1549 1056 1600 et
1067 1533 1186 1614 urbes;

344 1639 407 1710 Sed
422 1665 527 1733 genus
537 1644 738 1725 Ausonium,
750 1641 950 1738 Remulique
962 1639 1117 1710 exturbat
1126 1641 1307 1710 alumnos?

343 1754 433 1842 Quid
447 1770 642 1846 reputemus
656 1756 767 1820 enim?
778 1757 853 1820 Duo
865 1769 945 1820 sunt
956 1754 1080 1846 quibus
1092 1753 1211 1822 extulit
1224 1757 1350 1846 ingens

346 1869 453 1931 Roma
464 1867 702 1958 opput;vi1·tus
714 1861 810 1946 belli,
825 1879 859 1930 et
872 1865 1034 1955 sapientia
1045 1866 1149 1955 pacis.
1365 1897 1399 1930 ar

344 1970 408 2042 sed
420 1975 527 2052 virtus,
537 1976 658 2066 agitata
670 1973 776 2055 domi,
790 1989 824 2039 et
834 1970 1013 2040 socialibus
1024 1975 1143 2052 armis,

344 2090 385 2152 In
396 2083 479 2152 frete
491 2087 643 2167 Sicaniae,
655 2101 689 2152 et
700 2083 908 2177 Carthaginis
921 2085 1000 2150 exiit
1010 2106 1122 2170 arces,

346 2197 540 2286 Caeteraque
551 2195 705 2284 imperia,
717 2209 868 2262 ettotum
880 2189 979 2260 simul
991 2189 1133 2258 abstulit
1143 2191 1270 2260 orbem.

346 2302 1140 2400 Deindc‚velutstodiovictorquisolusAchaeo
1366 2321 1403 2371 25

345 2419 516 2507 Languet,
528 2401 562 2485 et
570 2420 708 2485 immota
720 2439 836 2485 secum
847 2417 969 2482 virtute
979 2413 1118 2482 fatiscit:

346 2528 398 2597 Sic
408 2528 525 2597 itidem
535 2534 685 2598 Romana
696 2551 834 2610 manus,
849 2524 1052 2594 contendere
1064 2542 1243 2620 postquam

346 2641 493 2725 Destitit,
509 2655 543 2708 et
553 2665 670 2733 pacem
682 2639 789 2732 longis
801 2639 943 2705 frenavit
953 2635 1107 2718 habenis,

347 2753 425 2840 lpsa
435 2748 528 2818 domi
536 2750 642 2843 leges,
656 2766 689 2817 et
700 2751 800 2818 Graia
810 2752 946 2815 inventa
958 2763 1159 2830 retractans,

347 2861 469 2926 Omnia
481 2857 647 2926 beliorum
659 2876 748 2925 terra
762 2859 1083 2952 quaesita,marique
1363 2871 1403 2921 30

348 2969 489 3033 Praemia
503 2965 657 3051 consilio,
673 2982 706 3034 et
717 2965 810 3034 molli
821 2969 949 3034 ratione
960 2966 1105 3058 regebat.

347 3074 510 3145 Stabatio
521 3076 589 3159 his,
600 3100 711 3172 neque
724 3080 814 3146 enim
824 3091 958 3169 poterat
967 3091 1121 3142 constare
1134 3076 1206 3141 sine
1219 3077 1318 3165 ipsis,
1336 3151 1343 3163 ⁸

349 3191 416 3252 Aut
426 3184 550 3253 bostra
564 3190 676 3270 uxori,
691 3185 903 3281 mendaxque
914 3186 1079 3276 Diespiter
1089 3183 1185 3264 oiim,

348 3299 519 3390 Impm'um
530 3301 667 3390 sinefine
680 3301 770 3382 dedi,
783 3299 906 3367 dixisse
917 3293 1087 3388 probatur.

387 3483 427 3522 to.
447 3470 547 3541 Teque,
564 3487 611 3528 etc.
629 3474 671 3527 Sic
686 3476 848 3549 distinguen.
932 3466 1402 3541 19.Remulique,etc.Vulgofflemi-

349 3545 421 3599 dum.
433 3571 444 3596 ι
454 3551 576 3608 Carmina
587 3556 704 3628 calliope
714 3557 785 3610 fibris
798 3555 847 3610 he.
893 3567 951 3622 que,
960 3547 1029 3599 uude
1037 3547 1135 3612 malim,
1143 3547 1277 3618 Romique,
1288 3545 1363 3618 quod
1372 3561 1401 3598 et

349 3627 421 3678 roica
434 3630 550 3686 mandat.
561 3658 572 3682 ι
590 3634 732 3704 Ceterum,
746 3651 773 3690 et
786 3649 847 3688 autc
892 3637 988 3686 Vineto
996 3645 1086 3684 nostro
1096 3631 1211 3702 placuit,
1220 3629 1293 3682 unde
1301 3632 1401 3682 crescit

348 3704 505 3777 Sulpiciam,
518 3711 568 3764 sub
582 3717 716 3786 Augusto,
735 3717 848 3768 Cornifi·
894 3713 1044 3767 auctoritas.
1061 3710 1093 3764 V.
1102 3709 1183 3765 schol,

350 3788 391 3838 cia
400 3805 489 3842 versus
498 3793 651 3863 scripserat,
662 3795 770 3848 sednon
779 3795 848 3848 Pha·
928 3793 972 3844 33.
983 3791 1040 3844 Aut
1046 3790 1161 3861 frustra,
1172 3799 1223 3840 etc.
1234 3790 1281 3840 Est
1292 3786 1346 3840 hoc
1358 3789 1401 3838 vi-

351 3865 848 3946 laecos,jumScezontesHipponactios,
894 3876 960 3926 tium
985 3870 1133 3933 memorius,
1156 3869 1289 3936 majorum
1316 3866 1401 3918 etiam

353 3947 685 4023 etslioslyrioos,quibus
696 3952 848 4024 primaSul·
892 3951 1010 4024 gentium
1034 3946 1226 4019 scriptoribus,
1253 3964 1285 3996 eo
1312 3963 1414 4016 usque*

351 4027 420 4095 picin
433 4029 540 4098 poetria
553 4049 650 4086 nomeu
663 4034 730 4086 inter
743 4033 848 4088 Latinos
893 4035 1034 4102 frequens,
1059 4039 1088 4078 ut
1110 4039 1306 4094 nonnunquam
1332 4025 1402 4076 affe·

353 4103 456 4153 memb·
472 4103 503 4155 V·
516 4105 594 4159 861401.
896 4125 981 4164 ctasse
992 4105 1075 4158 videri
1088 4103 1201 4175 possint.
1215 4103 1248 4158 V·
1259 4099 1342 4154 schol.
