<?xml version="1.0" encoding="UTF-8"?>
<!DOCTYPE html PUBLIC "-//W3C//DTD XHTML 1.0 Transitional//EN"
    "http://www.w3.org/TR/xhtml1/DTD/xhtml1-transitional.dtd">
<html xmlns="http://www.w3.org/1999/xhtml" xml:lang="en" lang="en">
 <head>
  <title>
</title>
<meta http-equiv="Content-Type" content="text/html;charset=utf-8" />
  <meta name='ocr-system' content='tesseract 3.04.00' />
  <meta name='ocr-capabilities' content='ocr_page ocr_carea ocr_par ocr_line ocrx_word'/>
</head>
<body>
  <div class='ocr_page' id='page_1' title='image "./sexdecimsatir00lemagoog_0116.png"; bbox 0 0 2970 4936; ppageno 0'>
   <div class='ocr_carea' id='block_1_1' title="bbox 335 331 1193 418">
    <p class='ocr_par' dir='ltr' id='par_1_1' title="bbox 335 331 1193 418">
     <span class='ocr_line' id='line_1_1' title="bbox 335 331 1193 418; baseline -0.029 0"><span class='ocrx_word' id='word_1_1' title='bbox 335 377 395 418; x_wconf 84' lang='lat' dir='ltr'>roo</span> <span class='ocrx_word' id='word_1_2' title='bbox 501 337 655 408; x_wconf 81' lang='lat' dir='ltr'>VARlAE</span> <span class='ocrx_word' id='word_1_3' title='bbox 678 333 947 403; x_wconf 82' lang='lat' dir='ltr'>LECTIONES</span> <span class='ocrx_word' id='word_1_4' title='bbox 971 334 1032 397; x_wconf 87' lang='lat' dir='ltr'>ET</span> <span class='ocrx_word' id='word_1_5' title='bbox 1057 331 1193 396; x_wconf 85' lang='lat' dir='ltr'><strong>NOTAE</strong></span> 
     </span>
    </p>
   </div>
   <div class='ocr_carea' id='block_1_2' title="bbox 327 455 1373 616">
    <p class='ocr_par' dir='ltr' id='par_1_2' title="bbox 327 455 1373 616">
     <span class='ocr_line' id='line_1_2' title="bbox 327 455 1373 547; baseline -0.025 -14"><span class='ocrx_word' id='word_1_6' title='bbox 327 479 379 547; x_wconf 84' lang='lat' dir='ltr'>nel.</span> <span class='ocrx_word' id='word_1_7' title='bbox 392 474 494 547; x_wconf 76' lang='lat' dir='ltr'>cup.&#39;6‚</span> <span class='ocrx_word' id='word_1_8' title='bbox 507 470 557 524; x_wconf 88' lang='lat' dir='ltr'>sub</span> <span class='ocrx_word' id='word_1_9' title='bbox 567 469 653 519; x_wconf 88' lang='lat' dir='ltr'>linem.</span> <span class='ocrx_word' id='word_1_10' title='bbox 664 492 701 504; x_wconf 93' lang='lat'>-</span> <span class='ocrx_word' id='word_1_11' title='bbox 711 464 794 534; x_wconf 79' lang='lat' dir='ltr'>Lippa</span> <span class='ocrx_word' id='word_1_12' title='bbox 804 478 935 537; x_wconf 63' lang='lat' dir='ltr'>propaqm·</span> <span class='ocrx_word' id='word_1_13' title='bbox 947 455 1082 526; x_wconf 64' lang='lat' dir='ltr'>intelligit,</span> <span class='ocrx_word' id='word_1_14' title='bbox 1094 467 1123 508; x_wconf 90' lang='lat' dir='ltr'>ut</span> <span class='ocrx_word' id='word_1_15' title='bbox 1132 455 1224 508; x_wconf 82' lang='lat' dir='ltr'>volunt</span> <span class='ocrx_word' id='word_1_16' title='bbox 1235 455 1373 522; x_wconf 84' lang='lat' dir='ltr'>nonnulli,</span> 
     </span>
     <span class='ocr_line' id='line_1_3' title="bbox 327 533 1372 616; baseline -0.028 -3"><span class='ocrx_word' id='word_1_17' title='bbox 327 561 431 612; x_wconf 83' lang='lat' dir='ltr'>Cottam</span> <span class='ocrx_word' id='word_1_18' title='bbox 440 547 624 611; x_wconf 83' lang='lat' dir='ltr'>Messalinum,</span> <span class='ocrx_word' id='word_1_19' title='bbox 633 546 692 616; x_wconf 83' lang='lat' dir='ltr'>qui,</span> <span class='ocrx_word' id='word_1_20' title='bbox 703 539 816 610; x_wconf 73' lang='lat' dir='ltr'>crepulo¹</span> <span class='ocrx_word' id='word_1_21' title='bbox 829 537 935 590; x_wconf 82' lang='lat' dir='ltr'>deditus</span> <span class='ocrx_word' id='word_1_22' title='bbox 947 550 973 589; x_wconf 90' lang='lat' dir='ltr'>et</span> <span class='ocrx_word' id='word_1_23' title='bbox 985 535 1066 606; x_wconf 75' lang='lat' dir='ltr'>gule,</span> <span class='ocrx_word' id='word_1_24' title='bbox 1074 547 1101 585; x_wconf 87' lang='lat' dir='ltr'>et</span> <span class='ocrx_word' id='word_1_25' title='bbox 1112 553 1127 586; x_wconf 84' lang='lat' dir='ltr'>a</span> <span class='ocrx_word' id='word_1_26' title='bbox 1139 534 1284 604; x_wconf 79' lang='lat' dir='ltr'>majoribus</span> <span class='ocrx_word' id='word_1_27' title='bbox 1294 533 1372 604; x_wconf 72' lang='lat' dir='ltr'>dege-</span> 
     </span>
    </p>
   </div>
   <div class='ocr_carea' id='block_1_3' title="bbox 327 617 1372 868">
    <p class='ocr_par' dir='ltr' id='par_1_3' title="bbox 327 617 1372 868">
     <span class='ocr_line' id='line_1_4' title="bbox 328 617 1372 708; baseline -0.026 -15"><span class='ocrx_word' id='word_1_28' title='bbox 328 661 385 708; x_wconf 83' lang='lat' dir='ltr'>ner,</span> <span class='ocrx_word' id='word_1_29' title='bbox 397 640 425 689; x_wconf 91' lang='lat' dir='ltr'>in</span> <span class='ocrx_word' id='word_1_30' title='bbox 440 642 573 686; x_wconf 81' lang='lat' dir='ltr'>senectute</span> <span class='ocrx_word' id='word_1_31' title='bbox 586 625 652 678; x_wconf 77' lang='lat' dir='ltr'>odeo</span> <span class='ocrx_word' id='word_1_32' title='bbox 665 625 753 697; x_wconf 81' lang='lat' dir='ltr'>lippus</span> <span class='ocrx_word' id='word_1_33' title='bbox 764 623 827 686; x_wconf 81' lang='lat' dir='ltr'>fuit,</span> <span class='ocrx_word' id='word_1_34' title='bbox 843 632 874 672; x_wconf 89' lang='lat' dir='ltr'>ut</span> <span class='ocrx_word' id='word_1_35' title='bbox 885 617 1019 690; x_wconf 63' lang='lat' dir='ltr'>palpebra</span> <span class='ocrx_word' id='word_1_36' title='bbox 1030 617 1086 686; x_wconf 84' lang='lat' dir='ltr'>ejus</span> <span class='ocrx_word' id='word_1_37' title='bbox 1098 617 1126 667; x_wconf 87' lang='lat' dir='ltr'>in</span> <span class='ocrx_word' id='word_1_38' title='bbox 1140 618 1296 669; x_wconf 80' lang='lat' dir='ltr'>exteriorem</span> <span class='ocrx_word' id='word_1_39' title='bbox 1308 634 1372 686; x_wconf 83' lang='lat' dir='ltr'>par-</span> 
     </span>
     <span class='ocr_line' id='line_1_5' title="bbox 327 696 1372 776; baseline -0.026 -2"><span class='ocrx_word' id='word_1_40' title='bbox 327 737 380 776; x_wconf 86' lang='lat' dir='ltr'>tem</span> <span class='ocrx_word' id='word_1_41' title='bbox 396 725 528 771; x_wconf 73' lang='lat' dir='ltr'>&#39;converso</span> <span class='ocrx_word' id='word_1_42' title='bbox 545 721 641 762; x_wconf 83' lang='lat' dir='ltr'>essent.</span> <span class='ocrx_word' id='word_1_43' title='bbox 663 709 753 758; x_wconf 86' lang='lat' dir='ltr'>Potest</span> <span class='ocrx_word' id='word_1_44' title='bbox 767 720 829 754; x_wconf 82' lang='lat' dir='ltr'>vero</span> <span class='ocrx_word' id='word_1_45' title='bbox 847 700 897 752; x_wconf 86' lang='lat' dir='ltr'>dici</span> <span class='ocrx_word' id='word_1_46' title='bbox 914 699 988 771; x_wconf 79' lang='lat' dir='ltr'>lippa</span> <span class='ocrx_word' id='word_1_47' title='bbox 1001 715 1050 769; x_wconf 91' lang='lat' dir='ltr'>pro</span> <span class='ocrx_word' id='word_1_48' title='bbox 1063 696 1230 764; x_wconf 75' lang='lat' dir='ltr'>miserande,</span> <span class='ocrx_word' id='word_1_49' title='bbox 1250 709 1372 748; x_wconf 86' lang='lat' dir='ltr'>contem·</span> 
     </span>
     <span class='ocr_line' id='line_1_6' title="bbox 327 782 1097 868; baseline -0.039 -12"><span class='ocrx_word' id='word_1_50' title='bbox 327 801 426 865; x_wconf 72' lang='lat' dir='ltr'>nenda,</span> <span class='ocrx_word' id='word_1_51' title='bbox 440 786 661 868; x_wconf 79' lang='lat' dir='ltr'><strong>quemadmodum</strong></span> <span class='ocrx_word' id='word_1_52' title='bbox 676 785 710 836; x_wconf 83' lang='lat' dir='ltr'>ed</span> <span class='ocrx_word' id='word_1_53' title='bbox 722 784 829 836; x_wconf 80' lang='lat' dir='ltr'>satiram</span> <span class='ocrx_word' id='word_1_54' title='bbox 842 782 1004 852; x_wconf 85' lang='lat' dir='ltr'>superiorem</span> <span class='ocrx_word' id='word_1_55' title='bbox 1016 797 1041 828; x_wconf 86' lang='lat' dir='ltr'>v.</span> <span class='ocrx_word' id='word_1_56' title='bbox 1055 795 1097 847; x_wconf 87' lang='lat'>79.</span> 
     </span>
    </p>
   </div>
   <div class='ocr_carea' id='block_1_4' title="bbox 324 957 1377 1248">
    <p class='ocr_par' dir='ltr' id='par_1_4' title="bbox 324 957 1377 1248">
     <span class='ocr_line' id='line_1_7' title="bbox 357 957 1373 1042; baseline -0.031 -13"><span class='ocrx_word' id='word_1_57' title='bbox 357 987 418 1029; x_wconf 68' lang='lat' dir='ltr'>Vin.</span> <span class='ocrx_word' id='word_1_58' title='bbox 437 979 475 1042; x_wconf 87' lang='lat'>73.</span> <span class='ocrx_word' id='word_1_59' title='bbox 488 973 637 1038; x_wconf 76' lang='lat' dir='ltr'>compositum</span> <span class='ocrx_word' id='word_1_60' title='bbox 645 972 686 1033; x_wconf 84' lang='lat' dir='ltr'>jus</span> <span class='ocrx_word' id='word_1_61' title='bbox 693 966 781 1030; x_wconf 77' lang='lat' dir='ltr'>sosque</span> <span class='ocrx_word' id='word_1_62' title='bbox 789 968 871 1009; x_wconf 79' lang='lat' dir='ltr'>animo.</span> <span class='ocrx_word' id='word_1_63' title='bbox 881 985 912 998; x_wconf 81' lang='lat'>-·</span> <span class='ocrx_word' id='word_1_64' title='bbox 922 960 966 1008; x_wconf 74' lang='lat' dir='ltr'>Alii</span> <span class='ocrx_word' id='word_1_65' title='bbox 974 959 1048 1006; x_wconf 75' lang='lat' dir='ltr'>Mus.</span> <span class='ocrx_word' id='word_1_66' title='bbox 1058 957 1146 1014; x_wconf 85' lang='lat' dir='ltr'><strong>Codd,</strong></span> <span class='ocrx_word' id='word_1_67' title='bbox 1156 961 1217 1005; x_wconf 88' lang='lat' dir='ltr'>inter</span> <span class='ocrx_word' id='word_1_68' title='bbox 1226 975 1287 1022; x_wconf 82' lang='lat' dir='ltr'>qtros</span> <span class='ocrx_word' id='word_1_69' title='bbox 1297 958 1373 1010; x_wconf 79' lang='lat'><strong>8055,</strong></span> 
     </span>
     <span class='ocr_line' id='line_1_8' title="bbox 326 1027 1372 1116; baseline -0.03 -13"><span class='ocrx_word' id='word_1_70' title='bbox 326 1056 398 1103; x_wconf 88' lang='lat' dir='ltr'>edunt</span> <span class='ocrx_word' id='word_1_71' title='bbox 407 1053 493 1116; x_wconf 80' lang='lat' dir='ltr'>sosque</span> <span class='ocrx_word' id='word_1_72' title='bbox 504 1045 584 1098; x_wconf 78' lang='lat' dir='ltr'>animi,</span> <span class='ocrx_word' id='word_1_73' title='bbox 603 1039 666 1103; x_wconf 90' lang='lat' dir='ltr'><strong>quod</strong></span> <span class='ocrx_word' id='word_1_74' title='bbox 683 1037 833 1084; x_wconf 74' lang='lat' dir='ltr'>casaubonus</span> <span class='ocrx_word' id='word_1_75' title='bbox 849 1031 1000 1095; x_wconf 79' lang='lat' dir='ltr'>nonnullique</span> <span class='ocrx_word' id='word_1_76' title='bbox 1017 1027 1101 1075; x_wconf 78' lang='lat' dir='ltr'>abillo</span> <span class='ocrx_word' id='word_1_77' title='bbox 1117 1043 1264 1092; x_wconf 84' lang='lat' dir='ltr'>receperunt.</span> <span class='ocrx_word' id='word_1_78' title='bbox 1279 1027 1372 1074; x_wconf 81' lang='lat' dir='ltr'>Praetuli</span> 
     </span>
     <span class='ocr_line' id='line_1_9' title="bbox 324 1100 1377 1186; baseline -0.028 -13"><span class='ocrx_word' id='word_1_79' title='bbox 324 1129 411 1181; x_wconf 74' lang='lat' dir='ltr'>animo,</span> <span class='ocrx_word' id='word_1_80' title='bbox 420 1119 484 1186; x_wconf 87' lang='lat' dir='ltr'><strong>quod</strong></span> <span class='ocrx_word' id='word_1_81' title='bbox 490 1119 551 1164; x_wconf 85' lang='lat' dir='ltr'>idem</span> <span class='ocrx_word' id='word_1_82' title='bbox 560 1112 621 1161; x_wconf 79' lang='lat' dir='ltr'>tolet</span> <span class='ocrx_word' id='word_1_83' title='bbox 629 1128 655 1157; x_wconf 78' lang='lat' dir='ltr'>ec</span> <span class='ocrx_word' id='word_1_84' title='bbox 663 1114 685 1155; x_wconf 86' lang='lat' dir='ltr'>r&#39;n</span> <span class='ocrx_word' id='word_1_85' title='bbox 693 1111 778 1162; x_wconf 80' lang='lat' dir='ltr'><strong>animo,</strong></span> <span class='ocrx_word' id='word_1_86' title='bbox 786 1105 897 1170; x_wconf 87' lang='lat' dir='ltr'>quodque</span> <span class='ocrx_word' id='word_1_87' title='bbox 904 1103 1021 1150; x_wconf 78' lang='lat' dir='ltr'>latinitatis</span> <span class='ocrx_word' id='word_1_88' title='bbox 1029 1100 1120 1147; x_wconf 78' lang='lat' dir='ltr'>videtur</span> <span class='ocrx_word' id='word_1_89' title='bbox 1128 1102 1199 1164; x_wconf 83' lang='lat' dir='ltr'>paulo</span> <span class='ocrx_word' id='word_1_90' title='bbox 1207 1101 1377 1164; x_wconf 80' lang='lat' dir='ltr'>exquisitioris.¹</span> 
     </span>
     <span class='ocr_line' id='line_1_10' title="bbox 326 1179 773 1248; baseline -0.04 -6"><span class='ocrx_word' id='word_1_91' title='bbox 326 1200 455 1248; x_wconf 82' lang='lat' dir='ltr'>Posuerunt</span> <span class='ocrx_word' id='word_1_92' title='bbox 464 1193 538 1237; x_wconf 76' lang='lat' dir='ltr'>animo</span> <span class='ocrx_word' id='word_1_93' title='bbox 546 1185 630 1245; x_wconf 70' lang='lat' dir='ltr'>lloeuifl</span> <span class='ocrx_word' id='word_1_94' title='bbox 640 1191 663 1228; x_wconf 87' lang='lat' dir='ltr'>et</span> <span class='ocrx_word' id='word_1_95' title='bbox 673 1179 773 1226; x_wconf 79' lang='lat' dir='ltr'>Giflord.</span> 
     </span>
    </p>
   </div>
   <div class='ocr_carea' id='block_1_5' title="bbox 326 1309 1452 1896">
    <p class='ocr_par' dir='ltr' id='par_1_5' title="bbox 326 1309 1452 1564">
     <span class='ocr_line' id='line_1_11' title="bbox 361 1309 1371 1400; baseline -0.028 -14"><span class='ocrx_word' id='word_1_96' title='bbox 361 1337 429 1386; x_wconf 83' lang='lat' dir='ltr'>Nor.</span> <span class='ocrx_word' id='word_1_97' title='bbox 449 1329 491 1400; x_wconf 87' lang='lat'>73.</span> <span class='ocrx_word' id='word_1_98' title='bbox 508 1323 681 1396; x_wconf 74' lang='lat' dir='ltr'>compositum</span> <span class='ocrx_word' id='word_1_99' title='bbox 692 1324 739 1393; x_wconf 83' lang='lat' dir='ltr'>jus</span> <span class='ocrx_word' id='word_1_100' title='bbox 748 1317 845 1388; x_wconf 78' lang='lat' dir='ltr'>fasque</span> <span class='ocrx_word' id='word_1_101' title='bbox 859 1316 965 1380; x_wconf 82' lang='lat' dir='ltr'>animo,</span> <span class='ocrx_word' id='word_1_102' title='bbox 981 1324 1131 1384; x_wconf 76' lang='lat' dir='ltr'>sanctosque</span> <span class='ocrx_word' id='word_1_103' title='bbox 1145 1328 1251 1363; x_wconf 73' lang='lat' dir='ltr'>recessus</span> <span class='ocrx_word' id='word_1_104' title='bbox 1264 1309 1371 1360; x_wconf 78' lang='lat' dir='ltr'>Mentis.</span> 
     </span>
     <span class='ocr_line' id='line_1_12' title="bbox 326 1387 1452 1478; baseline -0.028 -11"><span class='ocrx_word' id='word_1_105' title='bbox 326 1441 361 1454; x_wconf 86' lang='lat'>-</span> <span class='ocrx_word' id='word_1_106' title='bbox 374 1415 434 1478; x_wconf 70' lang='lat' dir='ltr'>lus,</span> <span class='ocrx_word' id='word_1_107' title='bbox 446 1423 485 1461; x_wconf 87' lang='lat' dir='ltr'>est</span> <span class='ocrx_word' id='word_1_108' title='bbox 497 1407 524 1459; x_wconf 92' lang='lat' dir='ltr'>id</span> <span class='ocrx_word' id='word_1_109' title='bbox 534 1403 603 1475; x_wconf 88' lang='lat' dir='ltr'><strong>quod</strong></span> <span class='ocrx_word' id='word_1_110' title='bbox 614 1402 742 1453; x_wconf 81' lang='lat' dir='ltr'>sancitum</span> <span class='ocrx_word' id='word_1_111' title='bbox 753 1410 791 1450; x_wconf 85' lang='lat' dir='ltr'>est</span> <span class='ocrx_word' id='word_1_112' title='bbox 802 1411 827 1448; x_wconf 90' lang='lat' dir='ltr'>ct</span> <span class='ocrx_word' id='word_1_113' title='bbox 837 1395 898 1448; x_wconf 90' lang='lat' dir='ltr'>licet</span> <span class='ocrx_word' id='word_1_114' title='bbox 907 1395 965 1464; x_wconf 67' lang='lat' dir='ltr'>leffe</span> <span class='ocrx_word' id='word_1_115' title='bbox 975 1392 1105 1454; x_wconf 81' lang='lat' dir='ltr'><strong>humone;</strong></span> <span class='ocrx_word' id='word_1_116' title='bbox 1114 1389 1174 1462; x_wconf 79' lang='lat' dir='ltr'>fas,</span> <span class='ocrx_word' id='word_1_117' title='bbox 1186 1387 1261 1459; x_wconf 88' lang='lat' dir='ltr'><strong>quod</strong></span> <span class='ocrx_word' id='word_1_118' title='bbox 1272 1387 1371 1439; x_wconf 80' lang='lat' dir='ltr'>diviua.</span> <span class='ocrx_word' id='word_1_119' title='bbox 1450 1394 1452 1403; x_wconf 91' lang='lat'>&#39;</span> 
     </span>
     <span class='ocr_line' id='line_1_13' title="bbox 327 1483 694 1564; baseline -0.027 -24"><span class='ocrx_word' id='word_1_120' title='bbox 327 1495 397 1564; x_wconf 72' lang='lat' dir='ltr'>Virg.</span> <span class='ocrx_word' id='word_1_121' title='bbox 411 1492 506 1559; x_wconf 74' lang='lat' dir='ltr'>Georg.</span> <span class='ocrx_word' id='word_1_122' title='bbox 519 1487 545 1552; x_wconf 89' lang='lat' dir='ltr'>l,</span> <span class='ocrx_word' id='word_1_123' title='bbox 558 1483 609 1536; x_wconf 80' lang='lat'>268</span> <span class='ocrx_word' id='word_1_124' title='bbox 622 1499 694 1552; x_wconf 87' lang='lat' dir='ltr'>sqq.:</span> 
     </span>
    </p>

    <p class='ocr_par' dir='ltr' id='par_1_6' title="bbox 525 1577 1054 1650">
     <span class='ocr_line' id='line_1_14' title="bbox 525 1577 1054 1650; baseline -0.03 -17"><span class='ocrx_word' id='word_1_125' title='bbox 525 1591 609 1650; x_wconf 80' lang='lat' dir='ltr'>Quippe</span> <span class='ocrx_word' id='word_1_126' title='bbox 618 1587 684 1630; x_wconf 80' lang='lat' dir='ltr'>etiem</span> <span class='ocrx_word' id='word_1_127' title='bbox 695 1582 754 1628; x_wconf 82' lang='lat' dir='ltr'>festis</span> <span class='ocrx_word' id='word_1_128' title='bbox 764 1581 862 1638; x_wconf 74' lang='lat' dir='ltr'><strong>quodum</strong></span> <span class='ocrx_word' id='word_1_129' title='bbox 872 1591 969 1622; x_wconf 83' lang='lat' dir='ltr'>exercere</span> <span class='ocrx_word' id='word_1_130' title='bbox 978 1577 1054 1619; x_wconf 82' lang='lat' dir='ltr'>dicbus</span> 
     </span>
    </p>

    <p class='ocr_par' dir='ltr' id='par_1_7' title="bbox 326 1652 1373 1896">
     <span class='ocr_line' id='line_1_15' title="bbox 526 1652 749 1714; baseline -0.045 -13"><span class='ocrx_word' id='word_1_131' title='bbox 526 1661 567 1700; x_wconf 82' lang='lat' dir='ltr'>Fas</span> <span class='ocrx_word' id='word_1_132' title='bbox 575 1655 660 1714; x_wconf 76' lang='lat' dir='ltr'>etjura</span> <span class='ocrx_word' id='word_1_133' title='bbox 669 1652 749 1696; x_wconf 76' lang='lat' dir='ltr'>simunt.</span> 
     </span>
     <span class='ocr_line' id='line_1_16' title="bbox 328 1725 1373 1825; baseline -0.018 -24"><span class='ocrx_word' id='word_1_134' title='bbox 328 1789 360 1801; x_wconf 77' lang='grc'>.-</span> <span class='ocrx_word' id='word_1_135' title='bbox 371 1760 528 1825; x_wconf 68' lang='lat' dir='ltr'>sanctosque</span> <span class='ocrx_word' id='word_1_136' title='bbox 543 1765 648 1802; x_wconf 76' lang='lat' dir='ltr'>recessto</span> <span class='ocrx_word' id='word_1_137' title='bbox 661 1744 767 1801; x_wconf 84' lang='lat' dir='ltr'>mentis,·</span> <span class='ocrx_word' id='word_1_138' title='bbox 785 1739 888 1791; x_wconf 82' lang='lat' dir='ltr'>felicior</span> <span class='ocrx_word' id='word_1_139' title='bbox 901 1736 1002 1788; x_wconf 87' lang='lat' dir='ltr'>locutio</span> <span class='ocrx_word' id='word_1_140' title='bbox 1016 1753 1065 1806; x_wconf 83' lang='lat' dir='ltr'>pro</span> <span class='ocrx_word' id='word_1_141' title='bbox 1079 1743 1112 1785; x_wconf 86' lang='lat' dir='ltr'>&#39;eo</span> <span class='ocrx_word' id='word_1_142' title='bbox 1125 1730 1199 1804; x_wconf 88' lang='lat' dir='ltr'><strong>quod</strong></span> <span class='ocrx_word' id='word_1_143' title='bbox 1215 1725 1279 1784; x_wconf 72' lang='lat' dir='ltr'>le&#39;tet</span> <span class='ocrx_word' id='word_1_144' title='bbox 1290 1732 1331 1784; x_wconf 83' lang='lat' dir='ltr'>vel</span> <span class='ocrx_word' id='word_1_145' title='bbox 1345 1734 1373 1784; x_wconf 88' lang='lat' dir='ltr'>in</span> 
     </span>
     <span class='ocr_line' id='line_1_17' title="bbox 326 1811 1372 1896; baseline -0.031 -4"><span class='ocrx_word' id='word_1_146' title='bbox 326 1841 418 1891; x_wconf 90' lang='lat' dir='ltr'>intimo</span> <span class='ocrx_word' id='word_1_147' title='bbox 433 1831 522 1887; x_wconf 90' lang='lat' dir='ltr'>corde.</span> <span class='ocrx_word' id='word_1_148' title='bbox 535 1829 608 1883; x_wconf 86' lang='lat' dir='ltr'>Idem</span> <span class='ocrx_word' id='word_1_149' title='bbox 622 1832 808 1896; x_wconf 80' lang='lat' dir='ltr'>expresserunt</span> <span class='ocrx_word' id='word_1_150' title='bbox 821 1819 906 1870; x_wconf 75' lang='lat' dir='ltr'>Groeci</span> <span class='ocrx_word' id='word_1_151' title='bbox 918 1819 944 1868; x_wconf 92' lang='lat' dir='ltr'>in</span> <span class='ocrx_word' id='word_1_152' title='bbox 956 1815 1028 1866; x_wconf 90' lang='lat' dir='ltr'>hunc</span> <span class='ocrx_word' id='word_1_153' title='bbox 1040 1813 1164 1864; x_wconf 86' lang='lat' dir='ltr'><strong>modum:</strong></span> <span class='ocrx_word' id='word_1_154' title='bbox 1177 1811 1252 1878; x_wconf 78' lang='grc' dir='ltr'><strong><em>μυχοὶ</em></strong></span> <span class='ocrx_word' id='word_1_155' title='bbox 1263 1811 1303 1867; x_wconf 67' lang='lat' dir='ltr'>rit</span> <span class='ocrx_word' id='word_1_156' title='bbox 1315 1812 1372 1862; x_wconf 62' lang='lat' dir='ltr'>dert-</span> 
     </span>
    </p>
   </div>
   <div class='ocr_carea' id='block_1_6' title="bbox 225 1884 1375 1973">
    <p class='ocr_par' dir='ltr' id='par_1_8' title="bbox 225 1884 1375 1973">
     <span class='ocr_line' id='line_1_18' title="bbox 225 1884 1375 1973; baseline -0.027 -1"><span class='ocrx_word' id='word_1_157' title='bbox 225 1897 228 1906; x_wconf 90' lang='lat'>.</span> <span class='ocrx_word' id='word_1_158' title='bbox 325 1919 385 1973; x_wconf 70' lang='lat' dir='ltr'>relat</span> <span class='ocrx_word' id='word_1_159' title='bbox 395 1928 422 1967; x_wconf 88' lang='lat' dir='ltr'>et</span> <span class='ocrx_word' id='word_1_160' title='bbox 431 1910 527 1970; x_wconf 55' lang='lat' dir='ltr'>nme,</span> <span class='ocrx_word' id='word_1_161' title='bbox 539 1907 613 1959; x_wconf 86' lang='lat' dir='ltr'>Philo</span> <span class='ocrx_word' id='word_1_162' title='bbox 623 1903 741 1965; x_wconf 70' lang='lat' dir='ltr'>ludens,</span> <span class='ocrx_word' id='word_1_163' title='bbox 752 1903 778 1952; x_wconf 93' lang='lat' dir='ltr'>in</span> <span class='ocrx_word' id='word_1_164' title='bbox 790 1898 859 1950; x_wconf 89' lang='lat' dir='ltr'>libro</span> <span class='ocrx_word' id='word_1_165' title='bbox 869 1898 955 1948; x_wconf 86' lang='lat' dir='ltr'>Deum</span> <span class='ocrx_word' id='word_1_166' title='bbox 965 1891 1060 1945; x_wconf 80' lang='lat' dir='ltr'>mutari</span> <span class='ocrx_word' id='word_1_167' title='bbox 1071 1912 1125 1945; x_wconf 90' lang='lat' dir='ltr'>non</span> <span class='ocrx_word' id='word_1_168' title='bbox 1137 1909 1230 1963; x_wconf 85' lang='lat' dir='ltr'>posse;</span> <span class='ocrx_word' id='word_1_169' title='bbox 1242 1888 1275 1944; x_wconf 71' lang='lat' dir='ltr'>vrri</span> <span class='ocrx_word' id='word_1_170' title='bbox 1284 1884 1375 1960; x_wconf 69' lang='lat' dir='ltr'>rpurlri</span> 
     </span>
    </p>
   </div>
   <div class='ocr_carea' id='block_1_7' title="bbox 324 1969 1374 2129">
    <p class='ocr_par' dir='ltr' id='par_1_9' title="bbox 324 1969 1374 2129">
     <span class='ocr_line' id='line_1_19' title="bbox 324 1969 1374 2061; baseline -0.039 -12"><span class='ocrx_word' id='word_1_171' title='bbox 324 2001 369 2048; x_wconf 67' lang='grc' dir='ltr'>σῧι</span> <span class='ocrx_word' id='word_1_172' title='bbox 381 1988 519 2061; x_wconf 59' lang='lat' dir='ltr'>desperet,</span> <span class='ocrx_word' id='word_1_173' title='bbox 533 1988 564 2038; x_wconf 89' lang='lat' dir='ltr'>D.</span> <span class='ocrx_word' id='word_1_174' title='bbox 580 1982 689 2048; x_wconf 74' lang='lat' dir='ltr'>Paulus,</span> <span class='ocrx_word' id='word_1_175' title='bbox 700 1979 776 2030; x_wconf 82' lang='lat' dir='ltr'><strong>Rom.</strong></span> <span class='ocrx_word' id='word_1_176' title='bbox 792 1979 829 2042; x_wconf 84' lang='lat' dir='ltr'>ll,</span> <span class='ocrx_word' id='word_1_177' title='bbox 847 1976 893 2036; x_wconf 75' lang='lat'>163</span> <span class='ocrx_word' id='word_1_178' title='bbox 909 1969 993 2028; x_wconf 65' lang='grc' dir='ltr'>κόλποι</span> <span class='ocrx_word' id='word_1_179' title='bbox 1004 1972 1098 2038; x_wconf 66' lang='grc' dir='ltr'><em>ψνχῆς,</em></span> <span class='ocrx_word' id='word_1_180' title='bbox 1112 1972 1332 2043; x_wconf 50' lang='lat' dir='ltr'>Chrysostomug,</span> <span class='ocrx_word' id='word_1_181' title='bbox 1345 1973 1374 2022; x_wconf 70' lang='lat' dir='ltr'>j„</span> 
     </span>
     <span class='ocr_line' id='line_1_20' title="bbox 325 2056 979 2129; baseline -0.037 -1"><span class='ocrx_word' id='word_1_182' title='bbox 325 2074 480 2128; x_wconf 80' lang='lat' dir='ltr'>Metthaeum</span> <span class='ocrx_word' id='word_1_183' title='bbox 491 2073 528 2129; x_wconf 79' lang='lat' dir='ltr'>V;</span> <span class='ocrx_word' id='word_1_184' title='bbox 540 2079 590 2118; x_wconf 87' lang='lat' dir='ltr'>etc.</span> <span class='ocrx_word' id='word_1_185' title='bbox 602 2062 680 2114; x_wconf 82' lang='lat' dir='ltr'>conf.</span> <span class='ocrx_word' id='word_1_186' title='bbox 693 2059 807 2112; x_wconf 86' lang='lat' dir='ltr'>Theocr.</span> <span class='ocrx_word' id='word_1_187' title='bbox 820 2056 943 2120; x_wconf 80' lang='lat' dir='ltr'>xxvssl,</span> <span class='ocrx_word' id='word_1_188' title='bbox 954 2056 979 2106; x_wconf 72' lang='lat' dir='ltr'>il.</span> 
     </span>
    </p>
   </div>
   <div class='ocr_carea' id='block_1_8' title="bbox 326 2171 1376 3068">
    <p class='ocr_par' dir='ltr' id='par_1_10' title="bbox 326 2171 1376 3068">
     <span class='ocr_line' id='line_1_21' title="bbox 361 2171 1373 2270; baseline -0.028 -15"><span class='ocrx_word' id='word_1_189' title='bbox 361 2205 429 2257; x_wconf 80' lang='lat' dir='ltr'>Nor.</span> <span class='ocrx_word' id='word_1_190' title='bbox 454 2199 495 2270; x_wconf 72' lang='lat'>74.</span> <span class='ocrx_word' id='word_1_191' title='bbox 516 2199 551 2248; x_wconf 86' lang='lat' dir='ltr'>Et</span> <span class='ocrx_word' id='word_1_192' title='bbox 570 2196 699 2258; x_wconf 79' lang='lat' dir='ltr'>incoctum</span> <span class='ocrx_word' id='word_1_193' title='bbox 712 2171 836 2262; x_wconf 65' lang='lat' dir='ltr'>¹procerum</span> <span class='ocrx_word' id='word_1_194' title='bbox 858 2197 948 2260; x_wconf 83' lang='lat' dir='ltr'>pectus</span> <span class='ocrx_word' id='word_1_195' title='bbox 967 2184 1080 2236; x_wconf 79' lang='lat' dir='ltr'>ltout&#39;slo-</span> <span class='ocrx_word' id='word_1_196' title='bbox 1102 2213 1138 2223; x_wconf 90' lang='lat'>-</span> <span class='ocrx_word' id='word_1_197' title='bbox 1158 2183 1301 2239; x_wconf 72' lang='lat' dir='ltr'>Honestum</span> <span class='ocrx_word' id='word_1_198' title='bbox 1322 2203 1373 2256; x_wconf 70' lang='lat' dir='ltr'>pro</span> 
     </span>
     <span class='ocr_line' id='line_1_22' title="bbox 326 2259 1374 2358; baseline -0.02 -21"><span class='ocrx_word' id='word_1_199' title='bbox 326 2289 382 2358; x_wconf 82' lang='lat' dir='ltr'>ipsa</span> <span class='ocrx_word' id='word_1_200' title='bbox 401 2284 498 2334; x_wconf 80' lang='lat' dir='ltr'>virtute</span> <span class='ocrx_word' id='word_1_201' title='bbox 514 2277 625 2338; x_wconf 83' lang='lat' dir='ltr'>dicitur‚</span> <span class='ocrx_word' id='word_1_202' title='bbox 641 2267 865 2345; x_wconf 80' lang='lat' dir='ltr'>quemadmodum</span> <span class='ocrx_word' id='word_1_203' title='bbox 882 2264 1015 2316; x_wconf 88' lang='lat' dir='ltr'>Hellenice</span> <span class='ocrx_word' id='word_1_204' title='bbox 1033 2263 1059 2324; x_wconf 71' lang='lat' dir='ltr'>ci</span> <span class='ocrx_word' id='word_1_205' title='bbox 1079 2259 1157 2316; x_wconf 68' lang='grc' dir='ltr'><strong>καλόν.</strong></span> <span class='ocrx_word' id='word_1_206' title='bbox 1172 2295 1207 2306; x_wconf 90' lang='grc'>-</span> <span class='ocrx_word' id='word_1_207' title='bbox 1225 2259 1374 2328; x_wconf 75' lang='lat' dir='ltr'>Generosa,-</span> 
     </span>
     <span class='ocr_line' id='line_1_23' title="bbox 326 2324 1375 2426; baseline -0.031 -10"><span class='ocrx_word' id='word_1_208' title='bbox 326 2361 455 2425; x_wconf 84' lang='lat' dir='ltr'>naturali,</span> <span class='ocrx_word' id='word_1_209' title='bbox 469 2357 510 2409; x_wconf 82' lang='lat' dir='ltr'>vel</span> <span class='ocrx_word' id='word_1_210' title='bbox 528 2357 616 2426; x_wconf 84' lang='lat' dir='ltr'>potius</span> <span class='ocrx_word' id='word_1_211' title='bbox 632 2347 749 2414; x_wconf 76' lang='lat' dir='ltr'>liberali,</span> <span class='ocrx_word' id='word_1_212' title='bbox 764 2332 888 2416; x_wconf 78' lang='lat' dir='ltr'>ingenuo.</span> <span class='ocrx_word' id='word_1_213' title='bbox 906 2373 942 2382; x_wconf 93' lang='lat'>--</span> <span class='ocrx_word' id='word_1_214' title='bbox 959 2324 1053 2394; x_wconf 77' lang='lat' dir='ltr'>Pdctus</span> <span class='ocrx_word' id='word_1_215' title='bbox 1068 2361 1137 2412; x_wconf 80' lang='lat' dir='ltr'>saepe</span> <span class='ocrx_word' id='word_1_216' title='bbox 1154 2344 1247 2414; x_wconf 84' lang='lat' dir='ltr'>seepius</span> <span class='ocrx_word' id='word_1_217' title='bbox 1264 2345 1291 2392; x_wconf 93' lang='lat' dir='ltr'>in</span> <span class='ocrx_word' id='word_1_218' title='bbox 1309 2361 1375 2416; x_wconf 86' lang='lat' dir='ltr'>poe.</span> 
     </span>
     <span class='ocr_line' id='line_1_24' title="bbox 326 2420 1375 2496; baseline -0.021 -1"><span class='ocrx_word' id='word_1_219' title='bbox 326 2447 359 2496; x_wconf 84' lang='lat' dir='ltr'>tis</span> <span class='ocrx_word' id='word_1_220' title='bbox 374 2455 413 2494; x_wconf 90' lang='lat' dir='ltr'>est</span> <span class='ocrx_word' id='word_1_221' title='bbox 426 2437 495 2489; x_wconf 89' lang='lat' dir='ltr'>idem</span> <span class='ocrx_word' id='word_1_222' title='bbox 511 2453 541 2487; x_wconf 78' lang='lat' dir='ltr'>oc</span> <span class='ocrx_word' id='word_1_223' title='bbox 556 2436 668 2485; x_wconf 85' lang='lat' dir='ltr'>enimus.</span> <span class='ocrx_word' id='word_1_224' title='bbox 687 2457 723 2469; x_wconf 90' lang='lat'><em>-</em></span> <span class='ocrx_word' id='word_1_225' title='bbox 740 2428 873 2478; x_wconf 72' lang='lat' dir='ltr'>incoctum</span> <span class='ocrx_word' id='word_1_226' title='bbox 881 2420 1018 2485; x_wconf 83' lang='lat' dir='ltr'>,··&#39;tractum</span> <span class='ocrx_word' id='word_1_227' title='bbox 1034 2421 1067 2472; x_wconf 86' lang='lat' dir='ltr'>nb</span> <span class='ocrx_word' id='word_1_228' title='bbox 1083 2433 1139 2474; x_wconf 81' lang='lat' dir='ltr'>orte</span> <span class='ocrx_word' id='word_1_229' title='bbox 1153 2423 1314 2489; x_wconf 87' lang='lat' dir='ltr'>tinctorum,</span> <span class='ocrx_word' id='word_1_230' title='bbox 1328 2425 1375 2494; x_wconf 90' lang='lat' dir='ltr'>qui</span> 
     </span>
     <span class='ocr_line' id='line_1_25' title="bbox 326 2503 1376 2588; baseline -0.024 -14"><span class='ocrx_word' id='word_1_231' title='bbox 326 2523 400 2576; x_wconf 82' lang='lat' dir='ltr'>lanus</span> <span class='ocrx_word' id='word_1_232' title='bbox 414 2523 441 2572; x_wconf 90' lang='lat' dir='ltr'>io</span> <span class='ocrx_word' id='word_1_233' title='bbox 455 2515 577 2588; x_wconf 82' lang='lat' dir='ltr'>dibaphis</span> <span class='ocrx_word' id='word_1_234' title='bbox 592 2526 617 2564; x_wconf 92' lang='lat' dir='ltr'>et</span> <span class='ocrx_word' id='word_1_235' title='bbox 631 2509 767 2568; x_wconf 81' lang='lat' dir='ltr'>coloribus</span> <span class='ocrx_word' id='word_1_236' title='bbox 779 2506 865 2558; x_wconf 84' lang='lat' dir='ltr'>solent</span> <span class='ocrx_word' id='word_1_237' title='bbox 874 2521 989 2575; x_wconf 76' lang='lat' dir='ltr'>coquere.</span> <span class='ocrx_word' id='word_1_238' title='bbox 1000 2503 1082 2557; x_wconf 72' lang='lat' dir='ltr'>Mare.</span> <span class='ocrx_word' id='word_1_239' title='bbox 1093 2503 1258 2568; x_wconf 80' lang='lat' dir='ltr'>Antoninus,</span> <span class='ocrx_word' id='word_1_240' title='bbox 1273 2504 1307 2556; x_wconf 80' lang='lat' dir='ltr'>dc</span> <span class='ocrx_word' id='word_1_241' title='bbox 1324 2507 1376 2556; x_wconf 71' lang='lat' dir='ltr'>Re.</span> 
     </span>
     <span class='ocr_line' id='line_1_26' title="bbox 326 2573 1375 2662; baseline -0.018 -8"><span class='ocrx_word' id='word_1_242' title='bbox 326 2603 376 2655; x_wconf 84' lang='lat' dir='ltr'>bus</span> <span class='ocrx_word' id='word_1_243' title='bbox 392 2601 445 2654; x_wconf 79' lang='lat' dir='ltr'>stris</span> <span class='ocrx_word' id='word_1_244' title='bbox 458 2599 508 2662; x_wconf 83' lang='lat'><em>111,</em></span> <span class='ocrx_word' id='word_1_245' title='bbox 526 2594 578 2660; x_wconf 73' lang='lat'>54:</span> <span class='ocrx_word' id='word_1_246' title='bbox 593 2585 722 2657; x_wconf 63' lang='lat' dir='ltr'>dumnou&#39;rp</span> <span class='ocrx_word' id='word_1_247' title='bbox 736 2581 881 2651; x_wconf 63' lang='grc' dir='ltr'>βιβψμίιοι</span> <span class='ocrx_word' id='word_1_248' title='bbox 897 2584 919 2638; x_wconf 83' lang='lat' dir='ltr'>it</span> <span class='ocrx_word' id='word_1_249' title='bbox 932 2580 1026 2644; x_wconf 66' lang='grc' dir='ltr'>βὸθιιι</span> <span class='ocrx_word' id='word_1_250' title='bbox 1040 2583 1131 2636; x_wconf 83' lang='lat' dir='ltr'>Scuec.</span> <span class='ocrx_word' id='word_1_251' title='bbox 1145 2573 1258 2652; x_wconf 82' lang='lat' dir='ltr'>Epistol.</span> <span class='ocrx_word' id='word_1_252' title='bbox 1272 2585 1375 2649; x_wconf 74' lang='lat' dir='ltr'>LXXI,</span> 
     </span>
     <span class='ocr_line' id='line_1_27' title="bbox 327 2661 1373 2742; baseline -0.026 -8"><span class='ocrx_word' id='word_1_253' title='bbox 327 2682 376 2734; x_wconf 88' lang='lat' dir='ltr'>suh</span> <span class='ocrx_word' id='word_1_254' title='bbox 387 2681 431 2732; x_wconf 84' lang='lat' dir='ltr'>lin.</span> <span class='ocrx_word' id='word_1_255' title='bbox 444 2701 450 2728; x_wconf 73' lang='grc' dir='ltr'>ι</span> <span class='ocrx_word' id='word_1_256' title='bbox 466 2670 715 2742; x_wconf 72' lang='lat' dir='ltr'>«Quemadmodum</span> <span class='ocrx_word' id='word_1_257' title='bbox 724 2668 785 2721; x_wconf 76' lang='lat' dir='ltr'>lena</span> <span class='ocrx_word' id='word_1_258' title='bbox 797 2662 926 2735; x_wconf 75' lang='lat' dir='ltr'><strong>quosdam</strong></span> <span class='ocrx_word' id='word_1_259' title='bbox 938 2663 1043 2714; x_wconf 86' lang='lat' dir='ltr'>colores</span> <span class='ocrx_word' id='word_1_260' title='bbox 1054 2661 1131 2716; x_wconf 83' lang='lat' dir='ltr'>semel</span> <span class='ocrx_word' id='word_1_261' title='bbox 1141 2661 1230 2727; x_wconf 82' lang='lat' dir='ltr'>ducit,</span> <span class='ocrx_word' id='word_1_262' title='bbox 1241 2661 1373 2732; x_wconf 68' lang='lat' dir='ltr'><strong>quosdam</strong></span> 
     </span>
     <span class='ocr_line' id='line_1_28' title="bbox 327 2739 1375 2827; baseline -0.019 -14"><span class='ocrx_word' id='word_1_263' title='bbox 327 2762 377 2814; x_wconf 89' lang='lat' dir='ltr'>nisi</span> <span class='ocrx_word' id='word_1_264' title='bbox 391 2759 485 2827; x_wconf 82' lang='lat' dir='ltr'>saepius</span> <span class='ocrx_word' id='word_1_265' title='bbox 496 2764 629 2804; x_wconf 79' lang='lat' dir='ltr'>macerato</span> <span class='ocrx_word' id='word_1_266' title='bbox 643 2760 669 2799; x_wconf 87' lang='lat' dir='ltr'>et</span> <span class='ocrx_word' id='word_1_267' title='bbox 682 2757 780 2798; x_wconf 85' lang='lat' dir='ltr'>recocta</span> <span class='ocrx_word' id='word_1_268' title='bbox 793 2762 848 2812; x_wconf 83' lang='lat' dir='ltr'>nou</span> <span class='ocrx_word' id='word_1_269' title='bbox 860 2739 992 2812; x_wconf 68' lang='lat' dir='ltr'>perbibitt</span> <span class='ocrx_word' id='word_1_270' title='bbox 1006 2744 1043 2792; x_wconf 88' lang='lat' dir='ltr'>sic</span> <span class='ocrx_word' id='word_1_271' title='bbox 1055 2741 1119 2797; x_wconf 69' lang='lat' dir='ltr'>olias</span> <span class='ocrx_word' id='word_1_272' title='bbox 1131 2740 1285 2812; x_wconf 81' lang='lat' dir='ltr'>disciplinas</span> <span class='ocrx_word' id='word_1_273' title='bbox 1298 2745 1375 2812; x_wconf 70' lang='lat' dir='ltr'>inge-</span> 
     </span>
     <span class='ocr_line' id='line_1_29' title="bbox 327 2817 1373 2908; baseline -0.019 -17"><span class='ocrx_word' id='word_1_274' title='bbox 327 2843 370 2891; x_wconf 81' lang='lat' dir='ltr'>nia</span> <span class='ocrx_word' id='word_1_275' title='bbox 382 2855 464 2908; x_wconf 88' lang='lat' dir='ltr'><strong>quum</strong></span> <span class='ocrx_word' id='word_1_276' title='bbox 476 2849 619 2902; x_wconf 79' lang='lat' dir='ltr'>accepere,</span> <span class='ocrx_word' id='word_1_277' title='bbox 634 2827 756 2896; x_wconf 84' lang='lat' dir='ltr'>protinus</span> <span class='ocrx_word' id='word_1_278' title='bbox 772 2832 911 2894; x_wconf 73' lang='lat' dir='ltr'>prestant:</span> <span class='ocrx_word' id='word_1_279' title='bbox 924 2817 979 2869; x_wconf 70' lang='lat' dir='ltr'>hec</span> <span class='ocrx_word' id='word_1_280' title='bbox 991 2822 1041 2870; x_wconf 80' lang='lat' dir='ltr'>nisi</span> <span class='ocrx_word' id='word_1_281' title='bbox 1056 2820 1108 2871; x_wconf 84' lang='lat' dir='ltr'>ulte</span> <span class='ocrx_word' id='word_1_282' title='bbox 1121 2818 1271 2884; x_wconf 80' lang='lat' dir='ltr'>descendit,</span> <span class='ocrx_word' id='word_1_283' title='bbox 1287 2834 1313 2872; x_wconf 88' lang='lat' dir='ltr'>et</span> <span class='ocrx_word' id='word_1_284' title='bbox 1327 2821 1373 2872; x_wconf 88' lang='lat' dir='ltr'>diu</span> 
     </span>
     <span class='ocr_line' id='line_1_30' title="bbox 327 2897 1374 2980; baseline -0.019 -11"><span class='ocrx_word' id='word_1_285' title='bbox 327 2915 409 2980; x_wconf 79' lang='lat' dir='ltr'>sedit,</span> <span class='ocrx_word' id='word_1_286' title='bbox 423 2916 538 2966; x_wconf 78' lang='lat' dir='ltr'><strong>animum</strong></span> <span class='ocrx_word' id='word_1_287' title='bbox 551 2927 606 2959; x_wconf 90' lang='lat' dir='ltr'>non</span> <span class='ocrx_word' id='word_1_288' title='bbox 620 2904 764 2967; x_wconf 84' lang='lat' dir='ltr'>coloravit,</span> <span class='ocrx_word' id='word_1_289' title='bbox 778 2901 825 2954; x_wconf 87' lang='lat' dir='ltr'>sed</span> <span class='ocrx_word' id='word_1_290' title='bbox 839 2900 949 2951; x_wconf 84' lang='lat' dir='ltr'>infecit:</span> <span class='ocrx_word' id='word_1_291' title='bbox 962 2897 1026 2950; x_wconf 89' lang='lat' dir='ltr'>nihil</span> <span class='ocrx_word' id='word_1_292' title='bbox 1036 2917 1067 2949; x_wconf 86' lang='lat' dir='ltr'>ex</span> <span class='ocrx_word' id='word_1_293' title='bbox 1076 2897 1119 2950; x_wconf 87' lang='lat' dir='ltr'>his</span> <span class='ocrx_word' id='word_1_294' title='bbox 1129 2917 1187 2970; x_wconf 70' lang='lat' dir='ltr'>quse</span> <span class='ocrx_word' id='word_1_295' title='bbox 1199 2900 1374 2969; x_wconf 72' lang='lat' dir='ltr'>promiserat,</span> 
     </span>
     <span class='ocr_line' id='line_1_31' title="bbox 327 2978 1374 3068; baseline -0.01 -28"><span class='ocrx_word' id='word_1_296' title='bbox 327 3007 439 3068; x_wconf 54' lang='lat' dir='ltr'>praestat,</span> <span class='ocrx_word' id='word_1_297' title='bbox 450 3015 462 3038; x_wconf 74' lang='grc' dir='ltr'>ι</span> <span class='ocrx_word' id='word_1_298' title='bbox 480 2992 592 3043; x_wconf 82' lang='lat' dir='ltr'>Omnem</span> <span class='ocrx_word' id='word_1_299' title='bbox 606 2983 677 3035; x_wconf 76' lang='lat' dir='ltr'>hunc</span> <span class='ocrx_word' id='word_1_300' title='bbox 689 2984 768 3034; x_wconf 90' lang='lat' dir='ltr'>Persii</span> <span class='ocrx_word' id='word_1_301' title='bbox 784 2981 872 3033; x_wconf 83' lang='lat' dir='ltr'>locum</span> <span class='ocrx_word' id='word_1_302' title='bbox 887 2980 1038 3031; x_wconf 65' lang='lat' dir='ltr'>lactantius</span> <span class='ocrx_word' id='word_1_303' title='bbox 1050 2978 1095 3031; x_wconf 90' lang='lat' dir='ltr'>lib.</span> <span class='ocrx_word' id='word_1_304' title='bbox 1108 2980 1168 3044; x_wconf 85' lang='lat' dir='ltr'>Vll,</span> <span class='ocrx_word' id='word_1_305' title='bbox 1183 2995 1212 3029; x_wconf 86' lang='lat'>21</span> <span class='ocrx_word' id='word_1_306' title='bbox 1222 3017 1230 3045; x_wconf 89' lang='lat'>,</span> <span class='ocrx_word' id='word_1_307' title='bbox 1240 2979 1276 3046; x_wconf 84' lang='lat'>6,</span> <span class='ocrx_word' id='word_1_308' title='bbox 1287 2983 1374 3031; x_wconf 76' lang='lat' dir='ltr'>retra·</span> 
     </span>
    </p>
   </div>
   <div class='ocr_carea' id='block_1_9' title="bbox 328 3068 591 3154">
    <p class='ocr_par' dir='ltr' id='par_1_11' title="bbox 328 3068 591 3154">
     <span class='ocr_line' id='line_1_32' title="bbox 328 3068 591 3154; baseline -0.034 -28"><span class='ocrx_word' id='word_1_309' title='bbox 328 3075 408 3126; x_wconf 80' lang='lat' dir='ltr'>ctsvit</span> <span class='ocrx_word' id='word_1_310' title='bbox 420 3085 447 3124; x_wconf 89' lang='lat' dir='ltr'>et</span> <span class='ocrx_word' id='word_1_311' title='bbox 458 3068 591 3154; x_wconf 77' lang='lat' dir='ltr'>explicuit.</span> 
     </span>
    </p>
   </div>
   <div class='ocr_carea' id='block_1_10' title="bbox 358 3216 1373 3316">
    <p class='ocr_par' dir='ltr' id='par_1_12' title="bbox 358 3216 1373 3316">
     <span class='ocr_line' id='line_1_33' title="bbox 358 3216 1373 3316; baseline -0.009 -18"><span class='ocrx_word' id='word_1_312' title='bbox 358 3257 419 3300; x_wconf 66' lang='lat' dir='ltr'>Vsu.</span> <span class='ocrx_word' id='word_1_313' title='bbox 434 3255 471 3316; x_wconf 65' lang='lat' dir='ltr'>75ss</span> <span class='ocrx_word' id='word_1_314' title='bbox 483 3253 539 3297; x_wconf 84' lang='lat' dir='ltr'>Hoec</span> <span class='ocrx_word' id='word_1_315' title='bbox 546 3251 600 3296; x_wconf 84' lang='lat' dir='ltr'>cedo</span> <span class='ocrx_word' id='word_1_316' title='bbox 610 3257 635 3294; x_wconf 87' lang='lat' dir='ltr'>ut</span> <span class='ocrx_word' id='word_1_317' title='bbox 643 3249 772 3294; x_wconf 79' lang='lat' dir='ltr'><strong>admoveam</strong></span> <span class='ocrx_word' id='word_1_318' title='bbox 781 3245 880 3309; x_wconf 83' lang='lat' dir='ltr'>templis,</span> <span class='ocrx_word' id='word_1_319' title='bbox 888 3245 979 3308; x_wconf 84' lang='lat' dir='ltr'>etfcrre</span> <span class='ocrx_word' id='word_1_320' title='bbox 986 3243 1063 3290; x_wconf 79' lang='lat' dir='ltr'>litabo.</span> <span class='ocrx_word' id='word_1_321' title='bbox 1070 3265 1103 3279; x_wconf 70' lang='grc' dir='ltr'>υ-</span> <span class='ocrx_word' id='word_1_322' title='bbox 1110 3216 1209 3288; x_wconf 80' lang='lat' dir='ltr'>lllultum</span> <span class='ocrx_word' id='word_1_323' title='bbox 1218 3243 1242 3288; x_wconf 87' lang='lat' dir='ltr'>in</span> <span class='ocrx_word' id='word_1_324' title='bbox 1252 3241 1298 3288; x_wconf 86' lang='lat' dir='ltr'>hoc</span> <span class='ocrx_word' id='word_1_325' title='bbox 1306 3259 1373 3289; x_wconf 80' lang='lat' dir='ltr'>uersu</span> 
     </span>
    </p>
   </div>
   <div class='ocr_carea' id='block_1_11' title="bbox 326 3313 1373 3452">
    <p class='ocr_par' dir='ltr' id='par_1_13' title="bbox 326 3313 1373 3452">
     <span class='ocr_line' id='line_1_34' title="bbox 326 3313 1373 3408; baseline -0.014 -36"><span class='ocrx_word' id='word_1_326' title='bbox 326 3326 497 3408; x_wconf 48' lang='lat' dir='ltr'>vori&#39;sntlllllls.</span> <span class='ocrx_word' id='word_1_327' title='bbox 505 3321 580 3403; x_wconf 86' lang='lat' dir='ltr'>¹Codd.</span> <span class='ocrx_word' id='word_1_328' title='bbox 591 3320 651 3366; x_wconf 88' lang='lat' dir='ltr'>Edit.</span> <span class='ocrx_word' id='word_1_329' title='bbox 661 3319 721 3365; x_wconf 81' lang='lat'><strong>8055</strong></span> <span class='ocrx_word' id='word_1_330' title='bbox 731 3335 736 3364; x_wconf 92' lang='lat'>:</span> <span class='ocrx_word' id='word_1_331' title='bbox 748 3320 804 3364; x_wconf 81' lang='lat' dir='ltr'>Hccc</span> <span class='ocrx_word' id='word_1_332' title='bbox 811 3319 864 3364; x_wconf 86' lang='lat' dir='ltr'>cedo</span> <span class='ocrx_word' id='word_1_333' title='bbox 872 3319 1022 3363; x_wconf 80' lang='lat' dir='ltr'>utatlmouecs</span> <span class='ocrx_word' id='word_1_334' title='bbox 1031 3314 1120 3378; x_wconf 78' lang='lat' dir='ltr'>templis</span> <span class='ocrx_word' id='word_1_335' title='bbox 1128 3314 1221 3377; x_wconf 74' lang='lat' dir='ltr'>ersom</span> <span class='ocrx_word' id='word_1_336' title='bbox 1231 3313 1306 3359; x_wconf 75' lang='lat' dir='ltr'>libato.</span> <span class='ocrx_word' id='word_1_337' title='bbox 1316 3317 1373 3375; x_wconf 65' lang='grc' dir='ltr'>ρων</span> 
     </span>
     <span class='ocr_line' id='line_1_35' title="bbox 327 3381 1372 3452; baseline -0.011 -12"><span class='ocrx_word' id='word_1_338' title='bbox 327 3395 395 3442; x_wconf 78' lang='lat' dir='ltr'>lectio</span> <span class='ocrx_word' id='word_1_339' title='bbox 403 3409 496 3440; x_wconf 78' lang='lat' dir='ltr'>minime</span> <span class='ocrx_word' id='word_1_340' title='bbox 503 3402 581 3452; x_wconf 78' lang='lat' dir='ltr'>inepta</span> <span class='ocrx_word' id='word_1_341' title='bbox 591 3402 637 3444; x_wconf 86' lang='lat' dir='ltr'>est,</span> <span class='ocrx_word' id='word_1_342' title='bbox 648 3403 718 3450; x_wconf 85' lang='lat' dir='ltr'><strong>quum</strong></span> <span class='ocrx_word' id='word_1_343' title='bbox 725 3387 809 3433; x_wconf 79' lang='lat' dir='ltr'>lrabeat</span> <span class='ocrx_word' id='word_1_344' title='bbox 817 3386 941 3433; x_wconf 77' lang='lat' dir='ltr'>sucerdotis</span> <span class='ocrx_word' id='word_1_345' title='bbox 949 3387 1082 3447; x_wconf 69' lang='lat' dir='ltr'>pravitatem</span> <span class='ocrx_word' id='word_1_346' title='bbox 1092 3387 1205 3444; x_wconf 88' lang='lat' dir='ltr'>populum</span> <span class='ocrx_word' id='word_1_347' title='bbox 1216 3381 1372 3445; x_wconf 77' lang='lat' dir='ltr'>admonentis.</span> 
     </span>
    </p>
   </div>
   <div class='ocr_carea' id='block_1_12' title="bbox 245 3456 1375 3739">
    <p class='ocr_par' dir='ltr' id='par_1_14' title="bbox 245 3456 1375 3739">
     <span class='ocr_line' id='line_1_36' title="bbox 327 3456 1374 3527; baseline -0.011 -15"><span class='ocrx_word' id='word_1_348' title='bbox 327 3467 402 3512; x_wconf 70' lang='lat' dir='ltr'>llultet</span> <span class='ocrx_word' id='word_1_349' title='bbox 414 3463 487 3527; x_wconf 75' lang='lat'><strong>8273:</strong></span> <span class='ocrx_word' id='word_1_350' title='bbox 500 3462 547 3509; x_wconf 79' lang='lat' dir='ltr'>lroec</span> <span class='ocrx_word' id='word_1_351' title='bbox 560 3463 628 3506; x_wconf 69' lang='lat' dir='ltr'>cerlo:</span> <span class='ocrx_word' id='word_1_352' title='bbox 639 3461 768 3505; x_wconf 79' lang='lat' dir='ltr'>admoveam</span> <span class='ocrx_word' id='word_1_353' title='bbox 779 3458 878 3520; x_wconf 77' lang='lat' dir='ltr'>templis,</span> <span class='ocrx_word' id='word_1_354' title='bbox 889 3460 980 3520; x_wconf 74' lang='lat' dir='ltr'>rtjurre</span> <span class='ocrx_word' id='word_1_355' title='bbox 990 3456 1071 3510; x_wconf 73' lang='lat' dir='ltr'>lr&#39;tob03</span> <span class='ocrx_word' id='word_1_356' title='bbox 1085 3471 1165 3500; x_wconf 84' lang='lat' dir='ltr'>sensus</span> <span class='ocrx_word' id='word_1_357' title='bbox 1175 3467 1210 3499; x_wconf 81' lang='lat' dir='ltr'>cst</span> <span class='ocrx_word' id='word_1_358' title='bbox 1224 3467 1247 3500; x_wconf 86' lang='lat' dir='ltr'>ct</span> <span class='ocrx_word' id='word_1_359' title='bbox 1261 3457 1310 3518; x_wconf 86' lang='lat' dir='ltr'>ipsc</span> <span class='ocrx_word' id='word_1_360' title='bbox 1320 3458 1374 3502; x_wconf 77' lang='lat' dir='ltr'>satit</span> 
     </span>
     <span class='ocr_line' id='line_1_37' title="bbox 326 3525 1375 3600; baseline -0.011 -17"><span class='ocrx_word' id='word_1_361' title='bbox 326 3536 464 3600; x_wconf 80' lang='lat' dir='ltr'>probabilis,</span> <span class='ocrx_word' id='word_1_362' title='bbox 475 3534 616 3582; x_wconf 80' lang='lat' dir='ltr'>constructio</span> <span class='ocrx_word' id='word_1_363' title='bbox 625 3531 695 3594; x_wconf 83' lang='lat' dir='ltr'>paulo</span> <span class='ocrx_word' id='word_1_364' title='bbox 705 3531 833 3592; x_wconf 77' lang='lat' dir='ltr'>abruptior.</span> <span class='ocrx_word' id='word_1_365' title='bbox 845 3531 978 3574; x_wconf 84' lang='lat' dir='ltr'>Lectionem</span> <span class='ocrx_word' id='word_1_366' title='bbox 992 3525 1095 3588; x_wconf 78' lang='lat' dir='ltr'>praetuli,</span> <span class='ocrx_word' id='word_1_367' title='bbox 1106 3541 1157 3587; x_wconf 75' lang='lat' dir='ltr'>quur</span> <span class='ocrx_word' id='word_1_368' title='bbox 1166 3525 1293 3588; x_wconf 88' lang='lat' dir='ltr'>plurimum</span> <span class='ocrx_word' id='word_1_369' title='bbox 1302 3525 1375 3572; x_wconf 77' lang='lat' dir='ltr'>habet</span> 
     </span>
     <span class='ocr_line' id='line_1_38' title="bbox 245 3599 1374 3670; baseline -0.008 -16"><span class='ocrx_word' id='word_1_370' title='bbox 245 3647 249 3664; x_wconf 83' lang='grc'>,</span> <span class='ocrx_word' id='word_1_371' title='bbox 325 3610 478 3664; x_wconf 77' lang='lat' dir='ltr'>auctoritatis,</span> <span class='ocrx_word' id='word_1_372' title='bbox 492 3622 591 3670; x_wconf 81' lang='lat' dir='ltr'>quaeque</span> <span class='ocrx_word' id='word_1_373' title='bbox 601 3620 692 3651; x_wconf 85' lang='lat' dir='ltr'>sensum</span> <span class='ocrx_word' id='word_1_374' title='bbox 702 3602 772 3650; x_wconf 84' lang='lat' dir='ltr'>efficit</span> <span class='ocrx_word' id='word_1_375' title='bbox 782 3603 976 3648; x_wconf 78' lang='lat' dir='ltr'>honestissimum.</span> <span class='ocrx_word' id='word_1_376' title='bbox 987 3599 1071 3646; x_wconf 77' lang='lat' dir='ltr'>Factus</span> <span class='ocrx_word' id='word_1_377' title='bbox 1080 3600 1142 3646; x_wconf 88' lang='lat' dir='ltr'>enim</span> <span class='ocrx_word' id='word_1_378' title='bbox 1151 3611 1220 3660; x_wconf 75' lang='lat' dir='ltr'>poeta</span> <span class='ocrx_word' id='word_1_379' title='bbox 1231 3615 1259 3644; x_wconf 87' lang='lat' dir='ltr'>cx</span> <span class='ocrx_word' id='word_1_380' title='bbox 1269 3599 1374 3646; x_wconf 83' lang='lat' dir='ltr'>derisore</span> 
     </span>
     <span class='ocr_line' id='line_1_39' title="bbox 325 3674 913 3739; baseline -0.015 -16"><span class='ocrx_word' id='word_1_381' title='bbox 325 3691 446 3739; x_wconf 79' lang='lat' dir='ltr'>precator,</span> <span class='ocrx_word' id='word_1_382' title='bbox 458 3678 501 3724; x_wconf 83' lang='lat' dir='ltr'>sibi</span> <span class='ocrx_word' id='word_1_383' title='bbox 511 3689 562 3723; x_wconf 80' lang='lat' dir='ltr'>oret</span> <span class='ocrx_word' id='word_1_384' title='bbox 570 3691 621 3738; x_wconf 82' lang='lat' dir='ltr'>quae</span> <span class='ocrx_word' id='word_1_385' title='bbox 632 3675 679 3720; x_wconf 83' lang='lat' dir='ltr'>sint</span> <span class='ocrx_word' id='word_1_386' title='bbox 687 3675 736 3720; x_wconf 87' lang='lat' dir='ltr'>Diis</span> <span class='ocrx_word' id='word_1_387' title='bbox 747 3674 913 3732; x_wconf 77' lang='lat' dir='ltr'>acceptissime.</span> 
     </span>
    </p>
   </div>
   <div class='ocr_carea' id='block_1_13' title="bbox 321 3768 1374 4022">
    <p class='ocr_par' dir='ltr' id='par_1_15' title="bbox 321 3768 1374 4022">
     <span class='ocr_line' id='line_1_40' title="bbox 359 3768 1374 3868; baseline -0.008 -16"><span class='ocrx_word' id='word_1_388' title='bbox 359 3801 426 3852; x_wconf 78' lang='lat' dir='ltr'>Nor.</span> <span class='ocrx_word' id='word_1_389' title='bbox 446 3800 488 3868; x_wconf 88' lang='lat'>75.</span> <span class='ocrx_word' id='word_1_390' title='bbox 504 3799 568 3850; x_wconf 83' lang='lat' dir='ltr'>Hoec</span> <span class='ocrx_word' id='word_1_391' title='bbox 581 3797 642 3849; x_wconf 82' lang='lat' dir='ltr'>cedo</span> <span class='ocrx_word' id='word_1_392' title='bbox 660 3809 687 3848; x_wconf 85' lang='lat' dir='ltr'>ut</span> <span class='ocrx_word' id='word_1_393' title='bbox 701 3768 852 3846; x_wconf 79' lang='lat' dir='ltr'>admoveam</span> <span class='ocrx_word' id='word_1_394' title='bbox 869 3791 987 3864; x_wconf 83' lang='lat' dir='ltr'>templis,</span> <span class='ocrx_word' id='word_1_395' title='bbox 1008 3803 1033 3841; x_wconf 88' lang='lat' dir='ltr'>ct</span> <span class='ocrx_word' id='word_1_396' title='bbox 1045 3791 1121 3863; x_wconf 80' lang='lat' dir='ltr'>farre</span> <span class='ocrx_word' id='word_1_397' title='bbox 1138 3775 1227 3842; x_wconf 77' lang='lat' dir='ltr'>litcbo.</span> <span class='ocrx_word' id='word_1_398' title='bbox 1244 3779 1280 3829; x_wconf 53' lang='grc' dir='ltr'>Ᾰ-</span> <span class='ocrx_word' id='word_1_399' title='bbox 1294 3793 1374 3852; x_wconf 59' lang='lat' dir='ltr'>Hem</span> 
     </span>
     <span class='ocr_line' id='line_1_41' title="bbox 323 3868 1374 3945; baseline -0.009 -16"><span class='ocrx_word' id='word_1_400' title='bbox 323 3877 371 3930; x_wconf 85' lang='lat' dir='ltr'>hes</span> <span class='ocrx_word' id='word_1_401' title='bbox 384 3880 463 3930; x_wconf 80' lang='lat' dir='ltr'>enimi</span> <span class='ocrx_word' id='word_1_402' title='bbox 473 3875 548 3928; x_wconf 89' lang='lat' dir='ltr'>dotes</span> <span class='ocrx_word' id='word_1_403' title='bbox 562 3874 742 3945; x_wconf 82' lang='lat' dir='ltr'>superioribus</span> <span class='ocrx_word' id='word_1_404' title='bbox 752 3871 871 3922; x_wconf 80' lang='lat' dir='ltr'>versibus</span> <span class='ocrx_word' id='word_1_405' title='bbox 883 3869 987 3922; x_wconf 79' lang='lat' dir='ltr'>relatos.</span> <span class='ocrx_word' id='word_1_406' title='bbox 1001 3897 1033 3909; x_wconf 94' lang='lat'><em>-</em></span> <span class='ocrx_word' id='word_1_407' title='bbox 1046 3869 1115 3922; x_wconf 85' lang='lat' dir='ltr'>Cedo</span> <span class='ocrx_word' id='word_1_408' title='bbox 1120 3891 1129 3929; x_wconf 88' lang='lat'><em>;</em></span> <span class='ocrx_word' id='word_1_409' title='bbox 1142 3868 1204 3920; x_wconf 78' lang='lat' dir='ltr'>dote</span> <span class='ocrx_word' id='word_1_410' title='bbox 1216 3869 1280 3923; x_wconf 82' lang='lat' dir='ltr'>milti</span> <span class='ocrx_word' id='word_1_411' title='bbox 1307 3870 1374 3921; x_wconf 82' lang='lat' dir='ltr'>milri</span> 
     </span>
     <span class='ocr_line' id='line_1_42' title="bbox 321 3909 1373 4022; baseline -0.008 -16"><span class='ocrx_word' id='word_1_412' title='bbox 321 3955 407 4007; x_wconf 81' lang='lat' dir='ltr'>liceat.</span> <span class='ocrx_word' id='word_1_413' title='bbox 425 3987 460 3996; x_wconf 93' lang='lat'><em>-</em></span> <span class='ocrx_word' id='word_1_414' title='bbox 477 3955 636 4006; x_wconf 82' lang='lat' dir='ltr'><strong>Admovcam</strong></span> <span class='ocrx_word' id='word_1_415' title='bbox 653 3950 769 4022; x_wconf 79' lang='lat' dir='ltr'>templis,·</span> <span class='ocrx_word' id='word_1_416' title='bbox 787 3949 896 3999; x_wconf 80' lang='lat' dir='ltr'>inferam</span> <span class='ocrx_word' id='word_1_417' title='bbox 913 3947 945 3998; x_wconf 78' lang='lat' dir='ltr'>ml</span> <span class='ocrx_word' id='word_1_418' title='bbox 962 3967 1030 4000; x_wconf 81' lang='lat' dir='ltr'>aras.</span> <span class='ocrx_word' id='word_1_419' title='bbox 1046 3979 1081 3988; x_wconf 89' lang='lat'><em>-</em></span> <span class='ocrx_word' id='word_1_420' title='bbox 1102 3949 1192 4008; x_wconf 75' lang='lat' dir='ltr'><strong>Fame,-</strong></span> <span class='ocrx_word' id='word_1_421' title='bbox 1208 3966 1258 4018; x_wconf 86' lang='lat' dir='ltr'>pro</span> <span class='ocrx_word' id='word_1_422' title='bbox 1274 3909 1373 4018; x_wconf 55' lang='lat' dir='ltr'>q’uoris</span> 
     </span>
    </p>
   </div>
   <div class='ocr_carea' id='block_1_14' title="bbox 0 0 1490 4936">
    <p class='ocr_par' dir='ltr' id='par_1_16' title="bbox 0 0 1490 4936">
     <span class='ocr_line' id='line_1_43' title="bbox 0 0 1490 4936; baseline 0 0"><span class='ocrx_word' id='word_1_423' title='bbox 0 0 1490 4936; x_wconf 95' lang='lat' dir='ltr'> </span> 
     </span>
    </p>
   </div>
  </div>
 </body>
</html>
