<?xml version="1.0" encoding="UTF-8"?>
<!DOCTYPE html PUBLIC "-//W3C//DTD XHTML 1.0 Transitional//EN"
    "http://www.w3.org/TR/xhtml1/DTD/xhtml1-transitional.dtd">
<html xmlns="http://www.w3.org/1999/xhtml" xml:lang="en" lang="en">
 <head>
  <title>
</title>
<meta http-equiv="Content-Type" content="text/html;charset=utf-8" />
  <meta name='ocr-system' content='tesseract 3.04.00' />
  <meta name='ocr-capabilities' content='ocr_page ocr_carea ocr_par ocr_line ocrx_word'/>
</head>
<body>
  <div class='ocr_page' id='page_1' title='image "./sexdecimsatir00lemagoog_0603.png"; bbox 0 0 3116 4934; ppageno 0'>
   <div class='ocr_carea' id='block_1_1' title="bbox 411 371 1167 516">
    <p class='ocr_par' dir='ltr' id='par_1_1' title="bbox 411 371 1167 516">
     <span class='ocr_line' id='line_1_1' title="bbox 411 371 1167 516; baseline 0.012 -32"><span class='ocrx_word' id='word_1_1' title='bbox 411 420 637 486; x_wconf 76' lang='lat' dir='ltr'><strong>rurrarro</strong></span> <span class='ocrx_word' id='word_1_2' title='bbox 661 421 875 489; x_wconf 73' lang='lat' dir='ltr'><strong>uouiru</strong></span> <span class='ocrx_word' id='word_1_3' title='bbox 1086 371 1167 516; x_wconf 36' lang='lat'><strong>&#39;589</strong></span> 
     </span>
    </p>
   </div>
   <div class='ocr_carea' id='block_1_2' title="bbox 78 549 1197 1315">
    <p class='ocr_par' dir='ltr' id='par_1_2' title="bbox 116 549 1169 902">
     <span class='ocr_line' id='line_1_2' title="bbox 156 549 1167 634; baseline 0.004 -26"><span class='ocrx_word' id='word_1_4' title='bbox 156 571 186 629; x_wconf 84' lang='lat'><strong>9.</strong></span> <span class='ocrx_word' id='word_1_5' title='bbox 203 551 301 609; x_wconf 84' lang='lat' dir='ltr'><strong>Lunai</strong></span> <span class='ocrx_word' id='word_1_6' title='bbox 309 559 425 628; x_wconf 77' lang='lat' dir='ltr'><strong>portum</strong></span> <span class='ocrx_word' id='word_1_7' title='bbox 441 559 482 606; x_wconf 85' lang='lat' dir='ltr'><strong>est</strong></span> <span class='ocrx_word' id='word_1_8' title='bbox 499 567 591 628; x_wconf 77' lang='lat' dir='ltr'><strong>operte</strong></span> <span class='ocrx_word' id='word_1_9' title='bbox 609 567 794 628; x_wconf 74' lang='lat' dir='ltr'><strong>coquoscere,</strong></span> <span class='ocrx_word' id='word_1_10' title='bbox 808 549 891 608; x_wconf 85' lang='lat' dir='ltr'><strong>cives.</strong></span> <span class='ocrx_word' id='word_1_11' title='bbox 908 583 947 594; x_wconf 89' lang='lat'>-</span> <span class='ocrx_word' id='word_1_12' title='bbox 961 549 1039 611; x_wconf 83' lang='lat' dir='ltr'><strong>vide</strong></span> <span class='ocrx_word' id='word_1_13' title='bbox 1053 551 1093 611; x_wconf 85' lang='lat' dir='ltr'><strong>ad</strong></span> <span class='ocrx_word' id='word_1_14' title='bbox 1106 554 1167 634; x_wconf 91' lang='lat' dir='ltr'><strong>pri·</strong></span> 
     </span>
     <span class='ocr_line' id='line_1_3' title="bbox 117 641 1168 732; baseline 0.003 -27"><span class='ocrx_word' id='word_1_15' title='bbox 117 668 202 706; x_wconf 88' lang='lat' dir='ltr'><strong>marn</strong></span> <span class='ocrx_word' id='word_1_16' title='bbox 218 666 305 705; x_wconf 86' lang='lat' dir='ltr'><strong>versu</strong></span> <span class='ocrx_word' id='word_1_17' title='bbox 319 643 376 724; x_wconf 81' lang='lat'><strong>93,</strong></span> <span class='ocrx_word' id='word_1_18' title='bbox 398 643 524 732; x_wconf 77' lang='lat' dir='ltr'><strong>gemina</strong></span> <span class='ocrx_word' id='word_1_19' title='bbox 544 642 617 703; x_wconf 90' lang='lat' dir='ltr'><strong>huic</strong></span> <span class='ocrx_word' id='word_1_20' title='bbox 635 641 718 723; x_wconf 85' lang='lat' dir='ltr'><strong>apud</strong></span> <span class='ocrx_word' id='word_1_21' title='bbox 735 641 882 704; x_wconf 83' lang='lat' dir='ltr'><strong>Plautum</strong></span> <span class='ocrx_word' id='word_1_22' title='bbox 900 647 1060 727; x_wconf 80' lang='lat' dir='ltr'><strong>usurpatio</strong></span> <span class='ocrx_word' id='word_1_23' title='bbox 1075 648 1168 708; x_wconf 81' lang='lat' dir='ltr'><strong>alieni</strong></span> 
     </span>
     <span class='ocr_line' id='line_1_4' title="bbox 116 739 1169 827; baseline -0.001 -23"><span class='ocrx_word' id='word_1_24' title='bbox 116 745 262 804; x_wconf 90' lang='lat' dir='ltr'><strong>carminis</strong></span> <span class='ocrx_word' id='word_1_25' title='bbox 275 743 364 801; x_wconf 91' lang='lat' dir='ltr'><strong>initio</strong></span> <span class='ocrx_word' id='word_1_26' title='bbox 376 741 517 818; x_wconf 85' lang='lat' dir='ltr'><strong>Poenuli,</strong></span> <span class='ocrx_word' id='word_1_27' title='bbox 529 741 583 800; x_wconf 92' lang='lat' dir='ltr'><strong>ubi</strong></span> <span class='ocrx_word' id='word_1_28' title='bbox 596 760 719 801; x_wconf 84' lang='lat' dir='ltr'><strong>versum</strong></span> <span class='ocrx_word' id='word_1_29' title='bbox 731 761 767 801; x_wconf 86' lang='lat' dir='ltr'><strong>ex</strong></span> <span class='ocrx_word' id='word_1_30' title='bbox 777 739 894 802; x_wconf 85' lang='lat' dir='ltr'>Achille</span> <span class='ocrx_word' id='word_1_31' title='bbox 908 743 1072 805; x_wconf 79' lang='lat' dir='ltr'><strong>Aristarchi</strong></span> <span class='ocrx_word' id='word_1_32' title='bbox 1082 756 1169 827; x_wconf 88' lang='lat' dir='ltr'><strong>aptat</strong></span> 
     </span>
     <span class='ocr_line' id='line_1_5' title="bbox 117 861 331 902; baseline -0.014 0"><span class='ocrx_word' id='word_1_33' title='bbox 117 863 251 902; x_wconf 80' lang='lat' dir='ltr'><strong>sermoni</strong></span> <span class='ocrx_word' id='word_1_34' title='bbox 266 861 331 900; x_wconf 91' lang='lat' dir='ltr'><strong>suo.</strong></span> 
     </span>
    </p>

    <p class='ocr_par' dir='ltr' id='par_1_3' title="bbox 78 937 1197 1315">
     <span class='ocr_line' id='line_1_6' title="bbox 162 937 1197 1022; baseline 0.002 -23"><span class='ocrx_word' id='word_1_35' title='bbox 162 962 205 1000; x_wconf 91' lang='grc' dir='ltr'><strong>ιο.</strong></span> <span class='ocrx_word' id='word_1_36' title='bbox 233 942 396 1022; x_wconf 84' lang='lat' dir='ltr'><strong>Postquam</strong></span> <span class='ocrx_word' id='word_1_37' title='bbox 420 937 567 998; x_wconf 79' lang='lat' dir='ltr'><strong>destertuit</strong></span> <span class='ocrx_word' id='word_1_38' title='bbox 587 957 645 997; x_wconf 87' lang='lat' dir='ltr'><strong>esse</strong></span> <span class='ocrx_word' id='word_1_39' title='bbox 665 937 827 998; x_wconf 76' lang='lat' dir='ltr'><strong>Maeonides</strong></span> <span class='ocrx_word' id='word_1_40' title='bbox 846 938 971 1021; x_wconf 76' lang='lat' dir='ltr'><strong>Quintus</strong></span> <span class='ocrx_word' id='word_1_41' title='bbox 993 959 1106 1020; x_wconf 80' lang='lat' dir='ltr'><strong><em>pavone</em></strong></span> <span class='ocrx_word' id='word_1_42' title='bbox 1131 962 1167 1001; x_wconf 85' lang='lat' dir='ltr'><strong>ex</strong></span> <span class='ocrx_word' id='word_1_43' title='bbox 1195 1011 1197 1020; x_wconf 33' lang='grc' dir='ltr'>Ι</span> 
     </span>
     <span class='ocr_line' id='line_1_7' title="bbox 116 1034 1165 1120; baseline -0.001 -22"><span class='ocrx_word' id='word_1_44' title='bbox 116 1039 306 1120; x_wconf 80' lang='lat' dir='ltr'><strong>Pythnqoreo.</strong></span> <span class='ocrx_word' id='word_1_45' title='bbox 331 1073 369 1083; x_wconf 92' lang='lat'>—</span> <span class='ocrx_word' id='word_1_46' title='bbox 392 1038 428 1096; x_wconf 94' lang='lat' dir='ltr'><strong>In</strong></span> <span class='ocrx_word' id='word_1_47' title='bbox 452 1057 525 1096; x_wconf 86' lang='lat' dir='ltr'><strong>voce</strong></span> <span class='ocrx_word' id='word_1_48' title='bbox 550 1035 696 1097; x_wconf 82' lang='lat' dir='ltr'><strong>destertuit</strong></span> <span class='ocrx_word' id='word_1_49' title='bbox 717 1036 858 1096; x_wconf 89' lang='lat' dir='ltr'><strong>satiricus</strong></span> <span class='ocrx_word' id='word_1_50' title='bbox 880 1034 1049 1098; x_wconf 84' lang='lat' dir='ltr'><strong>cachinnus</strong></span> <span class='ocrx_word' id='word_1_51' title='bbox 1072 1037 1165 1098; x_wconf 89' lang='lat' dir='ltr'><strong>latet:</strong></span> 
     </span>
     <span class='ocr_line' id='line_1_8' title="bbox 78 1133 1167 1216; baseline 0 -20"><span class='ocrx_word' id='word_1_52' title='bbox 78 1169 84 1178; x_wconf 79' lang='lat'>=</span> <span class='ocrx_word' id='word_1_53' title='bbox 116 1139 210 1199; x_wconf 89' lang='lat' dir='ltr'><strong>verbo</strong></span> <span class='ocrx_word' id='word_1_54' title='bbox 223 1139 307 1198; x_wconf 88' lang='lat' dir='ltr'><strong>enirn</strong></span> <span class='ocrx_word' id='word_1_55' title='bbox 320 1136 352 1195; x_wconf 93' lang='lat' dir='ltr'><strong>id</strong></span> <span class='ocrx_word' id='word_1_56' title='bbox 366 1133 538 1216; x_wconf 76' lang='lat' dir='ltr'><strong>significare</strong></span> <span class='ocrx_word' id='word_1_57' title='bbox 552 1134 667 1210; x_wconf 84' lang='lat' dir='ltr'><strong>voluit,</strong></span> <span class='ocrx_word' id='word_1_58' title='bbox 681 1134 764 1216; x_wconf 91' lang='lat' dir='ltr'><strong>quod</strong></span> <span class='ocrx_word' id='word_1_59' title='bbox 781 1134 923 1216; x_wconf 91' lang='lat' dir='ltr'><strong>pluribus</strong></span> <span class='ocrx_word' id='word_1_60' title='bbox 933 1135 1011 1196; x_wconf 89' lang='lat' dir='ltr'><strong>dixit</strong></span> <span class='ocrx_word' id='word_1_61' title='bbox 1021 1136 1167 1197; x_wconf 82' lang='lat' dir='ltr'><strong>Horatius</strong></span> 
     </span>
     <span class='ocr_line' id='line_1_9' title="bbox 117 1232 836 1315; baseline -0.006 -20"><span class='ocrx_word' id='word_1_62' title='bbox 117 1236 156 1296; x_wconf 91' lang='lat' dir='ltr'><strong>de</strong></span> <span class='ocrx_word' id='word_1_63' title='bbox 167 1237 277 1297; x_wconf 87' lang='lat' dir='ltr'><strong>eodem</strong></span> <span class='ocrx_word' id='word_1_64' title='bbox 290 1235 408 1310; x_wconf 85' lang='lat' dir='ltr'><strong>Ennio,</strong></span> <span class='ocrx_word' id='word_1_65' title='bbox 423 1235 520 1315; x_wconf 85' lang='lat' dir='ltr'><strong>Epist.</strong></span> <span class='ocrx_word' id='word_1_66' title='bbox 538 1255 566 1308; x_wconf 82' lang='lat' dir='ltr'><strong>r,</strong></span> <span class='ocrx_word' id='word_1_67' title='bbox 579 1232 632 1292; x_wconf 91' lang='lat' dir='ltr'><strong>lib.</strong></span> <span class='ocrx_word' id='word_1_68' title='bbox 651 1240 708 1292; x_wconf 73' lang='lat' dir='ltr'><strong>sec.</strong></span> <span class='ocrx_word' id='word_1_69' title='bbox 725 1254 766 1292; x_wconf 86' lang='lat' dir='ltr'><strong>vs.</strong></span> <span class='ocrx_word' id='word_1_70' title='bbox 780 1233 816 1292; x_wconf 83' lang='lat'><strong>52</strong></span> <span class='ocrx_word' id='word_1_71' title='bbox 829 1255 836 1291; x_wconf 91' lang='lat'><strong>:</strong></span> 
     </span>
    </p>
   </div>
   <div class='ocr_carea' id='block_1_3' title="bbox 302 1390 858 1528">
    <p class='ocr_par' dir='ltr' id='par_1_4' title="bbox 302 1390 858 1528">
     <span class='ocr_line' id='line_1_10' title="bbox 304 1390 676 1440; baseline -0.008 0"><span class='ocrx_word' id='word_1_72' title='bbox 304 1427 384 1440; x_wconf 86' lang='grc'>.....</span> <span class='ocrx_word' id='word_1_73' title='bbox 396 1394 486 1440; x_wconf 72' lang='lat' dir='ltr'><strong>ieviter</strong></span> <span class='ocrx_word' id='word_1_74' title='bbox 495 1405 577 1439; x_wconf 78' lang='lat' dir='ltr'><strong>curare</strong></span> <span class='ocrx_word' id='word_1_75' title='bbox 585 1390 676 1437; x_wconf 85' lang='lat' dir='ltr'><strong>ridetur</strong></span> 
     </span>
     <span class='ocr_line' id='line_1_11' title="bbox 302 1461 858 1528; baseline -0.007 -18"><span class='ocrx_word' id='word_1_76' title='bbox 302 1466 355 1526; x_wconf 88' lang='lat' dir='ltr'><strong>Quo</strong></span> <span class='ocrx_word' id='word_1_77' title='bbox 363 1465 475 1528; x_wconf 81' lang='lat' dir='ltr'><strong>promissa</strong></span> <span class='ocrx_word' id='word_1_78' title='bbox 485 1462 569 1509; x_wconf 84' lang='lat' dir='ltr'><strong>cadant</strong></span> <span class='ocrx_word' id='word_1_79' title='bbox 577 1474 600 1507; x_wconf 87' lang='lat' dir='ltr'><strong>et</strong></span> <span class='ocrx_word' id='word_1_80' title='bbox 608 1463 699 1509; x_wconf 81' lang='lat' dir='ltr'><strong>somnia</strong></span> <span class='ocrx_word' id='word_1_81' title='bbox 707 1461 858 1524; x_wconf 71' lang='lat' dir='ltr'><strong>Pythagorea.</strong></span> 
     </span>
    </p>
   </div>
   <div class='ocr_carea' id='block_1_4' title="bbox 117 1599 1166 1874">
    <p class='ocr_par' dir='ltr' id='par_1_5' title="bbox 117 1599 1166 1874">
     <span class='ocr_line' id='line_1_12' title="bbox 161 1599 1165 1685; baseline -0.003 -23"><span class='ocrx_word' id='word_1_82' title='bbox 161 1603 206 1662; x_wconf 82' lang='lat'><strong>13.</strong></span> <span class='ocrx_word' id='word_1_83' title='bbox 230 1600 368 1685; x_wconf 75' lang='lat' dir='ltr'><strong>Anpnlus</strong></span> <span class='ocrx_word' id='word_1_84' title='bbox 383 1600 431 1661; x_wconf 78' lang='lat' dir='ltr'><strong>itte</strong></span> <span class='ocrx_word' id='word_1_85' title='bbox 449 1603 549 1666; x_wconf 84' lang='lat' dir='ltr'><strong>Vicini</strong></span> <span class='ocrx_word' id='word_1_86' title='bbox 568 1614 664 1662; x_wconf 84' lang='lat' dir='ltr'><strong>nostro</strong></span> <span class='ocrx_word' id='word_1_87' title='bbox 683 1604 755 1683; x_wconf 83' lang='lat' dir='ltr'><strong>quia</strong></span> <span class='ocrx_word' id='word_1_88' title='bbox 769 1603 917 1683; x_wconf 79' lang='lat' dir='ltr'><strong>pinquior.</strong></span> <span class='ocrx_word' id='word_1_89' title='bbox 934 1635 973 1648; x_wconf 91' lang='lat'><em>-</em></span> <span class='ocrx_word' id='word_1_90' title='bbox 991 1599 1109 1661; x_wconf 77' lang='lat' dir='ltr'><strong>alludit</strong></span> <span class='ocrx_word' id='word_1_91' title='bbox 1126 1601 1165 1660; x_wconf 90' lang='lat' dir='ltr'><strong>ad</strong></span> 
     </span>
     <span class='ocr_line' id='line_1_13' title="bbox 117 1697 1166 1780; baseline -0.002 -20"><span class='ocrx_word' id='word_1_92' title='bbox 117 1700 197 1760; x_wconf 82' lang='lat' dir='ltr'><strong>male</strong></span> <span class='ocrx_word' id='word_1_93' title='bbox 218 1720 366 1760; x_wconf 84' lang='lat' dir='ltr'><strong>sanorum</strong></span> <span class='ocrx_word' id='word_1_94' title='bbox 382 1712 472 1774; x_wconf 85' lang='lat' dir='ltr'><strong>vota,</strong></span> <span class='ocrx_word' id='word_1_95' title='bbox 493 1697 668 1780; x_wconf 86' lang='lat' dir='ltr'><strong>cujusmodi</strong></span> <span class='ocrx_word' id='word_1_96' title='bbox 688 1697 765 1758; x_wconf 86' lang='lat' dir='ltr'><strong>iilud</strong></span> <span class='ocrx_word' id='word_1_97' title='bbox 785 1697 867 1779; x_wconf 91' lang='lat' dir='ltr'><strong>apud</strong></span> <span class='ocrx_word' id='word_1_98' title='bbox 886 1697 1051 1758; x_wconf 85' lang='lat' dir='ltr'><strong>Horatium</strong></span> <span class='ocrx_word' id='word_1_99' title='bbox 1070 1699 1166 1758; x_wconf 88' lang='lat' dir='ltr'><strong>Satira</strong></span> 
     </span>
     <span class='ocr_line' id='line_1_14' title="bbox 117 1795 545 1874; baseline -0.009 -17"><span class='ocrx_word' id='word_1_100' title='bbox 117 1811 198 1857; x_wconf 85' lang='lat' dir='ltr'><strong>sexta</strong></span> <span class='ocrx_word' id='word_1_101' title='bbox 211 1797 285 1856; x_wconf 86' lang='lat' dir='ltr'><strong>libri</strong></span> <span class='ocrx_word' id='word_1_102' title='bbox 300 1795 440 1872; x_wconf 88' lang='lat' dir='ltr'><strong>secundi,</strong></span> <span class='ocrx_word' id='word_1_103' title='bbox 452 1816 496 1856; x_wconf 84' lang='lat' dir='ltr'><strong>vs.</strong></span> <span class='ocrx_word' id='word_1_104' title='bbox 507 1816 545 1874; x_wconf 89' lang='lat'><strong>9:</strong></span> 
     </span>
    </p>
   </div>
   <div class='ocr_carea' id='block_1_5' title="bbox 304 1936 922 2076">
    <p class='ocr_par' dir='ltr' id='par_1_6' title="bbox 304 1936 922 2076">
     <span class='ocr_line' id='line_1_15' title="bbox 552 1936 851 2001; baseline -0.007 -15"><span class='ocrx_word' id='word_1_105' title='bbox 552 1973 633 1987; x_wconf 88' lang='lat'><strong>.....</strong></span> <span class='ocrx_word' id='word_1_106' title='bbox 644 1940 665 1984; x_wconf 91' lang='grc' dir='ltr'><strong>Ο</strong></span> <span class='ocrx_word' id='word_1_107' title='bbox 677 1941 695 1985; x_wconf 84' lang='grc' dir='ltr'>ιί</span> <span class='ocrx_word' id='word_1_108' title='bbox 705 1936 802 2001; x_wconf 78' lang='lat' dir='ltr'><strong>angulus</strong></span> <span class='ocrx_word' id='word_1_109' title='bbox 812 1936 851 1984; x_wconf 87' lang='lat' dir='ltr'><strong>ille</strong></span> 
     </span>
     <span class='ocr_line' id='line_1_16' title="bbox 304 2009 922 2076; baseline -0.003 -18"><span class='ocrx_word' id='word_1_110' title='bbox 304 2013 425 2059; x_wconf 78' lang='lat' dir='ltr'><strong>Proximus</strong></span> <span class='ocrx_word' id='word_1_111' title='bbox 435 2011 541 2070; x_wconf 70' lang='lat' dir='ltr'><strong>accedat,</strong></span> <span class='ocrx_word' id='word_1_112' title='bbox 551 2013 593 2076; x_wconf 83' lang='lat' dir='ltr'><strong>qui</strong></span> <span class='ocrx_word' id='word_1_113' title='bbox 604 2027 667 2057; x_wconf 87' lang='lat' dir='ltr'><strong>nunc</strong></span> <span class='ocrx_word' id='word_1_114' title='bbox 678 2011 801 2057; x_wconf 82' lang='lat' dir='ltr'><strong>denormat</strong></span> <span class='ocrx_word' id='word_1_115' title='bbox 812 2009 922 2074; x_wconf 68' lang='lat' dir='ltr'><strong>agelium!</strong></span> 
     </span>
    </p>
   </div>
   <div class='ocr_carea' id='block_1_6' title="bbox 118 2151 1166 2444">
    <p class='ocr_par' dir='ltr' id='par_1_7' title="bbox 118 2151 1166 2444">
     <span class='ocr_line' id='line_1_17' title="bbox 119 2151 1166 2236; baseline -0.004 -21"><span class='ocrx_word' id='word_1_116' title='bbox 119 2155 165 2216; x_wconf 78' lang='lat' dir='ltr'><strong>Ab</strong></span> <span class='ocrx_word' id='word_1_117' title='bbox 176 2154 283 2215; x_wconf 82' lang='lat' dir='ltr'><strong>eadem</strong></span> <span class='ocrx_word' id='word_1_118' title='bbox 295 2155 378 2215; x_wconf 85' lang='lat' dir='ltr'><strong>enirn</strong></span> <span class='ocrx_word' id='word_1_119' title='bbox 394 2155 532 2215; x_wconf 71' lang='lat' dir='ltr'><strong>avaritiae</strong></span> <span class='ocrx_word' id='word_1_120' title='bbox 547 2152 648 2215; x_wconf 82' lang='lat' dir='ltr'><strong>radice</strong></span> <span class='ocrx_word' id='word_1_121' title='bbox 662 2152 715 2213; x_wconf 87' lang='lat' dir='ltr'><strong>illa</strong></span> <span class='ocrx_word' id='word_1_122' title='bbox 731 2173 856 2236; x_wconf 88' lang='lat' dir='ltr'><strong>quoque</strong></span> <span class='ocrx_word' id='word_1_123' title='bbox 872 2151 989 2213; x_wconf 87' lang='lat' dir='ltr'><strong>invidia</strong></span> <span class='ocrx_word' id='word_1_124' title='bbox 1001 2151 1166 2235; x_wconf 88' lang='lat' dir='ltr'><strong>proficisci-</strong></span> 
     </span>
     <span class='ocr_line' id='line_1_18' title="bbox 118 2253 524 2350; baseline -0.002 -38"><span class='ocrx_word' id='word_1_125' title='bbox 118 2267 184 2350; x_wconf 80' lang='lat' dir='ltr'><strong>tur,</strong></span> <span class='ocrx_word' id='word_1_126' title='bbox 201 2253 239 2313; x_wconf 85' lang='lat' dir='ltr'><strong>de</strong></span> <span class='ocrx_word' id='word_1_127' title='bbox 253 2274 315 2336; x_wconf 84' lang='lat' dir='ltr'><strong>qua</strong></span> <span class='ocrx_word' id='word_1_128' title='bbox 328 2253 379 2313; x_wconf 92' lang='lat' dir='ltr'><strong>hic</strong></span> <span class='ocrx_word' id='word_1_129' title='bbox 394 2254 524 2313; x_wconf 86' lang='lat' dir='ltr'><strong>Persius.</strong></span> 
     </span>
     <span class='ocr_line' id='line_1_19' title="bbox 162 2344 1165 2444; baseline -0.005 -35"><span class='ocrx_word' id='word_1_130' title='bbox 162 2351 206 2410; x_wconf 89' lang='lat'><strong>15.</strong></span> <span class='ocrx_word' id='word_1_131' title='bbox 217 2347 368 2410; x_wconf 83' lang='lat' dir='ltr'><strong>Ditescont</strong></span> <span class='ocrx_word' id='word_1_132' title='bbox 376 2344 681 2444; x_wconf 54' lang='lat' dir='ltr'><strong>octipejoribuse-In</strong></span> <span class='ocrx_word' id='word_1_133' title='bbox 691 2346 820 2428; x_wconf 86' lang='lat' dir='ltr'><strong>epistola</strong></span> <span class='ocrx_word' id='word_1_134' title='bbox 831 2346 869 2406; x_wconf 87' lang='lat' dir='ltr'><strong>ad</strong></span> <span class='ocrx_word' id='word_1_135' title='bbox 880 2346 1058 2407; x_wconf 87' lang='lat' dir='ltr'><strong>Numicium</strong></span> <span class='ocrx_word' id='word_1_136' title='bbox 1067 2345 1122 2406; x_wconf 92' lang='lat' dir='ltr'><strong>lib.</strong></span> <span class='ocrx_word' id='word_1_137' title='bbox 1133 2347 1147 2405; x_wconf 91' lang='lat'>1</span> <span class='ocrx_word' id='word_1_138' title='bbox 1159 2390 1165 2404; x_wconf 92' lang='lat'><strong>.</strong></span> 
     </span>
    </p>
   </div>
   <div class='ocr_carea' id='block_1_7' title="bbox 305 2500 860 2565">
    <p class='ocr_par' dir='ltr' id='par_1_8' title="bbox 305 2500 860 2565">
     <span class='ocr_line' id='line_1_20' title="bbox 305 2500 860 2565; baseline -0.005 -16"><span class='ocrx_word' id='word_1_139' title='bbox 305 2537 403 2550; x_wconf 92' lang='grc'>......</span> <span class='ocrx_word' id='word_1_140' title='bbox 414 2502 537 2565; x_wconf 78' lang='lat' dir='ltr'><strong>Indignum</strong></span> <span class='ocrx_word' id='word_1_141' title='bbox 547 2500 611 2564; x_wconf 85' lang='lat' dir='ltr'><strong>quod</strong></span> <span class='ocrx_word' id='word_1_142' title='bbox 621 2503 651 2547; x_wconf 89' lang='lat' dir='ltr'><strong>sit</strong></span> <span class='ocrx_word' id='word_1_143' title='bbox 659 2501 778 2564; x_wconf 78' lang='lat' dir='ltr'><strong>pejoribus</strong></span> <span class='ocrx_word' id='word_1_144' title='bbox 787 2511 860 2546; x_wconf 84' lang='lat' dir='ltr'><strong>ortas.</strong></span> 
     </span>
    </p>
   </div>
   <div class='ocr_carea' id='block_1_8' title="bbox 119 2637 681 2720">
    <p class='ocr_par' dir='ltr' id='par_1_9' title="bbox 119 2637 681 2720">
     <span class='ocr_line' id='line_1_21' title="bbox 119 2637 681 2720; baseline -0.007 -23"><span class='ocrx_word' id='word_1_145' title='bbox 119 2637 196 2697; x_wconf 83' lang='lat' dir='ltr'><strong>thid.</strong></span> <span class='ocrx_word' id='word_1_146' title='bbox 216 2641 311 2720; x_wconf 85' lang='lat' dir='ltr'><strong>Usque</strong></span> <span class='ocrx_word' id='word_1_147' title='bbox 325 2659 461 2698; x_wconf 83' lang='lat' dir='ltr'><strong>recusem.</strong></span> <span class='ocrx_word' id='word_1_148' title='bbox 476 2672 515 2682; x_wconf 94' lang='lat'>-</span> <span class='ocrx_word' id='word_1_149' title='bbox 528 2639 564 2697; x_wconf 89' lang='lat' dir='ltr'><strong>ln</strong></span> <span class='ocrx_word' id='word_1_150' title='bbox 577 2637 681 2697; x_wconf 88' lang='lat' dir='ltr'><strong>Davo:</strong></span> 
     </span>
    </p>
   </div>
   <div class='ocr_carea' id='block_1_9' title="bbox 321 2795 604 2856">
    <p class='ocr_par' dir='ltr' id='par_1_10' title="bbox 321 2795 604 2856">
     <span class='ocr_line' id='line_1_22' title="bbox 321 2795 604 2856; baseline -0.014 -17"><span class='ocrx_word' id='word_1_151' title='bbox 321 2827 400 2842; x_wconf 91' lang='lat'><strong>.....</strong></span> <span class='ocrx_word' id='word_1_152' title='bbox 413 2795 493 2856; x_wconf 82' lang='lat' dir='ltr'><strong>Usque</strong></span> <span class='ocrx_word' id='word_1_153' title='bbox 504 2807 604 2839; x_wconf 86' lang='lat' dir='ltr'><strong>recuses.</strong></span> 
     </span>
    </p>
   </div>
   <div class='ocr_carea' id='block_1_10' title="bbox 162 2925 736 2991">
    <p class='ocr_par' dir='ltr' id='par_1_11' title="bbox 162 2925 736 2991">
     <span class='ocr_line' id='line_1_23' title="bbox 162 2925 736 2991; baseline -0.005 -4"><span class='ocrx_word' id='word_1_154' title='bbox 162 2929 207 2989; x_wconf 80' lang='lat'><strong>16.</strong></span> <span class='ocrx_word' id='word_1_155' title='bbox 221 2933 340 2991; x_wconf 86' lang='lat' dir='ltr'><strong>Coenare</strong></span> <span class='ocrx_word' id='word_1_156' title='bbox 349 2931 411 2988; x_wconf 83' lang='lat' dir='ltr'><strong>sine</strong></span> <span class='ocrx_word' id='word_1_157' title='bbox 423 2938 518 2987; x_wconf 79' lang='lat' dir='ltr'><strong>nrtcto.</strong></span> <span class='ocrx_word' id='word_1_158' title='bbox 531 2961 570 2971; x_wconf 82' lang='lat'>-</span> <span class='ocrx_word' id='word_1_159' title='bbox 581 2927 619 2985; x_wconf 89' lang='lat' dir='ltr'><strong>ln</strong></span> <span class='ocrx_word' id='word_1_160' title='bbox 632 2925 704 2985; x_wconf 81' lang='lat' dir='ltr'><strong>Arte</strong></span> <span class='ocrx_word' id='word_1_161' title='bbox 714 2936 736 2984; x_wconf 74' lang='grc' dir='ltr'><strong>ε’</strong></span> 
     </span>
    </p>
   </div>
   <div class='ocr_carea' id='block_1_11' title="bbox 308 3081 811 3144">
    <p class='ocr_par' dir='ltr' id='par_1_12' title="bbox 308 3081 811 3144">
     <span class='ocr_line' id='line_1_24' title="bbox 308 3081 811 3144; baseline -0.004 -17"><span class='ocrx_word' id='word_1_162' title='bbox 308 3117 386 3130; x_wconf 90' lang='grc'>.....</span> <span class='ocrx_word' id='word_1_163' title='bbox 400 3086 502 3129; x_wconf 89' lang='lat' dir='ltr'><strong>Unctum</strong></span> <span class='ocrx_word' id='word_1_164' title='bbox 512 3083 551 3144; x_wconf 85' lang='lat' dir='ltr'><strong>qui</strong></span> <span class='ocrx_word' id='word_1_165' title='bbox 562 3093 624 3127; x_wconf 86' lang='lat' dir='ltr'><strong>recte</strong></span> <span class='ocrx_word' id='word_1_166' title='bbox 633 3097 720 3144; x_wconf 82' lang='lat' dir='ltr'><strong>ponere</strong></span> <span class='ocrx_word' id='word_1_167' title='bbox 730 3081 811 3143; x_wconf 85' lang='lat' dir='ltr'><strong>possit.</strong></span> 
     </span>
    </p>
   </div>
   <div class='ocr_carea' id='block_1_12' title="bbox 165 3210 991 3295">
    <p class='ocr_par' dir='ltr' id='par_1_13' title="bbox 165 3210 991 3295">
     <span class='ocr_line' id='line_1_25' title="bbox 165 3210 991 3295; baseline -0.01 -20"><span class='ocrx_word' id='word_1_168' title='bbox 165 3217 208 3275; x_wconf 83' lang='lat'><strong>18.</strong></span> <span class='ocrx_word' id='word_1_169' title='bbox 221 3217 367 3295; x_wconf 82' lang='lat' dir='ltr'><strong>Discrepet</strong></span> <span class='ocrx_word' id='word_1_170' title='bbox 380 3215 422 3274; x_wconf 76' lang='lat' dir='ltr'><strong>iris</strong></span> <span class='ocrx_word' id='word_1_171' title='bbox 438 3214 522 3274; x_wconf 68' lang='lat' dir='ltr'><strong>alius.</strong></span> <span class='ocrx_word' id='word_1_172' title='bbox 537 3252 573 3259; x_wconf 96' lang='lat'>—</span> <span class='ocrx_word' id='word_1_173' title='bbox 587 3215 684 3274; x_wconf 83' lang='lat' dir='ltr'><strong>Satira</strong></span> <span class='ocrx_word' id='word_1_174' title='bbox 698 3225 779 3273; x_wconf 81' lang='lat' dir='ltr'><strong>sexta</strong></span> <span class='ocrx_word' id='word_1_175' title='bbox 795 3212 866 3270; x_wconf 86' lang='lat' dir='ltr'><strong>libri</strong></span> <span class='ocrx_word' id='word_1_176' title='bbox 882 3210 991 3292; x_wconf 91' lang='lat' dir='ltr'><strong>primi:</strong></span> 
     </span>
    </p>
   </div>
   <div class='ocr_carea' id='block_1_13' title="bbox 307 3365 724 3485">
    <p class='ocr_par' dir='ltr' id='par_1_14' title="bbox 307 3365 724 3485">
     <span class='ocr_line' id='line_1_26' title="bbox 309 3365 724 3428; baseline -0.01 -16"><span class='ocrx_word' id='word_1_177' title='bbox 309 3401 387 3413; x_wconf 90' lang='grc'><em>.....</em></span> <span class='ocrx_word' id='word_1_178' title='bbox 402 3369 480 3428; x_wconf 68' lang='lat' dir='ltr'><strong>[enge</strong></span> <span class='ocrx_word' id='word_1_179' title='bbox 492 3382 542 3412; x_wconf 83' lang='lat' dir='ltr'><strong>mea</strong></span> <span class='ocrx_word' id='word_1_180' title='bbox 552 3366 668 3426; x_wconf 83' lang='lat' dir='ltr'><strong>discrepat</strong></span> <span class='ocrx_word' id='word_1_181' title='bbox 677 3365 724 3409; x_wconf 82' lang='lat' dir='ltr'><strong>istis</strong></span> 
     </span>
     <span class='ocr_line' id='line_1_27' title="bbox 307 3439 497 3485; baseline 0 -1"><span class='ocrx_word' id='word_1_182' title='bbox 307 3441 336 3485; x_wconf 84' lang='lat' dir='ltr'><strong>Et</strong></span> <span class='ocrx_word' id='word_1_183' title='bbox 345 3455 390 3484; x_wconf 82' lang='lat' dir='ltr'><strong>vox</strong></span> <span class='ocrx_word' id='word_1_184' title='bbox 399 3450 422 3484; x_wconf 83' lang='lat' dir='ltr'><strong>et</strong></span> <span class='ocrx_word' id='word_1_185' title='bbox 431 3439 497 3484; x_wconf 82' lang='lat' dir='ltr'><strong>ratio.</strong></span> 
     </span>
    </p>
   </div>
   <div class='ocr_carea' id='block_1_14' title="bbox 85 3590 1168 3968">
    <p class='ocr_par' dir='ltr' id='par_1_15' title="bbox 120 3590 434 3674">
     <span class='ocr_line' id='line_1_28' title="bbox 120 3590 434 3674; baseline -0.013 -22"><span class='ocrx_word' id='word_1_186' title='bbox 120 3595 159 3652; x_wconf 86' lang='lat' dir='ltr'><strong>Et</strong></span> <span class='ocrx_word' id='word_1_187' title='bbox 170 3595 211 3653; x_wconf 84' lang='lat' dir='ltr'><strong>ita</strong></span> <span class='ocrx_word' id='word_1_188' title='bbox 226 3593 335 3674; x_wconf 84' lang='lat' dir='ltr'><strong>saepius</strong></span> <span class='ocrx_word' id='word_1_189' title='bbox 350 3590 434 3650; x_wconf 86' lang='lat' dir='ltr'><strong>alibi.</strong></span> 
     </span>
    </p>

    <p class='ocr_par' dir='ltr' id='par_1_16' title="bbox 85 3681 1168 3968">
     <span class='ocr_line' id='line_1_29' title="bbox 85 3681 1168 3768; baseline -0.01 -18"><span class='ocrx_word' id='word_1_190' title='bbox 85 3746 90 3768; x_wconf 70' lang='grc'><strong>,</strong></span> <span class='ocrx_word' id='word_1_191' title='bbox 160 3691 238 3751; x_wconf 86' lang='lat' dir='ltr'><strong>ibid.</strong></span> <span class='ocrx_word' id='word_1_192' title='bbox 249 3691 399 3761; x_wconf 87' lang='lat' dir='ltr'><strong>Geminos,</strong></span> <span class='ocrx_word' id='word_1_193' title='bbox 417 3686 583 3768; x_wconf 78' lang='lat' dir='ltr'><strong>horoscope,</strong></span> <span class='ocrx_word' id='word_1_194' title='bbox 593 3705 662 3744; x_wconf 82' lang='lat' dir='ltr'><strong>varo</strong></span> <span class='ocrx_word' id='word_1_195' title='bbox 672 3682 811 3744; x_wconf 83' lang='lat' dir='ltr'><strong>Pmdueis</strong></span> <span class='ocrx_word' id='word_1_196' title='bbox 822 3685 915 3765; x_wconf 76' lang='lat' dir='ltr'><strong>penio.</strong></span> <span class='ocrx_word' id='word_1_197' title='bbox 926 3681 1089 3742; x_wconf 86' lang='lat' dir='ltr'><strong>-Eadem</strong></span> <span class='ocrx_word' id='word_1_198' title='bbox 1099 3699 1168 3740; x_wconf 86' lang='lat' dir='ltr'><strong>sen-</strong></span> 
     </span>
     <span class='ocr_line' id='line_1_30' title="bbox 121 3777 1168 3868; baseline -0.011 -21"><span class='ocrx_word' id='word_1_199' title='bbox 121 3787 214 3847; x_wconf 87' lang='lat' dir='ltr'><strong>tentia</strong></span> <span class='ocrx_word' id='word_1_200' title='bbox 228 3789 261 3846; x_wconf 93' lang='lat' dir='ltr'><strong>in</strong></span> <span class='ocrx_word' id='word_1_201' title='bbox 276 3786 376 3868; x_wconf 87' lang='lat' dir='ltr'><strong>prima</strong></span> <span class='ocrx_word' id='word_1_202' title='bbox 388 3785 484 3844; x_wconf 87' lang='lat' dir='ltr'><strong>Satira</strong></span> <span class='ocrx_word' id='word_1_203' title='bbox 501 3783 572 3842; x_wconf 89' lang='lat' dir='ltr'><strong>libri</strong></span> <span class='ocrx_word' id='word_1_204' title='bbox 586 3781 730 3855; x_wconf 87' lang='lat' dir='ltr'><strong>secundi,</strong></span> <span class='ocrx_word' id='word_1_205' title='bbox 750 3779 802 3840; x_wconf 86' lang='lat' dir='ltr'><strong>sed</strong></span> <span class='ocrx_word' id='word_1_206' title='bbox 819 3779 907 3840; x_wconf 89' lang='lat' dir='ltr'><strong>aliter</strong></span> <span class='ocrx_word' id='word_1_207' title='bbox 920 3791 1048 3840; x_wconf 86' lang='lat' dir='ltr'><strong>tractata</strong></span> <span class='ocrx_word' id='word_1_208' title='bbox 1064 3791 1094 3838; x_wconf 91' lang='lat' dir='ltr'><strong>et</strong></span> <span class='ocrx_word' id='word_1_209' title='bbox 1111 3777 1168 3839; x_wconf 89' lang='lat' dir='ltr'><strong>sub</strong></span> 
     </span>
     <span class='ocr_line' id='line_1_31' title="bbox 119 3884 400 3968; baseline -0.014 -22"><span class='ocrx_word' id='word_1_210' title='bbox 119 3885 273 3968; x_wconf 81' lang='lat' dir='ltr'><strong>exemplo,</strong></span> <span class='ocrx_word' id='word_1_211' title='bbox 287 3906 331 3944; x_wconf 86' lang='lat' dir='ltr'><strong>vs.</strong></span> <span class='ocrx_word' id='word_1_212' title='bbox 344 3884 400 3943; x_wconf 79' lang='lat'><strong>26:</strong></span> 
     </span>
    </p>
   </div>
   <div class='ocr_carea' id='block_1_15' title="bbox 304 4020 846 4158">
    <p class='ocr_par' dir='ltr' id='par_1_17' title="bbox 304 4020 846 4158">
     <span class='ocr_line' id='line_1_32' title="bbox 304 4020 846 4086; baseline -0.017 -14"><span class='ocrx_word' id='word_1_213' title='bbox 304 4027 386 4072; x_wconf 78' lang='lat' dir='ltr'><strong>Castor</strong></span> <span class='ocrx_word' id='word_1_214' title='bbox 395 4024 479 4086; x_wconf 71' lang='lat' dir='ltr'><strong>pandet</strong></span> <span class='ocrx_word' id='word_1_215' title='bbox 488 4041 531 4086; x_wconf 81' lang='lat' dir='ltr'><strong>equ</strong></span> <span class='ocrx_word' id='word_1_216' title='bbox 536 4025 565 4078; x_wconf 83' lang='lat' dir='ltr'><strong>is,</strong></span> <span class='ocrx_word' id='word_1_217' title='bbox 576 4037 620 4068; x_wconf 81' lang='lat' dir='ltr'><strong>ovo</strong></span> <span class='ocrx_word' id='word_1_218' title='bbox 630 4033 754 4082; x_wconf 62' lang='lat' dir='ltr'><strong>prognatus</strong></span> <span class='ocrx_word' id='word_1_219' title='bbox 764 4020 846 4065; x_wconf 85' lang='lat' dir='ltr'><strong>codem</strong></span> 
     </span>
     <span class='ocr_line' id='line_1_33' title="bbox 307 4100 398 4158; baseline 0 -16"><span class='ocrx_word' id='word_1_220' title='bbox 307 4100 398 4158; x_wconf 71' lang='lat' dir='ltr'><strong>Pugnis.</strong></span> 
     </span>
    </p>
   </div>
   <div class='ocr_carea' id='block_1_16' title="bbox 0 0 1567 4934">
    <p class='ocr_par' dir='ltr' id='par_1_18' title="bbox 0 0 1567 4934">
     <span class='ocr_line' id='line_1_34' title="bbox 0 0 1567 4934; baseline 0 0"><span class='ocrx_word' id='word_1_221' title='bbox 0 0 1567 4934; x_wconf 95' lang='lat' dir='ltr'><strong> </strong></span> 
     </span>
    </p>
   </div>
  </div>
 </body>
</html>
