3148 4950
441 383 529 445 pan
554 383 709 449 Annos
732 386 943 455 nicusus.
1143 403 1204 482 ts.

410 542 478 593 Ann.
492 541 524 594 U.
540 544 569 595 C.
583 542 738 612 849-851,
752 542 848 598 Christi
861 547 982 619 96-98‚

561 629 696 686 Iuvenalis
710 629 823 702 552-57.

207 766 250 826 M.
273 766 417 826 Cocceius
439 767 538 828 Nerva
558 769 725 850 imperator
747 784 808 847 cst,
829 773 868 834 ad
885 795 977 855 quem
998 777 1076 839 forte
1092 795 1210 865 spectat

168 862 291 923 initium
306 863 367 922 Sat.
383 864 449 922 VII.

392 1007 462 1059 dnn.
475 1011 508 1061 U.
519 1011 549 1062 C.
564 1008 720 1080 851—870,
733 1011 828 1068 Christi
841 1016 980 1089 98-117,

553 1100 686 1154 Iuvenalis
697 1100 811 1172 57-76.

205 1237 323 1318 Regnat
335 1238 377 1298 M.
393 1236 500 1320 Ulpius
516 1240 615 1299 Nerva
630 1237 790 1321 Trnjnnm,
806 1243 845 1302 ad
863 1266 955 1326 quern
970 1249 1116 1310 nonnulli
1131 1251 1207 1313 refe·

166 1346 241 1392 runt
254 1336 442 1418 principium
457 1337 562 1397 Satirae
576 1338 643 1398 vll.
656 1337 799 1412 Conf.ved
812 1342 873 1401 Sat.
887 1345 944 1419 VI,
959 1346 1032 1420 205,
1047 1348 1118 1425 236,
1132 1348 1206 1427 045,

164 1429 225 1514 407
236 1454 299 1515 seq.
315 1436 382 1494 502.
690 1459 693 1470 ·

471 1553 541 1605 dnn.
555 1555 588 1604 U.
600 1552 630 1604 C.
645 1552 713 1620 853,
724 1553 821 1608 Christi
838 1572 901 1623 roo,
999 1625 1002 1632 ⁴

591 1642 725 1695 Iuvenalis
738 1643 779 1713 59.

203 1777 319 1837 Marius
331 1779 465 1854 Priscus,
477 1779 603 1860 direptis
618 1779 712 1856 Afris,
725 1802 860 1862 qnorum
873 1803 996 1844 causam
1011 1777 1075 1868 agit
1086 1788 1204 1852 Plinius

163 1872 293 1951 suntor,
310 1876 552 1957 repetundarum
573 1877 739 1937 damnatur
761 1878 843 1957 (vid.
864 1879 902 1938 od
926 1883 985 1942 Sat.
1000 1883 1031 1958 Ι,
1049 1887 1085 1965 47
1107 1907 1151 1967 sq.
1173 1901 1204 1946 st

164 1970 251 2047 VIII,
271 1976 357 2051 120‚)
370 1972 430 2034 hoc
446 1995 544 2049 anno,
559 1994 620 2055 quo
635 1977 762 2034 tertium
782 1996 853 2035 cum
868 1974 1000 2057 'Irajnno
1015 1981 1123 2040 consul
1138 1995 1203 2042 crat

161 2067 205 2125 M.
234 2069 389 2131 Cornelius
411 2077 535 2145 Itonto,
558 2085 661 2132 orator
684 2073 812 2153 insignis
836 2085 865 2132 et
888 2089 1036 2156 patronus
1064 2079 1203 2139 virorum

162 2162 339 2244 doctorum,
351 2172 405 2251 qui
417 2171 515 2252 poetis
533 2171 701 2230 recitaturis
713 2169 792 2230 aedes
805 2193 873 2232 suas
888 2171 1116 2235 commodabat.
1130 2176 1201 2236 Vid.

160 2263 201 2322 ad
213 2265 272 2325 Sat.
290 2269 321 2341 1,
344 2287 395 2344 ια,
418 2269 463 2329 13.
478 2268 597 2329 Eodem
613 2288 696 2328 anno
715 2266 865 2349 Trajanus
887 2271 1044 2332 consulem
1065 2273 1123 2332 sibi
1137 2272 1201 2333 suf-

160 2356 231 2420 fecit
240 2362 378 2424 Plinium
389 2365 561 2448 Iuniorem.

464 2518 532 2570 800.
548 2519 581 2570 U.
594 2517 623 2569 C.
637 2489 704 2583 854,
716 2515 812 2570 Christi
829 2533 894 2584 ror,

585 2605 717 2658 Iuvenalis
732 2605 775 2658 60.

200 2745 267 2804 IIoc
280 2745 357 2808 forte
373 2769 455 2809 anno
471 2744 638 2822 Martialis,
653 2767 747 2827 quem
765 2757 863 2828 poetae
878 2759 982 2807 nostro
999 2747 1199 2811 familiarissi-

159 2859 246 2900 mum
259 2841 351 2905 fuisse
362 2865 395 2904 ex
412 2844 475 2927 ejus
491 2845 597 2926 Epigr.
619 2845 658 2918 04
676 2842 749 2903 libri
766 2843 839 2918 VII,
852 2842 1052 2926 intelligitur,
1067 2844 1146 2905 obiit
1164 2847 1198 2906 in

157 2939 255 3017 patria
273 2940 409 3020 (Bilbili,
429 2942 598 3003 Celtiberiae
610 2962 681 3024 opp.
692 2941 719 3017 ),
740 2960 834 3023 quam
850 2958 955 3017 senex,
979 2939 1081 3001 relicta
1102 2943 1210 3002 Roma¹

158 3053 230 3093 ann.
243 3034 315 3096 Chr.
332 3059 386 3098 100
397 3038 477 3118 (vid.
489 3039 621 3098 Massoni
634 3038 687 3096 vit.
700 3036 780 3096 Plin.
790 3035 859 3116 jun.
871 3057 940 3116 pag.
957 3056 1011 3095 ιι]
1021 3038 1084 3117 sq.)
1099 3037 1163 3113 vel,
1173 3039 1198 3098 si

157 3129 317 3194 Dodwello
338 3137 433 3214 (dnn.
447 3136 554 3213 Quint.
572 3141 585 3214 ς
603 3135 657 3213 38)
675 3131 751 3192 fides
765 3131 924 3207 habenda,
944 3153 1017 3192 ann.
1038 3131 1109 3192 Chr.
1126 3134 1196 3209 103,

157 3229 286 3307 repetiit,
297 3230 388 3290 stubi
400 3232 493 3313 paulo
504 3244 570 3315 post
577 3244 717 3290 mortuus
725 3243 776 3289 est.
786 3229 903 3288 Ibidem
916 3229 1034 3311 scripsit
1043 3230 1148 3311 Epigr.
1162 3231 1196 3290 18

156 3321 229 3383 libri
242 3326 310 3386 Xll.
325 3326 414 3387 Unde
425 3328 585 3389 Salmasius
600 3340 630 3387 ct
641 3325 816 3385 Dodwellus
829 3338 908 3386 recte
924 3324 1129 3410 collegerunt,
1143 3328 1196 3386 Ju-

156 3422 294 3482 venalem
309 3436 382 3484 tunc
397 3426 542 3506 temporis
553 3426 657 3483 Ilomoe
669 3423 775 3498 fuisse,
795 3443 860 3482 non
880 3423 913 3482 in
930 3423 1071 3504 AEgypto.
1086 3458 1123 3468 -
1134 3425 1195 3484 Eo·

63 3561 65 3571 .
155 3518 225 3578 dem
256 3541 357 3598 anno,
379 3519 511 3600 Trojano
536 3522 640 3580 sexties
670 3518 836 3579 Articuleio
859 3521 941 3578 Paeto
969 3521 1052 3582 Coss.
1080 3532 1195 3603 praetor

156 3614 214 3674 fuit
238 3619 271 3677 P.
296 3620 456 3678 Iuventius
478 3617 603 3695 Celsus‚·
617 3618 851 3701 jurisconsultus
872 3617 1098 3694 celeberrimus,
1122 3621 1193 3700 qui,

156 3733 227 3773 ann.
244 3716 280 3776 U.
298 3717 330 3776 C.
353 3719 427 3792 882,
449 3717 614 3777 secundum
634 3717 722 3796 gessit
740 3714 952 3794 consulatum,
968 3728 1115 3798 regnante
1130 3719 1193 3776 Ha·

154 3810 273 3874 driauo.
286 3814 356 3875 Vid.
369 3815 407 3874 ad
422 3815 482 3876 Sat.
496 3813 552 3889 Vl,
569 3813 642 3900 045,
654 3827 684 3876 et
696 3815 784 3890 VIII,
806 3811 869 3893 094.
