3038 4932
359 400 424 466 allo
532 395 685 490 VARJAE
708 399 978 467 LEGTIONES
1001 402 1063 466 ET
1088 400 1222 468 NOTAE

356 526 421 578 toris
441 521 574 594 Caligulae.
598 526 647 576 Per
666 522 779 576 Genium
798 526 838 576 sui
857 526 982 596 principis
1002 525 1076 596 qussi
1095 542 1145 596 per
1158 545 1256 578 nomen
1271 527 1391 598 jurabant

356 605 484 665 Romsni3
498 616 523 655 et
535 604 557 655 si
570 605 628 675 quis
639 605 798 674 pejerasset,
810 621 903 676 poenas
915 603 1006 656 dabat.
1021 605 1176 672 Suetonius,
1194 607 1232 658 De
1245 605 1327 678 Culipr
1344 627 1389 678 27:
1497 613 1498 616 ’

358 683 475 737 :Multos
487 683 594 736 honesti
605 682 705 735 ordinis
716 683 878 736 deformatos
894 686 968 755 prius
983 687 1133 756 stigmatum
1145 688 1230 753 notis,
1247 687 1282 738 ad
1293 688 1391 740 metalla

356 766 514 817 munitiones
533 764 651 831 riarum,
665 777 711 816 aut
730 765 765 816 ad
781 765 879 818 bestias
891 764 1152 830 condemnavit,laut
1167 766 1313 820 bestiarum
1324 789 1391 822 more
1497 777 1498 786 ¹

291 855 300 878 ⁴
356 843 542 917 quadrupedes
560 861 639 896 cures
658 847 790 910 coercuit,
808 857 855 897 aut
872 843 973 898 medios
985 837 1062 898 'serra
1081 845 1219 910 dissecuit,
1238 865 1392 900 aesomnes

354 924 478 996 gravibus
500 942 532 975 ex
553 925 655 992 causis,
668 943 758 976 rernm
776 924 845 976 mole
860 923 893 976 de
908 943 1016 978 munere.
1034 944 1083 978 suo
1105 927 1245 996 opinatos,
1266 924 1307 978 vel
1325 927 1392 998 quod
1497 975 1498 978 ,

356 1021 492 1076 nunquam
505 1021 552 1075 per
567 1003 678 1055 Genisem
691 1021 767 1056 suom
777 1004 969 1075 dejerassent.·
985 1007 1051 1057 Tam
1063 1004 1127 1056 boni
1140 1006 1222 1077 iqitnr
1230 1007 1304 1059 dacis
1317 1009 1391 1077 genio

353 1083 524 1136 libentissime
536 1102 564 1135 se
578 1080 715 1154 indulgere
726 1097 840 1137 testatur
852 1085 1067 1158 satyrographum
1083 1113 1118 1124 -
1135 1087 1245 1137 Centum
1262 1087 1338 1158 paria
1355 1088 1390 1138 in·

353 1165 435 1225 draco,-
448 1162 493 1216 alii
511 1165 720 1234 interpretantur
732 1165 766 1216 de
778 1163 881 1236 duplici
897 1164 1073 1231 hecatombe,
1093 1164 1152 1231 alii,
1172 1179 1198 1217 et
1215 1166 1323 1238 quidem
1336 1169 1392 1236 jure

352 1247 449 1314 magis,
461 1243 495 1296 de
506 1241 707 1315 gladiatoribus,
721 1263 833 1317 quorum
842 1246 916 1314 peria
927 1244 1029 1316 populo
1039 1243 1151 1296 edebant
1160 1245 1295 1297 interdum
1304 1258 1330 1296 et
1340 1248 1391 1316 pri·

351 1323 420 1387 rati,
432 1319 473 1374 vel
487 1322 536 1374 sub
549 1322 766 1392 imperatoribus,
779 1335 808 1374 ut
823 1323 874 1376 alia
887 1323 1037 1394 spectacula
1052 1340 1098 1376 aut
1112 1342 1231 1376 munera.
1240 1323 1392 1390 -ndueo,

352 1401 407 1454 scil.
421 1403 449 1454 io
460 1418 575 1454 arenam.
588 1400 710 1454 Juvenal.
722 1403 771 1468 lli,
787 1402 823 1468 34
838 1421 896 1474 sqq.
907 1423 915 1466 ;
927 1401 1043 1454 Martial.
1058 1405 1107 1468 ΠΙ,
1126 1403 1173 1465 165
1189 1405 1275 1456 Tacit.
1292 1402 1391 1454 Annali.

351 1479 458 1544 1V,63;
474 1479 581 1532 Sueton.
595 1479 687 1532 Claud.
702 1480 788 1532 sli-
799 1480 837 1533 Ob
854 1497 891 1534 res
905 1482 1004 1556 epreqie
1013 1491 1111 1554 penas,-
1129 1482 1214 1532 ironia
1225 1479 1391 1544 ‚acerbissime

352 1573 378 1612 et
387 1561 414 1610 in
424 1559 547 1613 stolidum
555 1562 756 1632 imperatorem,
768 1560 830 1612 etin
840 1559 973 1612 bominem
985 1577 1094 1612 avarum
1106 1559 1244 1611 aridumve
1251 1558 1391 1622 heredem,

353 1642 399 1710 qui
415 1643 564 1694 necessaria
581 1639 662 1692 tribui
680 1641 767 1691 amico
779 1640 853 1710 inopi
873 1641 916 1692 rix
935 1652 1129 1692 concesserant.
1146 1638 1304 1691 Concedent
1316 1639 1391 1692 iidem

350 1737 423 1773 nunc
436 1738 546 1774 necesse
558 1734 597 1773 est
609 1718 726 1790 impendi
737 1737 791 1772 rem
804 1721 832 1770 in
843 1732 964 1790 sumptos
974 1718 1185 1772 absurdissimus.
1198 1721 1391 1772 Memmerimus

350 1802 516 1873 propositam
532 1801 620 1854 Persio
641 1802 669 1851 in
688 1798 740 1852 hoc
763 1801 836 1850 omni
858 1816 979 1852 sermone
998 1797 1092 1852 thesim
1110 1820 1117 1848 s
1136 1817 1227 1852 rernm
1246 1799 1391 1852 divitiarum

350 1898 428 1933 usum
445 1883 560 1952 positum
578 1898 635 1932 esse
652 1881 679 1931 in
701 1878 898 1944 moderatione,
915 1897 972 1951 quae
986 1897 1003 1929 a
1014 1878 1137 1931 sordibus
1155 1897 1230 1950 ssqoc
1246 1897 1279 1931 uc
1296 1881 1390 1932 insanis

351 1958 501 2031 sumptibus
513 1958 632 2020 recedam
645 1961 672 2010 in
685 1957 774 2010 medio
785 1959 866 2011 virtus
880 1961 937 2011 erit.
952 1962 1038 2013 Omne
1051 1957 1104 2010 hoc
1118 1958 1268 2029 exemplum
1282 1957 1317 2010 de
1329 1958 1391 2011 cele·

349 2038 453 2092 brunda
464 2038 530 2091 falsa
543 2041 591 2102 ista
605 2038 728 2110 Caligulas
740 2040 850 2091 victoria
862 2039 965 2104 retulit,
980 2039 1013 2092 ad
1025 2038 1157 2092 silentium
1169 2037 1325 2091 redacturus
1342 2038 1391 2090 be-
1461 2109 1466 2120 ι

349 2117 454 2182 redem,
476 2122 522 2190 qui
544 2118 612 2171 nolit
629 2138 683 2172 rem
706 2120 790 2170 minui
811 2138 859 2189 per
883 2133 1004 2190 sumptus
1026 2118 1166 2188 legitimos.
1187 2121 1267 2171 Nunc
1290 2132 1391 2190 oportet

350 2197 492 2264 concedat,
501 2200 691 2272 minuaturper
700 2211 821 2271 sumptus
831 2198 952 2265 stolidos,
965 2202 1010 2271 qui
1019 2203 1134 2269 nonjam
1146 2210 1206 2251 sunt
1217 2200 1254 2270 pii
1267 2213 1294 2252 et
1307 2199 1391 2269 magni

349 2279 441 2343 animi,
453 2275 501 2331 sed
510 2280 598 2346 ignavi
608 2291 635 2332 et
644 2273 785 2330 adulantis.
793 2309 828 2320 -
837 2281 899 2348 Quis
909 2280 1099 2331 verartironice
1110 2293 1135 2330 et
1144 2277 1197 2329 hoc
1208 2297 1215 2328 s
1229 2280 1289 2349 quis
1300 2295 1390 2349 nempe

349 2359 461 2411 vetuerit
481 2360 575 2430 optimi
590 2359 716 2432 principis
728 2357 936 2430 pulcherrimam
947 2361 1083 2411 victoriam
1106 2357 1243 2428 magnifice
1260 2377 1303 2408 me
1322 2356 1388 2410 cele·

348 2438 446 2490 beare?
459 2467 495 2478 -
513 2437 603 2501 Audc3
627 2435 722 2491 haeredi
743 2438 857 2507 imponit
878 2437 1045 2491 durissimam
1064 2439 1248 2490 necessitatem
1272 2450 1390 2508 sumptus

348 2515 499 2590 perferendi
508 2518 628 2588 insanos,
640 2519 767 2588 quoniam
780 2514 906 2569 honestos
918 2517 985 2569 lerre
996 2515 1089 2568 noluit.

382 2658 449 2710 Nou.
465 2659 508 2712 50.
524 2659 585 2726 Va,
601 2659 651 2712 nisi
660 2660 796 2711 connives!
806 2658 891 2712 oleum
905 2667 1081 2729 artocreasque
1087 2655 1194 2731 popello
1207 2656 1326 2730 Laryior.
1335 2657 1390 2708 Per

347 2739 385 2809 git
396 2755 503 2790 ararum
517 2736 603 2790 ridere
614 2735 752 2791 heredem.
769 2768 804 2778 -
813 2739 875 2803 Vc,
889 2738 940 2790 nisi
951 2739 1089 2798 connivere
1101 2739 1185 2806 majus
1195 2738 1275 2788 etiam
1289 2737 1388 2807 impen-

346 2815 409 2868 dere
423 2815 521 2867 malum
533 2815 630 2869 hteredi
644 2820 837 2882 comminatur,
852 2819 902 2870 nisi
917 2815 952 2870 ad
966 2815 1204 2870 concelebrandum
1222 2814 1390 2888 preclarissi-

347 2912 416 2946 mum
431 2894 505 2948 illum
519 2893 644 2966 Caligulas
656 2895 818 2968 triumphum
830 2899 887 2968 ipse
898 2898 1045 2967 conspiret,
1060 2897 1188 2949 connivet.
1205 2897 1307 2947 iratum
1322 2897 1390 2947 enim

344 2975 492 3046 experietur
502 2973 542 3026 vel
554 2976 756 3045 imperatorem,
771 2975 812 3027 vel
829 2977 924 3047 ipsum.
935 3004 970 3014 -
986 2974 1078 3028 Oleum
1094 2987 1272 3048 artocreasque
1285 2973 1390 3047 popello

343 3053 468 3127 laryior5
479 3053 609 3126 ejusmodi
620 3055 738 3124 impensa
748 3056 790 3106 vix
803 3073 817 3106 e
832 3073 860 3106 se
869 3057 956 3127 potuit
966 3073 1023 3108 esse
1035 3057 1129 3125 privati
1140 3054 1271 3118 hominis3
1284 3072 1339 3106 non
1349 3052 1389 3104 alii

344 3135 431 3200 enim,
446 3149 542 3206 praeter
554 3152 585 3185 ac
598 3135 771 3204 imperatores
783 3148 808 3186 et
819 3137 1002 3204 magistratus,
1013 3133 1116 3205 popolo
1128 3137 1294 3206 congiarium
1305 3133 1389 3186 stalis

344 3215 476 3279 ejusmodi
493 3214 563 3266 bona
578 3212 764 3284 largiebantur.
778 3217 865 3266 Potuit
884 3233 945 3267 vero
957 3215 1035 3267 Caius
1049 3214 1148 3268 similes
1160 3216 1294 3284 impensas
1307 3216 1389 3285 impe-

343 3311 402 3346 rare
416 3297 524 3365 privatis
543 3313 593 3366 per
606 3294 732 3365 triumphi
744 3297 785 3348 sui
802 3306 1004 3366 procuratores,
1021 3294 1067 3364 qui
1081 3294 1201 3363 scripsit,
1214 3306 1245 3344 ut
1259 3305 1388 3345 constare

343 3371 489 3438 Suetonio,
510 3373 542 3444 47
561 3395 567 3424 ε
583 3397 594 3420 a
612 3373 774 3445 triumphum
789 3385 949 3444 appararent
969 3389 1048 3444 quam
1072 3373 1180 3424 minim
1204 3391 1325 3432 summas
1345 3368 1388 3424 sed

343 3465 458 3523 quantus
473 3471 609 3525 uunquam
622 3453 688 3505 alius
700 3452 805 3513 lisieset;
822 3451 931 3524 quando
942 3454 969 3503 in
981 3453 1099 3503 omnium
1110 3449 1247 3504 hominum
1260 3451 1334 3502 bona
1346 3453 1387 3520 jos

342 3529 480 3584 baberent.
491 3557 545 3580 s-
552 3532 660 3594 Oleum,-
670 3531 897 3584 distribuebantur
904 3531 1006 3602 populo
1015 3533 1093 3594 cicer,
1102 3530 1278 3592 frumentum,
1287 3531 1387 3593 noum,

304 3625 306 3630 ’
343 3621 370 3663 et
380 3611 483 3679 oleam,
496 3625 522 3665 et
532 3613 584 3666 alia
594 3613 865 3666 multa-Artocreas
871 3633 881 3673 ,·
890 3630 906 3664 a
915 3629 990 3663 voco.
1000 3628 1094 3682 graecc.
1106 3609 1174 3679 ἄρτος
1182 3609 1282 3681 (partu)
1290 3596 1387 3676 staples

341 3691 450 3763 (caro),·
463 3695 538 3747 cibus
552 3696 633 3766 igitur
645 3705 772 3746 artocreas
789 3710 820 3744 ex
836 3711 906 3763 pane
920 3706 946 3744 et
964 3710 1043 3744 carne
1057 3693 1157 3756 fartus,
1170 3709 1250 3763 quem
1270 3691 1326 3741 fere
1340 3707 1386 3740 nos

341 3771 410 3824 Galli
423 3771 535 3824 dicimus
545 3773 615 3843 palte.
627 3801 663 3814 ·-
673 3769 785 3841 Popello
792 3793 802 3831 ,-
818 3788 871 3821 non
886 3769 996 3842 populo.
1012 3767 1074 3821 Sola
1092 3771 1163 3822 enim
1176 3766 1319 3841 plebecula
1333 3769 1386 3820 istis

342 3851 493 3904 muneribus
508 3853 601 3906 donari
615 3851 707 3904 voluit.
718 3878 755 3890 ·-
765 3849 890 3922 Larpion
903 3868 954 3902 ros
968 3867 1095 3920 generoso
1111 3861 1137 3902 et
1151 3849 1328 3919 magnanima.

370 4003 431 4049 Van.
441 4003 478 4050 is.
489 4007 527 4050 Aa
535 4002 654 4067 proicies?
662 4001 698 4045 dic
705 3999 775 4046 clare.
782 4003 869 4048 -Naa
877 4001 944 4056 adso,
956 4002 1038 4066 usquo.
1047 4025 1075 4038 -
1085 4002 1173 4048 Ferunt
1181 3999 1256 4046 Mtte.
1265 3998 1332 4046 multi
1340 3999 1383 4044 Go-

339 4073 400 4122 diccs
417 4091 461 4121 non
477 4079 563 4132 andro,
577 4075 641 4139 quod
655 4076 697 4122 etsi
709 4087 805 4137 propter
818 4075 892 4138 legens
904 4091 984 4124 versos
1000 4075 1088 4124 admitti
1106 4091 1153 4124 nou
1169 4087 1260 4138 potest,
1277 4087 1382 4136 reocpett
