3054 4932
393 337 463 406 656
843 339 996 406 tnnex

395 480 469 528 sunt
488 465 659 540 momenti,
682 475 721 524 ut
737 484 793 526 nec
815 465 910 526 veria
932 463 1076 528 lectiones
1098 464 1235 527 duorum
1256 465 1341 531 codd.
1359 469 1413 533 ne

394 583 464 647 quae
477 563 559 624 iniis
573 560 753 624 laudantur.

437 661 523 720 Conr-
541 661 625 721 Sam.
645 656 876 744 Scbnnfleisobii
892 660 1082 744 Spicileqinm
1099 659 1416 725 Animadversionem

392 759 433 818 D.
442 757 525 816 Junii
534 754 686 818 sannoth
694 757 818 838 Satyra-5
826 759 917 834 XVI,
931 777 1003 819 ensa
1014 759 1107 818 Hestn
1116 758 1204 818 Lean.
1214 757 1416 843 Sobwnfln'sabii

392 851 542 934 (fratris).
561 854 695 916 Vinaria
717 872 809 935 1717,
821 853 898 914 min.
914 851 943 914 8.
958 854 1051 915 Liber
1067 853 1263 916 doctissimus
1278 869 1308 916 et
1320 857 1416 918 utilissi-

392 973 482 1026 mus,
508 951 542 1010 in
561 971 627 1032 qao
648 953 742 1010 variae
767 949 915 1012 lectiones
937 951 1049 1012 codicis
1074 952 1137 1013 MS.
1160 951 1417 1016 Schunlleischiani

391 1050 468 1134 (qui
482 1049 580 1110 bonas
604 1048 735 1110 subinde
751 1050 914 1126 lectiones,
931 1071 949 1110 a
967 1051 1060 1112 nobis
1076 1073 1108 1113 n.
1131 1072 1184 1128 ιι,
1204 1051 1418 1134 designatas,et

391 1146 518 1210 Scholia
541 1145 710 1208 Pithoeanis
735 1145 945 1208 emendatiora
966 1143 1124 1228 exhibet),
1146 1151 1336 1231 egregieque
1353 1151 1418 1210 inre·

392 1245 525 1305 ninntur
538 1244 767 1305 observationes
782 1245 917 1304 auctoris
935 1259 966 1304 et
980 1242 1133 1323 aliorum,
1146 1259 1214 1306 tam
1234 1248 1329 1308 critici
1345 1269 1418 1330 quan

391 1339 573 1424 philologici
589 1341 784 1422 argumenti,
796 1341 831 1402 in
844 1339 1029 1402 iuvenalem
1039 1338 1165 1423 ejusque
1175 1340 1366 1404 Scholiasten.

434 1438 652 1501 Observationes
670 1435 849 1520 pbiioioqicoe
868 1439 902 1498 in
921 1440 1043 1520 Sapras
1061 1439 1211 1502 Juvenalis
1231 1439 1305 1500 dnos
1321 1444 1418 1523 priam,

392 1557 465 1620 quas
486 1567 522 1584 -
542 1533 669 1596 Proeside
695 1537 743 1597 M.
769 1533 866 1598 Ultico
887 1533 1060 1598 Sebastiano
1082 1535 1188 1598 Baebio
1210 1538 1418 1620 Norimberpeni

391 1630 507 1717 publice
529 1629 728 1714 disquirendas
748 1633 885 1714 proponit
902 1631 971 1694 Job.
990 1635 1055 1694 Jae.
1074 1635 1169 1694 Haas.
1188 1630 1308 1716 Altotfii
1322 1635 1417 1696 Norico

393 1753 459 1793 ram
474 1731 566 1812 1732,
579 1728 670 1806 ind&

434 1832 645 1894 Commentatio
660 1829 909 1892 historico-critica
921 1829 957 1892 de
971 1830 1075 1893 Codice
1085 1832 1156 1892 MS.
1168 1830 1319 1893 tmen&
1330 1833 1417 1893 Satires

393 1927 607 2010 compiectente.
620 1926 719 1987 Ulmae
737 1925 921 2008 1793,in·b⁰.
933 1926 1003 1988 Vid.
1016 1927 1126 2011 supin
1138 1927 1246 1989 lntlice
1258 1927 1349 1989 Codd.
1356 1927 1417 1988 MSS.

433 2023 538 2086 Sterlsii
557 2023 776 2084 Observationes
799 2027 830 2083 in
853 2022 962 2106 ab'quot
983 2026 1160 2108 (quatuor)
1188 2025 1338 2088 Jussenalis
1358 2025 1417 2096 losa,

393 2120 491 2182 doctae
516 2134 546 2180 et
563 2121 694 2194 criticae,
714 2119 913 2201 reperiuntur
932 2125 965 2181 in
989 2122 1071 2182 Actis
1089 2122 1168 2183 liter.
1191 2123 1300 2184 Societ„
1320 2120 1417 2182 Rheno
1472 2135 1473 2142 ¹

392 2215 521 2306 Traject.
533 2217 631 2299 Lngd.
644 2217 709 2276 liat.
727 2218 818 2298 1793,
833 2217 927 2296 ines,
939 2231 1016 2278 tom.
1034 2219 1065 2295 l,
1078 2240 1149 2302 pag.
1167 2221 1225 2303 173
1237 2241 1298 2302 seq.

431 2315 511 2376 Frid.
531 2313 663 2376 Jacobsii
674 2314 901 2376 Emendationes
922 2317 954 2376 in
970 2314 1124 2378 luvenalis
1139 2319 1273 2393 Satires,
1290 2320 1321 2377 in
1335 2313 1417 2388 voll,
1472 2381 1473 2388 ἵ

392 2412 518 2476 Miscell.
530 2411 639 2496 philol.
652 2412 692 2472 ab
704 2413 781 2494 Aug.
794 2411 930 2474 Matthia
944 2413 1017 2474 edit.
1031 2414 1153 2477 Altenb.
1172 2415 1259 2490 1803,
1272 2437 1302 2498 p.
1316 2417 1416 2492 llo-92.
1471 2397 1473 2468 l

433 2511 583 2570 Hadriani
603 2523 634 2572 et
655 2509 752 2570 Caroli
781 2509 963 2574 Valesiornm
985 2525 1060 2574 nota
1085 2516 1119 2573 in
1141 2513 1293 2574 Juvenatn
1314 2515 1417 2584 Satires,

392 2611 481 2672 editoe
494 2631 569 2670 ann.
586 2612 679 2684 1810,
694 2629 712 2667 a
726 2610 792 2669 Nic.
816 2609 895 2672 Lud.
908 2608 1079 2672 Acbaintoe.
1098 2611 1177 2672 Vide
1197 2633 1269 2693 quse
1286 2607 1415 2672 notaried

392 2707 468 2769 edit.
480 2707 652 2785 luvenalis,
661 2705 756 2767 Paris.
772 2709 856 2767 1810.
865 2707 971 2768 Nescio
982 2729 1022 2767 an
1030 2707 1070 2767 ab
1083 2707 1130 2768 his
1138 2709 1235 2769 Hadr.
1243 2705 1417 2770 Valesiinotis

391 2803 557 2884 differant,
568 2827 624 2868 nec
636 2825 694 2882 ne,
708 2803 774 2886 ejus
785 2805 986 2867 adnotationes
997 2806 1038 2866 ad
1046 2807 1221 2869 Juvenalem
1234 2808 1327 2889 ipsius
1343 2825 1416 2865 monn

392 2905 553 2989 adscriptae
577 2905 617 2966 ad
645 2905 817 2986 marginem
841 2903 1007 2981 editionis,
1029 2925 1098 2988 quae
1120 2907 1274 2967 examin
1297 2897 1416 2966 Biblioth.

392 3003 522 3066 Ciaensi.

431 3099 703 3164 Animadversiones
721 3104 754 3161 in
768 3099 918 3162 luvenalis
931 3104 1058 3178 Satires,
1076 3105 1134 3164 sive
1146 3125 1270 3164 cernrtra
1284 3103 1416 3164 canona

391 3201 653 3282 Rupertianantm,
672 3211 788 3260 astatore
807 3203 837 3261 J.
856 3202 891 3260 ll.
904 3201 982 3282 Aup.
1005 3199 1153 3275 Heineke,
1173 3199 1289 3263 Scbolae
1308 3203 1365 3260 bat.
1378 3195 1416 3256 Or·

389 3296 483 3379 pban.
511 3295 646 3357 Halensis
674 3295 813 3381 Collepa,
846 3301 967 3358 Hectore
996 3298 1144 3381 desiqnata
1171 3298 1332 3381 Perleberp.
1355 3291 1416 3354 aab

390 3394 464 3454 Sat.
489 3391 581 3470 abab,
599 3394 689 3462 in280.
709 3393 844 3469 Libellus
861 3395 1044 3477 probrosus,
1065 3397 1099 3454 in
1118 3417 1180 3477 quo
1198 3398 1308 3478 aaepius
1323 3407 1416 3453 errores

390 3501 456 3550 tam
466 3492 545 3566 mei,
559 3511 655 3571 qnam
667 3491 802 3554 aliorum
813 3492 1015 3574 interpretum
1027 3511 1282 3572 summorumque
1291 3491 1416 3556 virorum,

389 3587 561 3669 etquidem
574 3586 627 3648 alii
646 3603 742 3665 recte,
761 3607 922 3670 perperam
942 3588 1011 3665 alii,
1029 3609 1137 3648 omnes
1157 3609 1232 3649 vero
1250 3602 1312 3648 tam
1331 3581 1415 3645 acerbe

390 3698 422 3746 et
433 3686 560 3761 rustice,
569 3699 634 3745 tam
647 3697 829 3766 arroganter
840 3700 870 3746 et
881 3684 1052 3747 inhumane
1063 3699 1223 3762 notantur,
1235 3699 1272 3748 ut
1285 3682 1415 3764 injuvene

389 3783 450 3846 hoc
457 3781 524 3865 jam
535 3777 620 3844 nunc
629 3783 767 3844 Orbilius
779 3782 976 3865 Klotziusque
990 3784 1132 3844 revixisse
1143 3783 1315 3844 videantur.

431 3878 644 3942 Commentatio
660 3883 759 3962 prima
778 3895 807 3942 et
818 3879 943 3942 oecnnda
958 3883 990 3941 in
1005 3877 1155 3942 Iuvenalis
1178 3883 1301 3942 Satisne.
1319 3871 1415 3954 Scripsit

390 3979 455 4040 Cor.
468 3977 546 4042 tritt
559 3975 713 4054 Heinrich,
723 3979 763 4040 D.
776 3989 804 4037 et
816 3979 896 4062 Ptnf.
912 3979 947 4039 P.
961 3979 996 4041 0.
1010 3976 1094 4040 Kilioe
1110 3979 1186 4038 1806
1201 3991 1229 4038 et
1245 3977 1326 4037 1810.
1339 3972 1414 4034 Gom·
