3148 4950
437 409 596 472 ratrsu
623 408 685 474 ar
709 408 986 512 iuventus.
1170 415 1236 504 52,

190 552 370 628 patronus,
382 537 509 602 amicus
521 536 625 602 comis
637 557 676 602 ac
690 532 815 616 fidelis,
830 534 939 602 bonus
952 536 1191 632 ppten‘amilias
1201 558 1236 608 et

191 652 398 739 Imperator,
418 669 529 739 neque
543 647 647 737 patris
666 647 783 737 patriae
800 648 936 714 nomine
955 646 1123 740 indignus.
1143 649 1236 720 Idem

191 775 279 828 artes
295 759 516 850 scientiaeque
528 757 662 824 fovebat
677 772 711 822 et
726 759 814 826 cives
826 755 869 824 ad
881 760 1039 826 virtutem
1056 763 1083 828 si
1097 786 1165 829 non
1182 785 1238 830 co·

190 865 345 946 lendum,
361 881 451 932 certe
470 863 699 945 similandam,
715 867 862 957 praemiis
876 869 1051 962 poeuisque
1066 871 1234 939 incitabat.

190 981 299 1046 Decor
316 979 429 1070 itaque
447 993 480 1044 et
497 974 673 1057 honestas,
688 974 855 1068 judicium
874 993 908 1044 et
926 1001 1045 1046 seusus
1058 983 1143 1063 veri,
1158 982 1237 1052 boni

191 1113 231 1156 ac
241 1087 392 1182 pulchri,
408 1085 560 1156 nondum
571 1086 673 1179 plane
688 1090 849 1156 exstincta
861 1105 972 1170 erant,
988 1107 1021 1156 et
1032 1089 1239 1162 acuebantur

191 1200 363 1268 literarum
377 1224 563 1294 graecarum
578 1199 708 1279 studio,
721 1198 813 1293 quod
824 1199 936 1270 adhuc
946 1201 1088 1292 vigebat.

238 1319 309 1382 Hac
320 1329 417 1380 aetate
434 1312 492 1400 (ab
504 1337 582 1380 anu.
596 1316 637 1379 U.
652 1315 688 1378 C.
703 1310 851 1404 689‚'ad
869 1335 949 1380 ann.
969 1316 1055 1402 746)
1078 1317 1158 1383 vixit
1179 1319 1239 1383 Ho

191 1427 312 1508 mlius,
334 1420 436 1489 homo
462 1420 577 1489 hilaris
596 1444 635 1488 ac
657 1422 787 1503 suavis,
806 1422 910 1488 comis
931 1436 964 1488 et
983 1420 1169 1506 humanus,
1187 1452 1240 1494 ur-

191 1532 300 1600 banus
317 1548 351 1600 et
367 1531 511 1614 facetus,
528 1531 610 1598 levis
627 1549 661 1598 et
672 1533 795 1597 Veneri
810 1529 1007 1626 Bacchoque
1022 1557 1090 1600 non
1108 1537 1237 1622 minus,

192 1666 294 1737 quam
305 1644 412 1710 Musis
423 1663 537 1723 carus,
551 1639 638 1707 fidus
649 1655 683 1706 et
692 1637 871 1723 candidus,
884 1657 998 1732 gratus
1011 1643 1237 1724 etoffioiosus.

191 1756 385 1846 ingeniosus
403 1769 437 1820 et
453 1751 589 1834 doctus,
605 1768 699 1844 patre
718 1754 958 1842 necingenuo‚
974 1753 1160 1839 accelero,
1179 1759 1238 1826 sed

192 1862 282 1931 bono
296 1880 330 1931 et
343 1862 501 1942 honeste,
518 1858 660 1928 adsiduo
672 1883 805 1927 morum
819 1859 877 1927 filii
894 1861 1033 1930 custode
1046 1879 1080 1930 et
1091 1882 1238 1948 rectore,
1278 1952 1281 1962 Ι

192 1977 423 2066 virtutumque
439 1987 473 2037 et
487 1985 694 2063 praeceptore
710 1987 743 2036 et
760 1971 932 2063 exemplo,
948 1990 1048 2041 natus
1066 1976 1153 2062 (vid.
1171 1981 1236 2046 Sat.

192 2089 227 2165 1,
246 2089 284 2166 4,
302 2087 366 2152 105
381 2106 452 2180 seq.
466 2080 504 2162 6,
518 2081 561 2148 65
579 2104 650 2175 seq.
660 2085 688 2168 ),
704 2079 865 2172 praeclara
877 2084 1039 2174 praeditus
1051 2083 1178 2169 indole,
1191 2113 1240 2156 ar-

192 2193 282 2262 tibus
296 2192 445 2262 imbutns
461 2190 655 2259 liberalibus
671 2205 706 2257 et
725 2189 893 2276 honestis,
911 2192 1133 2267 familiaritate
1148 2202 1239 2267 Grae-

192 2328 310 2372 corum
326 2321 359 2371 et
373 2301 481 2370 multo
495 2324 610 2368 rerum
630 2323 694 2368 usu
714 2301 890 2384 subactus,
910 2303 1238 2397 elegantissimorum

193 2434 471 2510 summorumque
503 2413 651 2477 virorum
685 2409 930 2491 consuetudine
957 2414 1102 2504 politus,
1132 2423 1238 2508 gratia
1280 2419 1281 2426 '
1309 2397 1314 2402 ι

193 2525 332 2590 Caesaris
360 2522 619 2613 principumque
644 2519 785 2585 civitatis
813 2517 938 2587 florens
961 2545 1001 2589 ac
1023 2538 1142 2608 tutus,
1169 2552 1237 2594 non

193 2630 382 2700 adsectator
393 2653 510 2696 eorum
523 2627 576 2695 vel
594 2627 788 2696 adsentator
803 2625 939 2696 humilis
960 2645 994 2698 et
1011 2635 1236 2729 mancipium,

194 2742 289 2809 nulla
316 2740 534 2834 philosophiae
558 2737 735 2832 disciplina
759 2738 960 2825 adstrictus,
985 2743 1044 2812 sed
1070 2748 1173 2815 modo
1196 2774 1237 2818 ex

194 2857 357 2936 Zenonis,
371 2851 473 2920 modo
494 2876 535 2919 ex
554 2853 691 2943 Epicuri
708 2848 815 2918 hortis
831 2851 932 2921 flores
948 2854 1132 2950 decerpens
1152 2861 1234 2949 (vid.
1316 2841 1319 2855 Δ

193 2967 299 3057 Epist.
315 2969 348 3044 l,
368 2990 397 3045 ι,
413 2965 450 3028 ι3
465 2966 551 3057 seq.)
564 3014 572 3044 ,
585 2964 750 3054 privatam
762 2964 937 3048 virtutem,
948 2989 1054 3061 quum
1065 2967 1159 3036 nulla
1171 2996 1238 3039 am-

192 3072 282 3165 plius
303 3072 437 3166 publica
458 3090 566 3154 esset,
588 3071 702 3141 colens
724 3096 765 3141 ac
782 3075 998 3168 praecipiens,
1018 3075 1131 3148 fractis
1147 3085 1236 3150 Bruti

192 3187 365 3277 Cassiique
376 3183 496 3275 opibus
509 3200 543 3250 et
554 3208 685 3253 summa
701 3210 814 3253 rerum
832 3185 876 3254 ad
897 3212 1003 3256 unum
1025 3209 1160 3260 senatus
1178 3219 1234 3288 po

192 3293 333 3390 polique
349 3317 517 3361 consensu
530 3294 659 3378 delata,
680 3264 802 3362 cede’ns
815 3294 975 3382 fortuma,
994 3315 1028 3366 et
1038 3305 1141 3370 vitam
1156 3305 1238 3373 libe·

193 3429 283 3487 ram,
308 3401 542 3486 commodam,
568 3403 669 3472 nullis
692 3404 745 3473 vel
768 3429 926 3475 curarum
949 3408 1003 3477 vel
1025 3417 1237 3503 negotiorum

193 3513 407 3608 publicorum
422 3513 584 3582 molestiis
601 3531 773 3596 vexatam,
792 3518 898 3584 otium
916 3515 1052 3588 liberale
1069 3548 1237 3596 securam·

195 3651 260 3722 que
274 3625 536 3694 mediocritatem
549 3643 698 3710 sectans,
711 3629 842 3711 animo,
859 3647 1058 3724 paupertate
1073 3653 1105 3704 et
1123 3637 1237 3730 gloriae

194 3761 307 3806 amoro
319 3736 362 3804 ad
372 3739 521 3806 carmina
532 3736 683 3808 facienda
694 3736 871 3832 impulsus.

244 3852 321 3914 Post
333 3854 521 3941 Augustum
534 3847 631 3916 valde
643 3849 836 3917 mutabatur
848 3875 960 3919 rerum
973 3871 1096 3940 status,
1117 3876 1150 3927 et
1168 3861 1238 3930 libi-

196 3954 291 4022 dines
309 3957 472 4050 vitiaque,
490 3958 620 4050 pudore
643 3973 675 4024 et
696 3957 824 4050 legibus
845 3960 956 4029 adhuc
975 3963 1157 4052 refrenata,
1180 3990 1239 4040 aut

196 4065 283 4133 clam
303 4073 406 4162 magis
425 4095 525 4164 quam
540 4069 652 4164 palam
669 4074 829 4154 exercita,
848 4075 990 4143 vinculis
1007 4081 1113 4170 ruptis
1131 4082 1238 4149 effuso

288 4179 355 4242 111.
1056 4191 1096 4269 34
