3148 4950
415 499 571 564 PEllSll
597 500 658 564 ΕΤ
681 500 960 568 Juvenatts.
1142 505 1209 592 539

169 627 254 694 bene
271 646 371 692 nosse
382 621 534 692 homines
547 649 587 692 ac
603 649 656 694 res
677 623 719 694 de
739 626 860 720 quibus
879 629 999 718 agitur.
1014 627 1209 698 Obscuritas

168 754 280 806 tamen
295 724 438 818 haec,'ex
456 738 641 828 ignorantia
657 737 840 818 multarum
861 762 990 820 rerum,
1012 738 1055 807 ad
1071 763 1154 834 quas
1167 741 1211 809 la·

167 863 276 916 tenter
302 844 474 928 alluditur,
494 846 660 938 profecta,
686 849 842 918 omnibus
866 850 972 940 poetis
997 851 1136 918 satiricis
1159 866 1210 920 est

167 958 372 1039 communis,
387 979 498 1050 neque
513 959 593 1029 vitio
607 959 645 1026 iis
664 956 838 1036 vertenda,
859 959 984 1052 quippe
998 961 1057 1054 qui
1072 961 1139 1028 suis
1155 984 1210 1051 po·

168 1068 333 1146 tissimum
352 1065 571 1159 popularibus
584 1065 749 1148 scribunt,
762 1066 884 1159 quibus
898 1066 1005 1135 multa
1020 1085 1099 1142 sunt
1111 1072 1210 1141 uotis·

169 1180 271 1262 sima,
285 1203 360 1274 quae
370 1201 432 1246 nos
446 1181 639 1271 ignoramus
652 1184 902 1250 ¹.-Caererum
918 1184 952 1248 in
964 1183 1077 1250 Satiris
1094 1197 1127 1250 et
1140 1184 1212 1276 Epi-

169 1287 262 1356 stolis
284 1290 426 1371 Horatii,
448 1313 517 1358 uon
533 1289 615 1356 levis
629 1292 835 1382 conspicitur
857 1307 890 1358 et
910 1290 1040 1373 formae,
1065 1306 1099 1358 et
1119 1316 1212 1383 argu·
1316 1355 1319 1363 ,

170 1400 289 1480 menti,
303 1415 337 1466 et
350 1401 527 1483 orationis,
548 1418 582 1468 et
599 1400 703 1492 ipsius
718 1399 863 1492 denique
882 1401 980 1466 metri
995 1397 1209 1492 disparilitas,

169 1509 212 1578 tle
223 1534 290 1603 qua
302 1492 516 1602 Morpenstern
532 1516 572 1578 V.
593 1516 630 1580 C.
645 1513 680 1580 in
693 1492 995 1602 singularilibello,
1009 1536 1087 1580 ann.
1106 1514 1210 1594 1803,

169 1617 274 1702 edito,
289 1617 387 1687 docte
401 1620 578 1704 disseruit,
597 1637 631 1688 et
650 1618 701 1690 Ill.
717 1620 936 1702 Eichstadius,
958 1622 994 1687 in
1008 1620 1156 1712 Epistola
1168 1621 1212 1690 ad

171 1734 314 1814 Astiurn,
328 1730 429 1825 hujus
441 1748 622 1804 comment.
637 1732 678 1801 de
691 1733 837 1802 Platonis
850 1731 989 1802 Phaedro
1002 1737 1082 1822 (len.
1100 1735 1211 1821 1801),

169 1843 299 1914 adnexa
319 1871 394 1939 pag.
423 1847 485 1914 168
510 1869 581 1938 seq.
597 1844 756 1939 praeclare
777 1848 822 1914 ita
837 1844 1004 1938 disputat:
1026 1844 1148 1932 «Quod
1168 1843 1212 1912 ad

159 1959 302 2048 fhrmam
316 1960 451 2040 attinet,
464 1957 604 2050 epistola
615 1983 722 2053 quum
734 1975 833 2026 certae
848 1981 1016 2050 personae,
1031 1974 1090 2024 aut
1109 1979 1211 2040 verae,

169 2085 228 2136 aut
239 2069 338 2152 fictae,
349 2070 391 2137 ab
403 2085 540 2138 auctore
554 2071 737 2151 scribatur;
755 2092 894 2138 necesse
907 2084 973 2150 est,
990 2091 1126 2137 omnem
1145 2092 1214 2137 ora·

52 2171 59 2186 '
169 2181 294 2252 tionem
306 2181 462 2273 componi
478 2180 748 2274 conformarique
762 2203 831 2248 non
847 2175 948 2247 modo
962 2178 1005 2246 ad
1018 2177 1137 2270 hujus,
1155 2182 1214 2273 qui

170 2293 317 2384 scripsit,
334 2291 393 2362 sed
405 2294 441 2358 in
453 2294 569 2385 primis
580 2290 624 2359 ad
636 2291 743 2374 illius,
759 2294 813 2358 cui
825 2293 950 2383 scripta
963 2307 1031 2372 est,
1044 2293 1212 2372 animum,

169 2424 297 2484 mores,
323 2417 490 2494 tempora,
512 2419 684 2470 externam
699 2401 944 2484 conditionem
969 2423 1152 2494 earumque
1165 2423 1214 2468 re·

170 2535 245 2580 rum
256 2514 408 2580 omnium
422 2529 549 2581 tantam
562 2517 654 2582 cerni
675 2517 710 2580 in
731 2529 802 2581 toto
822 2514 971 2580 carmine
992 2512 1077 2590 vim,
1092 2525 1130 2576 ut
1145 2532 1214 2576 non

171 2625 274 2714 magis
308 2626 514 2716 argumenti,
540 2647 643 2718 quam
672 2645 894 2715 personarum
928 2622 1012 2688 ratio
1042 2617 1213 2687 habeatur.

141 2723 144 2732 ’
170 2736 300 2800 Horum
317 2733 399 2802 nihil
420 2733 606 2829 quidquam
620 2736 656 2801 in
676 2736 786 2801 satiris
810 2748 970 2825 apparet:
985 2753 1060 2825 quae
1072 2733 1173 2799 etiam
1187 2730 1215 2796 si

208 2934 230 2969 t.
246 2922 327 2970 nJam
341 2939 355 2971 e
370 2921 480 2972 satiricis
491 2920 669 2987 nostratibus,
713 2921 831 2984 citatem,
847 2917 943 2969 nedum
958 2934 1070 2969 acumen
1085 2916 1217 2966 recentio-

170 2999 357 3067 quillomanos
366 3001 463 3070 passim
475 3001 580 3070 sequuti
589 3011 669 3064 sunt,
714 3017 772 3048 rum
784 2999 974 3066 interpretum,
991 2997 1035 3067 qui
1047 3013 1115 3065 supe
1128 3007 1215 3045 tamen

169 3080 285 3148 quique,
297 3095 377 3148 quum
386 3078 421 3129 de
434 3080 513 3132 rebus
526 3079 669 3151 loquantur
685 3113 688 3120 ,
714 3075 773 3147 plus
787 3075 911 3130 viderunt
921 3094 1000 3145 quam
1012 3087 1128 3139 veteres,
1140 3074 1216 3144 peni·

169 3156 323 3228 quotidiano
336 3176 384 3209 usu
395 3159 670 3222 tritis‚lacilioresin·
714 3170 756 3208 tus
780 3158 944 3228 praeterierit.
970 3153 1065 3224 Quid?
1090 3150 1162 3222 quod
1187 3152 1215 3201 in

170 3230 276 3284 tellecta
287 3233 363 3286 nobis
373 3238 426 3286 sint
434 3255 542 3288 necesse
553 3250 601 3302 est,
609 3255 670 3286 con·
715 3233 848 3284 nonnullis
859 3231 923 3284 loris
935 3235 994 3304 plus
1007 3239 1095 3294 sensu,
1105 3249 1157 3281 non
1170 3227 1215 3280 illo

166 3315 270 3382 jecture
292 3331 433 3383 possumus
455 3317 574 3386 assequi,
592 3333 670 3386 quam
714 3311 821 3382 quidem
837 3313 900 3362 satis
914 3311 1061 3382 explicato,
1080 3311 1216 3380 percipere

170 3389 253 3444 multa
267 3392 296 3442 in
309 3393 419 3446 Horatio
433 3409 487 3444 uon
506 3393 605 3458 solum,
624 3411 671 3444 ve·
715 3385 1216 3460 uobisvidemur,quurnvcrbisdecla-

171 3490 228 3524 rum
251 3473 329 3524 etiarn
346 3475 372 3524 in
392 3473 500 3543 reliquis
515 3487 671 3540 occurrant,
715 3488 774 3520 rare
787 3487 936 3538 possumus.
950 3469 1055 3536 Quibus
1070 3480 1157 3518 tamen
1175 3485 1216 3518 re·

171 3569 243 3622 quae,
257 3553 305 3604 etei
318 3552 433 3604 animum
447 3565 566 3604 nostrum
580 3555 605 3602 in
616 3551 672 3603 nul·
715 3547 765 3599 bus
775 3547 948 3619 indagandis,
961 3551 1020 3600 siin
1036 3550 1150 3618 antiquis
1162 3564 1217 3597 mo·

170 3629 222 3686 leur
232 3645 335 3703 partem
347 3631 532 3704 nnnaqnidens
539 3645 673 3696 moveant,
716 3628 838 3680 ulmensis
850 3627 913 3680 nilril
924 3629 970 3694 sit,
983 3646 1036 3699 quo
1047 3628 1151 3686 nitaris,
1160 3644 1215 3678 nou

171 3711 198 3763 in
219 3710 390 3784 popularium
411 3726 512 3766 mentes
534 3731 628 3784 magna
645 3712 672 3762 vi
716 3723 876 3776 magnopere
894 3704 1083 3778 indulgendum
1102 3722 1215 3768 censeo,

172 3789 548 3862 egerint,siquideminipsia
565 3790 671 3856 verbis,
716 3804 749 3836 ne
772 3787 799 3835 in
819 3787 977 3856 ineptiarum
1001 3799 1026 3837 et
1052 3785 1214 3837 somniorum

172 3885 228 3939 quta
237 3868 411 3933 adhibentur,
424 3871 450 3922 io
462 3889 553 3922 eoram
565 3871 635 3922 lleru
644 3881 672 3922 et
716 3883 855 3936 eampum,
868 3867 895 3917 in
906 3882 997 3918 omues
1009 3874 1097 3937 parter
1107 3863 1159 3916 late
1171 3881 1216 3933 pa·

172 3945 348 4015 collocutione
361 3947 448 4021 aliqua
461 3951 499 4003 via
514 3948 597 4006 latere
608 3967 673 4020 pao·
715 3960 831 4013 tentem,
850 3947 994 4021 phantasias
1012 3948 1112 4019 impetu
1132 3943 1216 4008 dedu·
1273 3957 1282 3978 ·

171 4025 221 4092 sit,
237 4045 308 4098 quae,
324 4047 407 4098 quum
427 4047 532 4094 rerum,
552 4028 587 4080 ad
605 4047 671 4102 quas
716 4031 798 4095 caris,
816 4029 887 4082 unde
897 4032 980 4084 exitus
992 4026 1065 4080 haud
1077 4040 1115 4079 est
1130 4027 1160 4077 in
1176 4025 1217 4078 fa·

172 4117 241 4157 tecte
262 4105 374 4159 allusum
386 4111 432 4176 sit,
452 4108 535 4182 ignari
550 4109 672 4176 fuerint,
716 4105 797 4160 cili.»
821 4109 916 4178 Koenig
936 4107 969 4160 de
992 4105 1077 4161 Satira
1095 4107 1214 4159 Romana

172 4181 214 4238 vd
224 4196 341 4240 veterum
350 4186 587 4242 Grammaticorum
600 4205 673 4258 sapa·
716 4205 777 4257 pag.
792 4185 834 4254 95.
