2970 4936
333 702 558 778 sarran
586 701 835 803 Quaere

439 942 732 1028 succursurum.

103 1184 153 1243 Sat
165 1179 426 1248 administrandas
437 1178 630 1262 reipublicae,
645 1191 682 1239 ut
695 1180 893 1242 imdnendae
904 1184 988 1259 vitae,
1002 1183 1114 1245 funda·

69 1293 204 1340 uentum
222 1275 435 1360 philosophia.
453 1275 608 1336 imberbos
619 1295 691 1336 vero
708 1273 928 1338 adolescentuli
947 1281 1116 1364 rempubli-

6 1375 7 1380 ’
69 1400 131 1439 carn
142 1397 299 1459 capessere
312 1397 379 1438 non
393 1374 555 1450 dubitant,
570 1362 665 1435 nrdlis
678 1389 751 1435 ante
763 1376 855 1436 bonis
868 1377 985 1438 artibus
999 1401 1117 1464 praepa·

71 1477 131 1536 rati.
146 1474 267 1534 Scilicet
280 1472 441 1549 homiues,
461 1485 553 1554 atque
572 1473 594 1532 ii
610 1473 806 1555 potissimum
822 1475 934 1555 quibus
948 1475 1056 1537 fucum
1069 1478 1117 1538 fa-

6 1567 7 1570 *
70 1575 149 1634 ciunt
162 1571 301 1631 fortunae
315 1571 401 1631 bona
415 1583 447 1630 et
460 1569 640 1644 adulantes,
662 1570 695 1629 in
714 1591 783 1629 eam
800 1572 983 1652 opinionem
996 1571 1118 1634 facilius

72 1670 273 1745 inducuntur,
287 1681 323 1728 ut
336 1689 398 1729 sese
409 1689 503 1751 supra
517 1680 642 1728 caeteros
656 1667 790 1727 eminere
804 1681 931 1748 putent,
952 1668 1000 1729 vel
1019 1692 1118 1752 quum

6 1803 7 1806 =
73 1767 146 1829 intra
175 1767 406 1828 humanitatem
430 1767 614 1849 turpissimis
643 1765 866 1847 cupiditatibus
893 1765 1118 1849 deprimantur.

6 1887 8 1926 3
74 1863 155 1926 Nulla
169 1864 233 1926 alia
246 1886 280 1925 re
291 1877 417 1947 praestat
427 1862 551 1924 homini
562 1861 676 1936 homo,
691 1883 787 1943 quam
799 1862 897 1922 animi
909 1863 1085 1925 virtutibus.

107 1965 178 2024 llaee
189 1962 336 2023 disserere
348 1963 504 2023 Socratem
520 1981 592 2020 cum
610 1959 768 2020 Alcibiade
782 1958 987 2036 collocutum,
995 1959 1119 2043 juveni-

6 2113 8 2132 s
73 2081 127 2141 que
136 2059 314 2143 snperbiam
325 2059 428 2141 lepida
441 2058 542 2118 ironia
557 2056 720 2117 retundere
731 2041 825 2138 fingit
835 2070 943 2138 poeta,
952 2059 1041 2138 quasi
1050 2059 1119 2120 Pla-

6 2195 8 2244 3
75 2169 177 2217 sonem
188 2170 319 2216 secutus.
333 2159 372 2216 At
382 2177 456 2216 vero
468 2154 636 2215 Alcibiadis
649 2176 782 2236 persona
793 2153 883 2214 illum
896 2157 999 2237 ipsum
1010 2177 1120 2238 reprae-

6 2275 8 2292 ²
76 2255 184 2313 sentan'
194 2253 385 2335 Principem,
395 2273 459 2334 quo
470 2252 636 2333 imperium
648 2255 772 2312 incunte
781 2252 901 2334 scripsit
910 2252 1045 2328 Persius,
1056 2275 1119 2314 non

6 2349 8 2364 '
77 2350 136 2409 sine
149 2371 240 2411 cansa
253 2349 405 2410 creditum
419 2361 472 2409 est.
493 2347 631 2408 Similior
644 2351 728 2409 enim
743 2349 889 2424 Neronis,
908 2369 1003 2430 quam
1021 2349 1119 2432 cujus-

78 2465 169 2524 quam
180 2444 337 2520 alius,illa
348 2445 451 2525 imago
460 2444 581 2525 politici
592 2445 837 2524 ganeonis‚quae
846 2441 897 2502 hic
907 2444 1119 2507 adumbratur.

341 2931 568 3008 SATIRAE
595 2929 844 3034 QUARTAE

495 3159 689 3212 ANALYSIS.
708 3226 711 3232 ¹

114 3383 158 3444 Sic
168 3402 256 3465 agere
266 3401 339 3442 cum
348 3380 507 3442 Alcibiade
517 3382 671 3442 Socratem
681 3382 858 3462 putandum
867 3397 927 3442 est:
943 3385 1122 3467 Rempubli·

6 3543 7 3552 ἦ
80 3501 142 3542 cam
154 3481 280 3563 suscipis
295 3478 590 3554 administrandam
611 3479 724 3538 scilicet
741 3478 861 3562 politici
876 3479 978 3554 dotes,
998 3486 1040 3542 ait
1059 3485 1121 3546 iro·

82 3579 155 3655 nice,
167 3579 224 3638 tibi
234 3592 390 3640 venerunt
402 3591 474 3639 ante
485 3599 603 3653 annos,
617 3593 648 3637 et
661 3577 743 3659 potis
755 3598 786 3638 es
798 3571 907 3638 munia
918 3582 1038 3660 exsequi
1052 3602 1122 3642 ora-

82 3676 147 3734 toris
155 3687 244 3756 atque
253 3676 467 3758 magistratus,
483 3697 513 3752 ι,
530 3675 573 3736 13.
589 3709 628 3720 -
641 3674 756 3734 Desine
769 3675 864 3754 igitur
873 3672 952 3733 velle
963 3691 1034 3735 ame
1047 3691 1121 3738 tcm-

6 3837 7 3854 1
81 3773 293 3855 pospopulum
302 3795 421 3856 regere,
431 3786 461 3834 et
471 3795 564 3855 quam
575 3773 715 3856 primum
725 3793 799 3833 sana
809 3785 954 3833 mentem.
968 3774 1123 3856 Sapientia

6 3937 8 3952 ζ
82 3871 161 3928 enim
173 3871 204 3931 in
216 3885 247 3933 te
260 3871 349 3933 nulla
364 3884 424 3949 est,
438 3893 541 3954 neque
553 3893 627 3933 vera
640 3872 726 3932 bona
739 3872 838 3952 magis
852 3869 1012 3953 intelligis,
1027 3894 1121 3953 quam

6 3965 8 4054 ᾗ
108 3964 1124 4051 plebeculavilissimusquisque,14,sa.-Tumpraeceptorprae-

6 4055 8 4070 l

106 4084 208 4126 nocem
218 4067 481 4130 adolescentulum
494 4087 556 4147 quo
568 4067 678 4126 certius
693 4067 740 4126 sui
755 4065 939 4142 admoneat,
954 4064 1011 4125 hac
1025 4069 1124 4148 tangit

106 4159 265 4226 dlidissima
275 4165 398 4227 dicendi
410 4166 531 4226 ratione
542 4187 550 4223 :
563 4165 605 4224 Ut
614 4183 707 4224 nemo
717 4184 779 4226 sese
792 4164 855 4246 ipse
865 4162 967 4223 novit!
981 4163 1027 4220 Tu
1038 4162 1123 4222 vide·

924 4285 973 4327 10.
