3054 4932
408 401 477 470 658
855 398 1004 464 INDEX

405 526 485 587 Edit.
499 525 600 584 Groev.
610 524 721 584 Latent
732 520 827 583 hodie
835 519 900 604 ejus
910 523 997 606 Noto
1013 523 1045 582 in
1057 519 1203 583 Biblioth.
1215 523 1304 604 Regis
1313 523 1414 606 Aegiis,

404 641 474 706 qure
488 615 624 682 Londini
642 633 695 682 est.
965 649 969 656 ι

442 722 495 781 111.
510 721 718 781 Enrnrmrnns
731 721 1010 794 Eiurnnorerrne,
1027 732 1066 779 ut
1080 739 1115 778 ex
1129 719 1261 780 laudatis
1276 719 1416 780 Cessuboni

401 815 545 901 Epistolis
556 829 695 899 apparet-

439 916 492 975 Ν.
505 914 664 974 Ocrrvrns
677 913 871 987 Frnmnrue,
886 924 922 972 ut
933 911 1045 974 fatetur
1058 910 1154 972 Elect.
1167 913 1212 986 11,
1232 910 1277 988 ¹4·

441 1012 478 1071 V.
490 1013 622 1071 Tirones
633 1009 735 1086 Gerr,
745 1007 879 1090 Anglus,
889 1009 945 1091 qui
953 1020 1006 1084 ,ut
1016 1007 1123 1084 audio,
1136 1007 1305 1069 meditatur
1314 1023 1388 1070 notes
1397 1010 1417 1068 in

401 1110 485 1172 hunc
501 1110 639 1172 Poenus.

441 1211 492 1270 vl.
505 1195 707 1282 Pmnsonrns,
722 1205 941 1280 Jurisconsulti
955 1206 1143 1270 celeberrimi
1155 1221 1185 1269 et
1194 1208 1357 1270 doctissimi
1369 1207 1420 1288 Epi·

401 1310 487 1391 scopi
502 1303 611 1384 freter,
625 1304 712 1388 cujus
722 1306 1051 1370 Animadvemionesin
1060 1306 1144 1368 hunc
1152 1321 1274 1389 poetam
1283 1354 1292 1384 ,
1301 1321 1333 1366 ut
1343 1309 1419 1381 aiunt,

401 1406 500 1468 latent
512 1404 597 1488 apud
611 1403 820 1479 Stendlaeum‚
838 1401 987 1464 Londini.

440 1505 506 1564 vll.
522 1504 708 1566 Hmnrrnns
725 1503 893 1578 Vienems,
911 1501 998 1583 cujus
1012 1515 1104 1562 notas
1124 1501 1208 1584 apud
1225 1500 1323 1583 AEgid.
1340 1501 1418 1560 Mens-

402 1602 489 1683 flium
501 1614 619 1661 exstare
632 1599 736 1662 tudio.
968 1627 970 1630 ·

440 1701 554 1762 Praeter
565 1719 633 1775 eos,
647 1719 726 1780 quos
744 1698 922 1760 Henninius
934 1697 1090 1773 laudavit,
1105 1696 1267 1758 Juvenalis
1285 1697 1418 1757 editionem

399 1809 569 1882 pararunt:

440 1897 522 1957 V111.
539 1898 586 1955 Jo.
605 1897 837 1970 Bonnrnortns,
859 1893 945 1976 cujus
959 1907 990 1954 et
1003 1893 1097 1953 Hadr.
1118 1893 1229 1958 Valerii
1241 1906 1325 1954 notas
1335 1892 1368 1952 ad
1382 1893 1418 1950 Ju-

399 1992 541 2054 venelem
554 2005 584 2052 et
602 1991 741 2056 Persium
754 1992 787 2050 in
799 1991 900 2052 lucem
913 1990 1091 2073 prodituros
1112 1991 1238 2051 Parisiis
1254 1990 1364 2072 scripsit
1375 1989 1417 2047 Jrr.

400 2089 574 2151 Bernsrdus
586 2091 619 2149 in
634 2088 768 2149 Novellis
780 2088 867 2170 Reip.
886 2087 1030 2149 literaria)
1047 2109 1121 2149 ann.
1139 2108 1232 2169 1700,
1247 2100 1270 2147 t.
1286 2088 1314 2162 Ι,
1332 2109 1359 2168 p.
1372 2085 1418 2163 357·

440 2185 492 2246 tx.
505 2187 571 2246 Jrc.
584 2188 780 2262 Tnorrtsms,
791 2205 809 2244 e
821 2205 883 2265 quo
896 2196 979 2246 certe
990 2182 1175 2245 Juvennlem
1186 2205 1259 2244 cum
1272 2182 1335 2244 cod.
1344 2182 1419 2244 nse

400 2293 501 2343 vetere
514 2280 649 2342 editione
665 2279 815 2342 collatum
829 2303 905 2355 esse,
919 2280 1048 2341 tradunt
1060 2294 1201 2340 auctores
1214 2277 1419 2364 Ephemeridun

400 2379 625 2455 limenorum,
643 2398 712 2462 qure
731 2378 916 2441 Germanice
929 2377 1018 2438 editae
1038 2389 1110 2438 sunt
1123 2380 1205 2460 Lips.
1229 2400 1318 2460 1710,
1334 2399 1360 2458 p.
1373 2373 1418 2435 603.

441 2479 479 2537 X.
504 2477 543 2537 D.
571 2475 780 2538 Cnnrsrrsnoe
805 2475 957 2550 Rmrznu,
976 2475 1031 2556 qui
1052 2475 1086 2534 in
1108 2475 1253 2534 animum
1274 2473 1419 2542 induxerat,

401 2572 586 2637 iuvenalem
600 2593 759 2634 receneere
770 2571 812 2632 ad
823 2571 916 2632 fidem
930 2570 1019 2632 codd.
1032 2571 1114 2634 MSS.
1127 2583 1158 2632 et
1173 2572 1299 2641 Hofniae
1312 2591 1372 2630 cnm
1381 2585 1419 2628 no·

402 2675 441 2734 tis
457 2671 554 2732 edere.

442 2770 494 2830 ΧΙ.
518 2771 565 2830 Jo.
590 2769 704 2829 Gorrt..
730 2769 805 2830 Sin.
828 2767 996 2841 Sounion,
1018 2765 1126 2827 doctus
1145 2765 1271 2828 Phredri
1298 2765 1418 2826 editoret

401 2865 517 2944 Scholae
529 2864 605 2924 olim
617 2864 849 2924 Buttstadiensis
862 2864 987 2938 Rector,
1007 2883 1093 2924 nunc
1109 2864 1276 2945 Gymnnsii
1291 2860 1419 2922 Vinarien·

401 2965 442 3024 sis
457 2965 639 3037 Conrector,
651 2963 705 3043 qui
713 2961 780 3042 jam
792 2963 918 3022 xxxv1
931 2960 1045 3024 abhinc
1059 2964 1150 3024 annis
1162 2983 1281 3024 novam
1297 2954 1419 3022 Juvenrlis

402 3060 568 3124 editionem
582 3059 705 3142 publice
726 3059 925 3143 promiserat,
946 3060 998 3122 sed
1012 3081 1105 3122 omne
1119 3060 1186 3142 jam
1204 3062 1324 3123 dudum
1340 3053 1420 3136 abjecit

402 3157 575 3220 consilium.
599 3157 646 3216 De
667 3152 733 3239 ejus
753 3171 905 3238 apparatu
928 3159 1034 3218 critico
1055 3158 1127 3220 vide
1151 3179 1260 3242 supra,
1290 3159 1321 3218 in
1342 3152 1419 3216 lndirt

402 3254 501 3317 Codd.
518 3255 619 3341 MSS.¹
692 3305 700 3314 .

441 3353 508 3416 ΧΗ.
528 3352 678 3427 Gnrnrn,
694 3349 934 3412 Jurisconsultns
951 3351 1173 3436 eruditissimus
1193 3365 1223 3412 et
1246 3351 1327 3414 Prof.
1344 3346 1417 3410 nilon.

402 3450 456 3531 qui
476 3449 531 3508 diu
546 3448 612 3531 jam
633 3452 666 3510 in
688 3449 840 3510 Juvenale
853 3449 975 3511 edendo
990 3449 1151 3511 laboravit
1169 3485 1208 3498 -
1225 3454 1342 3512 Noram
1360 3460 1419 3506 nunt

401 3543 556 3606 Juvenalis
572 3545 742 3608 editionem
757 3546 949 3609 meditantur
964 3545 1087 3626 Gurlitt,
1106 3547 1191 3608 Prof,
1211 3561 1242 3607 et
1255 3549 1316 3606 Dir.
1334 3539 1416 3604 Jobefl·

401 3643 573 3725 Hamburg.
594 3645 632 3703 D'
656 3644 762 3706 Theol.
783 3644 941 3722 Heinrich,
963 3645 1047 3706 Prof.
1073 3644 1134 3706 Kil.
1162 3643 1321 3717 Heinecke,
1338 3643 1419 3700 Rector

400 3737 518 3832 Scholae
536 3739 708 3823 Perleberg.
728 3753 775 3817 et,
790 3742 874 3824 quod
889 3762 973 3802 nunc
991 3743 1114 3818 rescivi,
1132 3743 1251 3817 Moeno,
1274 3737 1348 3800 Prof.
1363 3734 1418 3792 Vn·

400 3836 500 3900 rislav.

304 4003 307 4008 ¹
440 3935 510 3996 Alia
528 3934 661 4012 inedita,
678 3955 748 4018 quae
769 3934 809 4018 od
830 3935 1015 4012 iuvenalem
1035 3936 1257 3998 illustrandum
1275 3931 1417 4018 pertinent,

293 4109 298 4122 ι
399 4045 493 4095 suntt
519 4033 545 4090 1⁸
568 4031 784 4095 Observationes
802 4033 937 4116 quedam
957 4033 1036 4094 Frid.
1062 4035 1233 4110 antmert'
1250 4028 1437 4115 memet-
