2970 4936
339 444 401 511 156
507 447 662 514 VARIAE
685 447 957 513 LECTIONES
981 450 1044 513 ET
1067 447 1201 514 NOTAE

332 579 382 628 sim
391 595 422 629 ac
432 581 541 650 sapius,
551 581 578 630 in
587 580 721 650 sapientie
731 579 843 648 insignia
856 577 900 630 illa
913 579 1016 630 barbam
1027 593 1053 630 et
1062 579 1132 651 pilos
1142 581 1233 632 festive
1242 581 1383 648 jocantur.

333 653 471 708 Athenaeus
485 656 531 712 lib.
544 657 617 724 XIII,
631 659 668 708 ait
678 655 822 708 Alexandri
836 668 939 707 tantum
954 657 1050 710 saeculo
1064 658 1167 709 barbam
1181 656 1290 710 radendi
1303 658 1383 708 inve-

281 791 284 798 ,
330 746 403 787 ctum
413 754 470 790 esse
479 756 595 804 morem,
606 755 637 788 ac
644 735 765 788 derasam
773 737 876 788 barbam
884 735 1007 808 flagitiosi
1015 735 1131 790 hominis
1142 751 1232 790 notam
1239 739 1383 789 exstitisse.

330 812 398 866 Vide
410 817 479 868 infra
492 817 606 870 advers.
622 817 735 884 35-41.
747 845 782 856 -·
793 818 905 870 Sorbitio
920 816 1081 888 tollitquem
1093 819 1151 869 dira
1162 818 1265 878 cisum
1278 817 1383 868 Plinius

329 895 393 963 Maj.
413 895 479 948 Hist.
494 899 555 949 Nat.
569 898 653 962 XXV,
668 908 730 948 sect.
747 896 798 966 95:
817 898 928 948 tCicuta
947 914 1078 949 vencnum
1096 909 1150 964 est,
1167 894 1277 966 publica
1295 894 1385 947 Athe-

330 974 461 1027 niensium
474 996 585 1049 poens.·
608 977 651 1028 Ad
669 977 784 1029 cicutam
806 990 895 1028 autem
912 975 1066 1028 damnatum
1084 977 1167 1028 fuisse
1183 977 1339 1040 Socratem,
1357 989 1384 1026 et

330 1067 411 1121 quem
421 1055 526 1127 iniquas
537 1055 572 1108 ob
583 1073 689 1121 causas,
698 1055 772 1106 testis
780 1068 819 1106 est
827 1056 914 1106 omnis
924 1057 1083 1125 antiquitas3
1094 1053 1164 1106 unde
1172 1053 1382 1124 Seneca,Epist.

333 1130 381 1183 13:
399 1136 511 1188 «Cicuta
521 1153 647 1206 magnum
660 1135 794 1188 Socratem
808 1136 904 1187 lecit.»
920 1163 955 1174 -
968 1135 1094 1196 Sorbitic;
1109 1153 1191 1205 grace
1205 1129 1314 1202 ῥὸφισις,
1331 1151 1383 1184 vox

329 1212 517 1266 usitatissimas
529 1213 666 1281 Phaedrus,
677 1216 688 1265 I
696 1253 705 1280 ,
719 1213 766 1281 25,
779 1213 809 1282 53
821 1213 887 1267 Plin.
901 1215 965 1284 Maj.
977 1216 1044 1266 Hist.
1056 1216 1118 1266 Nat.
1131 1215 1216 1279 XXII,
1232 1212 1290 1282 157.

364 1316 431 1368 Nor.
452 1319 476 1370 3.
492 1320 550 1389 Quo
560 1320 663 1392 fiebat
676 1321 717 1372 dic
732 1321 795 1385 boc,
810 1320 902 1392 mapni
914 1317 1021 1392 pupille
1035 1319 1141 1372 Pericli.
1155 1349 1191 1360 -
1205 1319 1263 1388 Quo
1274 1319 1384 1390 frenas?

330 1393 426 1466 quibus
434 1397 543 1451 tandem
556 1400 671 1453 confisus
682 1399 801 1452 artibus?
815 1398 859 1466 inp
871 1396 1003 1461 currerim
1019 1399 1069 1452 sub
1081 1400 1185 1455 initium
1196 1400 1279 1450 Prior.
1291 1397 1382 1450 Alcib.

327 1473 455 1530 Platonis.
467 1507 503 1517 -
514 1479 564 1531 Dic
576 1480 638 1542 boc,·
650 1479 730 1551 plena
742 1495 781 1532 est
791 1481 964 1550 interrogatio
974 1476 1154 1546 contumelia,
1164 1491 1190 1530 et
1199 1495 1258 1549 quse
1266 1479 1384 1530 maxime

327 1552 404 1606 Iaedat
416 1557 560 1629 superbum
575 1558 616 1611 vel
628 1558 822 1625 Dinomaches,
840 1557 882 1611 vel
897 1560 1051 1631 Angppinae
1066 1557 1158 1609 lilium.
1177 1557 1262 1609 Tacit.
1282 1557 1382 1608 Annal.

328 1633 402 1702 XIII,
417 1637 449 1688 6:
470 1639 573 1707 ulgitur
590 1638 618 1688 in
636 1637 702 1689 urbe
719 1657 870 1692 sermonum
888 1637 977 1705 avida,
994 1634 1221 1709 quemadmodum
1236 1638 1384 1708 princeps,

327 1714 368 1764 vix
383 1715 572 1786 septemdecim
587 1735 672 1768 annos
685 1735 821 1786 egressus,
835 1719 970 1788 suscipere
982 1736 1042 1769 eam
1056 1714 1153 1768 molem
1164 1729 1210 1767 aut
1221 1714 1384 1786 propulsare

326 1809 432 1864 posset,
444 1797 516 1868 quod
527 1797 674 1850 subsidium
686 1800 714 1850 in
724 1818 771 1865 eo,
782 1800 827 1870 qui
838 1817 854 1849 a
862 1798 964 1850 femina
976 1811 1123 1868 regeretur3
1135 1814 1200 1849 num
1208 1796 1300 1868 puelia
1310 1815 1383 1868 quo·

328 1891 380 1944 que
390 1889 416 1926 et
425 1877 638 1948 oppugnationes
647 1876 753 1928 urbium
760 1891 786 1928 et
794 1890 887 1929 caetera
896 1875 960 1929 belli
968 1895 1017 1948 per
1024 1877 1193 1946 magistratus
1201 1873 1383 1926 administrari

326 1968 450 2023 possent,
463 1956 672 2028 anquirebant-
688 1985 724 1996 -
740 1958 837 2028 Maqni
846 1955 953 2028 pupille
969 1954 1068 2008 Pericli
1072 1977 1082 2016 ,·
1096 1953 1192 2005 dicitur
1204 1952 1286 2006 latine
1303 1956 1383 2006 Peri-

328 2031 392 2100 cles,
405 2035 438 2101 is,
456 2049 483 2086 et
495 2035 640 2101 Periclem,
652 2036 690 2101 ei,
703 2037 780 2088 sicuti
792 2036 895 2106 Ulysses
904 2049 930 2086 et
941 2034 1064 2106 Ulyssem
1069 2057 1078 2096 ,-
1088 2031 1272 2085 contrahendo
1282 2033 1384 2086 Pericli

326 2129 377 2180 pro
390 2114 510 2166 Periclei.
524 2115 634 2186 Mapni,·
649 2114 709 2166 ride
723 2114 856 2166 Plutarch.
870 2116 896 2164 in
908 2115 963 2165 vita
976 2112 1097 2178 Periclis,
1114 2129 1153 2164 12.
1167 2111 1291 2183 Pupille,·
1304 2113 1382 2165 scili-

327 2202 370 2240 cet
381 2189 495 2258 Cliniae,
510 2190 655 2244 Alcibiadis
666 2205 752 2263 pater,
766 2192 909 2258 Periclem,
925 2193 1053 2264 Xantippi
1065 2190 1165 2257 filium,
1178 2204 1295 2244 tutorem
1305 2192 1383 2246 Alci-

326 2267 398 2320 biadi
406 2269 519 2343 reliquit.
534 2271 667 2324 Plutarch.
679 2275 707 2324 in
719 2275 773 2324 rita
783 2272 940 2339 Alcibiadis,
956 2289 982 2336 t;
994 2273 1084 2340 Plato,
1097 2270 1240 2324 Alcibiadis
1254 2273 1315 2342 ipso
1328 2273 1381 2323 ini·

326 2349 372 2400 tio.
383 2350 450 2402 Vide
462 2352 623 2423 quambene
635 2355 794 2405 conveniant
804 2351 858 2406 haec
872 2354 959 2404 omnia
972 2353 1087 2420 Neroni,
1099 2353 1149 2403 etsi
1160 2351 1312 2404 nominibus
1327 2353 1382 2406 dis·

327 2431 470 2500 simulata,
500 2451 578 2506 quem
599 2435 678 2486 etiam
699 2434 834 2507 pupillum
855 2429 970 2486 ro'cabut
991 2431 1125 2484 irridendo
1149 2433 1269 2503 Popptea.
1290 2432 1381 2484 Tacit.

328 2510 434 2564 AnnaII.
448 2513 518 2580 XIV,
534 2529 555 2564 ι.

360 2618 430 2668 Nor.
450 2617 475 2682 4.
492 2616 597 2670 Scilicet
607 2619 742 2689 inpertiam
756 2628 782 2668 et
795 2636 881 2670 rerum
894 2617 1034 2688 prudentia
1047 2614 1122 2667 velox
1133 2615 1203 2668 Ante
1214 2615 1284 2688 pilos
1294 2618 1380 2669 uenit.

326 2727 362 2735 -
372 2695 490 2758 Scilicet;
506 2695 634 2768 particula
645 2697 735 2747 ironiae
750 2699 894 2766 aptissima.
908 2697 1011 2746 Ironice
1025 2708 1115 2747 autem
1128 2693 1173 2746 hic
1186 2713 1277 2747 versus
1288 2694 1381 2765 legen-

327 2775 378 2826 dus
388 2789 440 2838 est,
455 2794 504 2826 nec
515 2794 569 2826 non
581 2776 627 2845 qui
639 2787 789 2845 sequuntur
798 2773 832 2826 ed
843 2774 975 2827 decimum
988 2776 1102 2826 tertium.
1117 2775 1215 2826 Notum
1225 2777 1295 2827 enim
1306 2775 1382 2827 illam

326 2857 439 2906 ironiam
451 2855 566 2906 Socraus
578 2867 669 2906 noster
681 2868 788 2906 secutus
803 2867 851 2907 est.
864 2885 900 2894 —
913 2856 1071 2926 Inpendam
1087 2873 1141 2906 non
1156 2856 1263 2926 proprie
1280 2854 1382 2908 iutelli-

324 2933 455 3003 gendum,
469 2933 606 3008 ingenium
620 2936 704 3001 enim,
719 2933 833 2986 simodo
848 2948 948 2986 naturae
960 2933 1062 2986 donum
1077 2937 1124 2999 sit,
1139 2946 1201 2986 ante
1209 2932 1278 3004 pilos
1292 2935 1383 2985 uenite

326 3026 466 3082 potuerat;
482 3012 604 3065 doctrina
621 3032 685 3065 vero
705 3026 731 3065 et
750 3032 802 3066 usu
820 3013 1003 3080 elaboratum,
1016 3031 1073 3065 non
1088 3024 1185 3084 potest.
1201 3011 1278 3064 Orid.
1293 3013 1382 3065 Meta·

328 3093 510 3164 morphoseon
523 3093 575 3158 vl,
591 3109 640 3161 ²9:
732 3165 830 3209 ,mm
839 3169 963 3209 „mmm
972 3166 1000 3207 ab
1012 3164 1080 3206 annis.

328 3271 362 3282 -
372 3245 468 3295 Iterum
478 3244 632 3315 prudentia5
644 3262 732 3295 rerum
744 3246 876 3310 omnium,
888 3245 1004 3298 civilium
1012 3261 1075 3296 vero
1087 3243 1231 3312 imprimis,
1245 3243 1381 3311 cognitio,

327 3341 384 3394 que
398 3339 508 3376 vocatur
526 3324 630 3376 Platoni
644 3338 671 3376 et
684 3325 819 3378 Aristoteli
832 3324 937 3378 ssimae
956 3322 1041 3390 rixrr,
1059 3320 1169 3390 diturus,
1187 3317 1321 3389 irrutiles,
1337 3321 1381 3374 vel

326 3404 480 3476 simpliciter
490 3401 606 3456 simunt.
617 3433 652 3443 -
663 3405 691 3458 V
687 3404 761 3466 elax5
773 3407 898 3457 convenit
909 3424 970 3456 cum
982 3413 1044 3456 ante
1053 3402 1122 3474 pilos
1133 3402 1211 3454 venit.
1224 3399 1379 3454 Alcibiades

326 3485 418 3554 viginti
430 3497 533 3537 tautum
541 3502 625 3536 annos
633 3497 725 3550 natus,
734 3486 806 3536 Nero
818 3484 949 3537 decimum
960 3485 1101 3554 septituum
1112 3481 1231 3534 nondum
1244 3499 1382 3551 egressus,

327 3581 379 3614 rem
389 3563 483 3635 populi
495 3574 604 3616 tracmre
614 3578 760 3633 coeperunt.
775 3565 852 3616 Unde
865 3563 937 3635 apud
948 3563 1099 3631 Plutonem,
1111 3560 1256 3614 Alcibiadis
1267 3561 1319 3612 snb
1331 3563 1380 3612 ini·

325 3643 406 3694 tium:
426 3667 436 3690 a
447 3641 493 3694 siau
504 3641 551 3712 alpe
561 3641 701 3694 infatuata·
713 3641 753 3694 sel
764 3643 825 3699 oete
838 3642 868 3697 eir
878 3639 912 3695 rai
921 3643 1008 3696 dimas
1016 3641 1056 3694 sei
1067 3641 1101 3695 rai
1112 3641 1189 3692 Desa
1200 3639 1380 3712 (arbitrabaris

326 3737 420 3792 nempe
429 3721 470 3774 vel
481 3724 508 3774 in
516 3721 631 3794 pueritia
640 3723 738 3776 novisse
746 3723 810 3796 quid
821 3725 854 3775 sit
865 3740 982 3794 equum,
995 3723 1061 3796 quid
1074 3720 1219 3796 iniquum).
1231 3718 1310 3773 Unde
1321 3720 1379 3772 haec

327 3801 443 3854 Persius.

361 3912 431 3961 Nor.
447 3909 471 3962 5.
483 3909 601 3962 Dicenda
611 3910 771 3982 tacendaque
781 3909 866 3964 calles.
878 3941 912 3950 —
921 3909 1046 3982 Intelligit
1059 3929 1117 3962 eam
1131 3909 1297 3981 potissimum
1312 3924 1378 3976 pru-

327 3989 458 4053 dentiam,
472 4009 529 4061 quae
542 3992 658 4042 cernitur
667 3993 694 4041 in
705 4005 762 4043 arte
771 3989 885 4042 dicendi.
895 3989 1052 4058 Quintilian.
1065 3991 1178 4042 Institut.
1190 3989 1265 4040 Orat.
1277 3987 1316 4048 II,
1329 4003 1378 4048 ao,

329 4069 373 4119 ssi
387 4087 536 4122 consonare
552 4070 600 4122 sibi
615 4073 641 4121 in
656 4069 784 4122 faciendis
799 4082 824 4120 et
840 4089 894 4121 non
910 4069 1040 4122 faciendis
1054 4068 1157 4121 virtutis
1176 4078 1228 4131 est,
1244 4083 1301 4134 quae
1316 4081 1379 4134 pers

328 4146 383 4213 ejus
393 4149 533 4220 prudentia
546 4163 668 4218 vocatur,
681 4149 773 4202 cadem
785 4151 812 4202 in
824 4149 938 4203 dicendis
950 4163 976 4203 et
989 4147 1167 4202 nundinandis
1180 4146 1235 4198 erit.
1249 4167 1260 4191 s
1274 4172 1308 4184 -
1322 4138 1380 4193 Cal-
