3176 4954
468 445 533 510 nx
556 445 700 512 niuno
724 447 795 511 xri
820 447 966 513 surra
1175 453 1236 537 371

683 575 753 638 XV.

199 682 262 751 Hic
272 678 332 748 ubi
343 700 556 761 consessum,
572 679 744 775 pellesque
757 683 840 750 utin
852 681 969 750 ordine
983 697 1094 750 tentae.

199 881 609 978 Qtriinlauinalaouque.
678 796 766 860 m

600 1091 838 1116 WMUWUWW}

355 1241 431 1358 ux
457 1241 619 1319 ursio
644 1243 729 1318 xri
756 1241 1089 1320 sarretauu.

709 1437 733 1498 l.

201 1544 289 1609 Huic
300 1541 427 1608 homini
439 1543 612 1626 Quaestore
623 1540 737 1636 aliquo
749 1565 822 1610 esse
834 1565 919 1636 opus
932 1556 1033 1636 atque
1047 1543 1209 1635 chorago,

202 1649 384 1720 Publicitus
396 1653 455 1744 qui
468 1659 515 1717 mi
526 1668 627 1745 atque
638 1654 760 1744 Episeo
771 1650 921 1744 praebeat
933 1676 1065 1719 aurum.

704 1762 746 1829 11.

203 1875 303 1938 Hunc
312 1867 396 1964 juga
407 1867 719 1962 mulorum'protelo
731 1870 854 1939 ducere
866 1889 1002 1939 centnm

203 1989 278 2053 Non
290 1999 442 2078 possunt.
694 2079 741 2144 ΠΙ

204 2190 358 2256 Firmiter
369 2187 448 2269 hoc,
460 2189 653 2281 pariterque
667 2204 724 2254 tuo
737 2189 779 2254 sit
790 2203 924 2280 pectore
936 2187 1053 2255 fixum.

698 2300 754 2364 IV.

207 2411 350 2500 Insignis
362 2411 450 2475 voris
466 2424 516 2476 est
530 2407 684 2474 cruribus
696 2424 797 2502 atque
810 2405 929 2500 petilis.

706 2523 745 2583 V.

205 2628 335 2714 Quibus
347 2627 511 2696 fructibus
524 2651 578 2694 me
590 2626 762 2695 decollavi.

411 2803 414 2811 ι
639 2757 640 2764 ’
698 2741 755 2806 VI.

207 2838 371 2901 Assensus
384 2856 461 2900 sum
473 2832 611 2900 homini.

240 3021 300 3071 XV.
308 3019 411 3072 Nonius
424 3039 429 3068 ι
443 3018 536 3084 Teuta,
544 3037 594 3089 pro
603 3039 609 3068 :
619 3030 708 3088 exten·
787 3019 882 3070 I.Non.
893 3017 1049 3084 Publitritus,
1058 3036 1108 3088 pro
1120 3039 1126 3068 ι
1136 3017 1250 3087 publice.

207 3117 242 3152 sa.
252 3100 387 3164 Forsitan,
398 3097 440 3149 hic
452 3098 496 3149 ubi
504 3115 567 3168 pro:
581 3097 642 3150 dinc
652 3097 705 3149 ubi.
787 3097 818 3148 II.
831 3099 951 3150 Nonius:
965 3096 1098 3150 ProteIare
1107 3115 1197 3150 rursus
1207 3098 1253 3150 ad·

242 3177 434 3229 xv1.1t0nius
454 3197 461 3226 ι
483 3176 591 3228 latrina
611 3192 707 3248 genere
748 3175 850 3245 juvare.

208 3255 352 3321 feminino,
372 3265 397 3305 et
412 3267 450 3306 ost
470 3253 614 3321 lavatrina,
635 3253 708 3324 quod
787 3256 830 3306 III.
838 3257 953 3306 NonIus:
962 3255 1146 3327 dimiterfflro
1155 3276 1161 3305 :
1170 3256 1252 3308 firme.

209 3349 279 3384 nunc
291 3331 415 3386 balneum
425 3331 530 3386 dicitur.
543 3333 709 3388 Iavauinam
788 3333 834 3385 lv,
852 3335 956 3388 Nonius
974 3353 980 3384 ε
997 3333 1112 3386 Peritum
1127 3347 1209 3388 tenus
1228 3350 1254 3388 et

207 3413 261 3466 sive
284 3425 420 3466 contracte
443 3410 564 3465 Iatrinem
585 3408 709 3463 balneum
753 3410 828 3465 exile.
841 3411 1254 3481 GlossaelsidousPetiliter,do·

207 3495 315 3544 Veteres
335 3492 474 3546 vocabant.
490 3490 577 3544 Gloss.
596 3489 709 3556 latrina,
754 3492 843 3556 misse,
858 3491 943 3545 diuise.
1256 3549 1262 3565 ἱ

206 3575 312 3641 λουτρῶν.
332 3576 417 3625 Varro
436 3571 469 3627 do
491 3574 593 3643 lingue
618 3574 711 3628 Latine
790 3573 821 3622 V.
839 3571 996 3638 Diomedes,
1012 3572 1060 3626 ab.
1078 3575 1088 3624 I
1105 3595 1111 3624 ι
1129 3573 1254 3642 Deodllo,

207 3653 235 3706 in
248 3652 293 3706 lib.
308 3653 367 3706 VIII
381 3673 388 3702 =
408 3674 419 3700 ιι
431 3651 530 3704 Eadem
544 3653 647 3704 ratione
659 3651 710 3703 do-
755 3650 900 3703 decollavi:
912 3650 1083 3704 hocverhnrn
1096 3653 1168 3724 apud
1177 3656 1257 3708 Vete-

208 3735 244 3786 ni
257 3749 310 3787 suto
326 3735 438 3805 quisque
452 3733 499 3784 ubi
515 3733 634 3797 lavetur,
651 3731 710 3784 bal·
755 3749 796 3782 res
804 3729 909 3802 decipio
921 3731 1060 3803 significat.

210 3831 288 3866 neum
298 3813 393 3866 dixerit
408 3835 414 3864 :
428 3826 451 3865 et
465 3813 538 3886 quod
550 3832 606 3866 non
620 3825 711 3878 erant,
791 3813 834 3863 VI.
849 3812 1011 3878 Priscianus,
1023 3813 1069 3865 lib.
1082 3814 1141 3864 VIII
1151 3833 1157 3864 :
1167 3813 1256 3865 Sentio

92 3895 101 3912 ⁴
209 3889 265 3943 dno
277 3891 373 3948 balnea
388 3891 477 3945 dicere
493 3910 548 3952 non
565 3909 712 3947 consueve—
754 3905 897 3944 neutrum:
916 3911 947 3944 ex
965 3912 997 3945 eo
1009 3893 1119 3946 mentio
1136 3903 1162 3943 et
1174 3906 1257 3944 assen-

210 3983 290 4036 ntnt,
306 3991 388 4045 quum
403 3973 456 4026 hoc
470 3971 572 4043 antiqui
586 3989 641 4024 non
656 3967 713 4022 hrI-
757 3970 821 4038 tior,
841 3985 867 4023 et
885 3971 1005 4024 dissentio
1019 3984 1045 4023 st
1059 3968 1211 4032 distentior,
1227 3969 1257 4020 in

209 4065 306 4116 nsum,
329 4051 376 4104 sed
398 4049 553 4106 lavatrinam
578 4048 712 4121 appellare
759 4068 811 4100 nna
826 4049 973 4122 eademque
990 4049 1160 4102 inveniuntur
1180 4047 1258 4116 signi·

210 4131 419 4183 consuevissent.
433 4153 444 4176 ι
759 4126 892 4182 ficatione.

1049 4218 1102 4295 nd.
