3116 4934
393 453 460 544 578
801 451 1038 518 erasmus

392 583 430 640 Et
443 579 541 640 Satira
555 577 657 659 prima
674 575 746 637 libri
758 575 805 651 n,
818 573 858 636 de
869 575 989 636 lucilio
1004 573 1059 652 64:

591 703 717 752 Detrahere
728 714 751 749 et
758 701 857 766 pellem,
867 703 953 750 nitidus
962 719 1010 766 qna
1018 703 1119 767 quisquo
1127 719 1170 766 per
1179 718 1221 752 ora

591 774 704 830 (lederet,
717 774 844 820 introrsum
853 775 928 836 turpis
930 805 1026 820 .......

428 919 477 960 oo.
494 897 599 982 Suffla,
613 931 651 942 -
668 897 798 957 Videtur
812 895 949 958 alludere
971 895 1009 958 ad
1032 896 1202 980 apologum
1223 897 1361 960 inflantis
1377 921 1433 960 sese

389 1016 489 1068 ranae,
504 1015 596 1075 quem
609 1007 716 1054 namat
729 995 837 1054 Horat
853 995 913 1054 Sat.
929 993 965 1069 3,
979 992 1034 1053 lib.
1050 993 1073 1054 l.

431 1112 478 1152 aa.
501 1094 540 1152 Ut
559 1111 643 1151 nemo
660 1093 691 1149 in
709 1111 767 1154 sese
782 1101 873 1152 tentat
891 1089 1077 1167 descendere,
1099 1111 1195 1154 nemo.
1216 1125 1256 1138 -
1280 1091 1318 1152 ln
1340 1093 1433 1176 prima

388 1192 502 1264 Sotira,
515 1209 558 1248 vs.
575 1189 645 1248 108:

592 1354 708 1366 ........
718 1319 816 1370 Νιιιιοιι’
828 1333 855 1368 ιιι
866 1335 949 1367 avarus

588 1393 617 1438 Se
628 1389 730 1453 probet?

427 1513 475 1590 ai.
490 1511 550 1576 Sed
562 1511 734 1594 precedenti
748 1524 893 1594 spectatur
906 1514 1037 1572 mantica
1052 1515 1146 1596 ter-qo!
1156 1546 1196 1559 -—
1209 1515 1246 1574 ln
1265 1515 1354 1575 tertia
1368 1515 1430 1577 libri
1450 1539 1454 1547 ·

386 1609 512 1672 secundi
527 1609 615 1669 Satis.
628 1630 671 1668 vs.
685 1629 761 1690 299:

590 1757 712 1819 lietpioere
724 1757 805 1816 ignoto
814 1754 888 1802 discet
899 1755 1025 1817 μιάιιιιίι
1038 1765 1112 1818 tergo.

426 1880 473 1939 30.
489 1880 555 1940 Hoc
569 1876 640 1938 bene
654 1879 705 1937 sit!
715 1909 756 1926 -
766 1879 803 1938 'ri
815 1875 868 1938 hoo
881 1891 926 1938 est
938 1891 1038 1938 sextus
1049 1898 1146 1938 casus.
1161 1879 1273 1941 Horat.
1288 1880 1384 1940 Satira
1394 1901 1432 1939 se·

386 1974 574 2062 cundalibri
590 1973 734 2034 secundi:

588 2151 667 2166 .....
678 2119 739 2164 Bene
748 2129 798 2164 erat
807 2132 854 2163 oon
863 2118 966 2180 piscibus
975 2119 1034 2164 urbe
1046 2120 1135 2181 petitis,

587 2189 632 2236 Sed
641 2188 708 2252 pullo
717 2201 788 2251 atque
798 2186 874 2235 hedo.

426 2307 474 2366 32.
498 2307 670 2366 Pannosam
685 2307 793 2386 focem
807 2306 956 2364 morientis
976 2303 1071 2365 sorbet
1090 2307 1174 2365 aceti.
1194 2339 1235 2352 -
1254 2306 1336 2366 Mire
1356 2304 1431 2364 aurit

384 2413 490 2461 notam
504 2399 626 2486 deparei
642 2421 738 2484 quam
751 2399 836 2482 apud
851 2401 1035 2481 magistrum
1048 2399 1165 2482 legerat
1178 2403 1238 2462 Sat.
1258 2403 1294 2479 3,
1314 2401 1365 2462 lib.
1380 2421 1427 2462 ses.

386 2519 430 2557 vs.
447 2495 520 2573 143:

584 2605 630 2664 Qui
641 2605 794 2650 Veientanum
804 2605 869 2651 lestis
880 2616 960 2667 potare
971 2603 1054 2651 diebus

587 2678 704 2739 Campana
716 2675 795 2724 solitus
805 2675 886 2730 trulla,
902 2690 1048 2738 vappamque
1058 2675 1175 2738 profestis.

386 2793 502 2849 Avarus
516 2788 568 2848 ille
580 2789 701 2848 Horatii
712 2789 805 2869 genio
816 2787 906 2847 vellet
919 2782 1080 2868 indulgere
1092 2789 1211 2870 quoties
1220 2788 1298 2848 villo
1307 2787 1427 2872 plebeio,

384 2885 559 2970 cujusmodi
574 2898 640 2944 erat
653 2887 880 2961 Veientanum,
896 2907 927 2946 so
939 2885 1125 2946 oblectabat:
1141 2885 1279 2967 quotidie
1298 2891 1370 2948 vino
1386 2885 1428 2944 fu·

385 2985 487 3065 giente
511 2996 577 3042 erat
593 2994 764 3042 contentus.
790 2983 856 3042 Hoc
879 3003 991 3064 parum
1013 2984 1117 3043 Persio
1137 2984 1261 3060 visum,
1286 2985 1341 3065 qui
1365 3003 1427 3044 cum

385 3082 467 3142 festis
483 3079 590 3140 diebus
611 3099 676 3138 non
698 3081 940 3162 semicorrupto‚
959 3081 1008 3141 sed
1031 3082 1124 3164 plane
1144 3095 1294 3164 corrupto
1310 3101 1426 3142 avarum

384 3193 487 3262 potat,
507 3175 564 3238 hoc
585 3177 754 3258 signifieat,
777 3177 886 3238 diebus
910 3177 1052 3260 profestis
1071 3180 1184 3240 canina
1204 3179 1287 3242 illius
1307 3178 1426 3264 prandia

384 3279 492 3353 fuisse,
510 3299 636 3359 expone
650 3290 680 3338 et
692 3299 783 3360 aqua.

425 3372 472 3449 34.
491 3375 545 3433 Est
554 3391 642 3456 prope
654 3385 679 3432 te
695 3376 827 3454 lytrotes,
839 3371 935 3433 cubito
945 3375 995 3454 qui
1007 3385 1124 3454 tatsqm,
1136 3387 1165 3435 et
1172 3395 1238 3438 acre
1254 3377 1393 3436 -Satira
1407 3373 1421 3430 5

385 3468 656 3546 lfflmmw

591 3640 674 3652 ......
684 3605 774 3670 Aliquis
788 3606 867 3652 subito
880 3617 978 3652 stantem
988 3620 1062 3667 prope
1074 3619 1171 3666 tangens

586 3680 688 3740 inquiet,
700 3692 726 3724 ut
737 3695 761 3742 p.

422 3797 471 3873 [μ.
494 3797 561 3856 Νοη
586 3810 681 3856 tomen
704 3799 758 3856 ista
768 3794 842 3876 filix
865 3793 924 3856 ullo
947 3799 1123 3857 mansuescit
1141 3811 1248 3858 omo-o.
1271 3833 1309 3844 -
1328 3793 1421 3856 Traxit

384 3897 532 3957 aliorsum
551 3915 656 3954 vocem
670 3892 762 3975 filix;
781 3915 876 3974 quam
897 3895 1082 3954 meminerat
1101 3913 1230 3956 venusta
1251 3891 1420 3977 metaphora

382 3997 516 4076 positam
533 3995 565 4051 in
580 3991 639 4052 hoo
654 4012 742 4050 versu
757 4012 774 4051 e
787 3991 884 4052 Satira
897 3992 914 4050 3
929 3991 1000 4054 libri
1015 3993 1125 4074 primi,
1139 4013 1181 4053 vs.
1197 3993 1254 4074 37:

568 4125 679 4187 Negleetis
690 4125 778 4172 urenda
791 4123 837 4170 lilir
847 4127 975 4171 innascitur
985 4127 1051 4186 agris.
