3116 4934
400 511 465 589 554
514 509 571 572 DE
583 508 672 574 SAT.
686 508 827 572 LUCIL.
840 505 999 572 HORAT.
1014 507 1127 572 PERS.
1139 509 1196 572 ET
1206 510 1356 574 lUVEN.

396 633 573 702 movendae
588 631 754 716 studium,
774 633 865 728 quod
877 636 911 700 iu
924 632 1097 701 nonnullis
1116 633 1198 701 locis
1210 635 1345 703 elucere
1359 635 1433 705 ride-

398 762 468 822 tur,
485 767 680 838 quanquam
701 746 736 811 in
758 742 863 811 literis
888 761 921 811 et
939 742 1066 810 artibus
1090 743 1350 836 elegantioribus
1368 747 1434 814 huic

398 854 509 922 studio
523 877 611 948 uque
628 873 662 921 et
676 856 745 946 igni
762 853 976 922 interdictum
989 877 1010 920 a
1023 858 1103 922 viris
1120 856 1324 924 doctissimis
1338 858 1434 926 video.

397 970 560 1032 Creteruru
583 990 601 1031 e
620 964 744 1032 scholis
764 963 902 1059 quidem
922 965 1099 1059 explicatio
1120 970 1263 1034 istorum
1281 968 1436 1051 locorum,

396 1100 474 1170 quoe
490 1078 525 1142 in
542 1072 634 1142 editt.
649 1079 683 1143 in
700 1099 800 1143 usum
817 1073 974 1168 Delphini
993 1101 1012 1144 e
1031 1093 1124 1145 textu
1142 1093 1212 1146 tarn
1231 1080 1347 1172 inepte
1364 1105 1437 1147 rese-

397 1207 488 1269 eata,
507 1213 611 1284 quam
630 1188 733 1260 stulte
751 1205 784 1255 et
798 1188 1033 1282 imprudenter
1048 1190 1189 1259 collecta
1208 1190 1306 1259 etad
1326 1191 1438 1260 calcem

397 1300 555 1394 adjuncta
567 1319 647 1369 sunt
659 1299 743 1388 (vid.
757 1301 816 1369 inf.
833 1300 906 1368 lnd.
923 1300 1023 1368 Editt.
1038 1301 1080 1369 ad
1092 1327 1123 1369 a.
1146 1306 1273 1390 1684),
1293 1307 1355 1370 nisi
1371 1327 1439 1370 cum

398 1417 558 1506 gravitate
576 1415 702 1480 institui
722 1415 844 1506 possit,
864 1411 1049 1479 omittenda
1062 1428 1129 1494 est,
1153 1436 1352 1506 quanquam
1367 1415 1439 1480 exis

398 1527 497 1606 timo,
513 1549 551 1590 ee
564 1527 686 1592 teneris
695 1522 861 1617 juvenum
874 1525 993 1590 animis
1006 1547 1077 1590 non
1092 1540 1163 1590 tam
1180 1525 1341 1616 pestifera
1357 1547 1439 1605 esse,

397 1661 500 1733 quam
512 1637 736 1731 quorumdum
749 1653 926 1730 poetarum
937 1652 1061 1703 nostrae
1074 1637 1179 1704 aetatis
1192 1633 1331 1703 delicias
1343 1653 1375 1702 et
1385 1634 1441 1702 ele

398 1751 543 1839 gentius,
565 1747 687 1841 quibus
706 1771 760 1814 res
778 1763 894 1838 turpes
915 1763 949 1812 et
966 1747 1009 1813 ab
1028 1746 1204 1814 honestate
1217 1746 1441 1813 remotissime

398 1856 450 1924 vel
467 1856 595 1924 liberali
607 1874 641 1924 et
656 1860 801 1949 ingenua
818 1857 903 1924 facie
922 1857 1123 1954 induantur,
1140 1855 1195 1923 vel
1213 1855 1396 1924 verborum
1412 1871 1440 1920 et

398 1973 641 2037 sententiarum
656 1993 777 2037 venere
791 1985 825 2036 et
836 1968 1002 2038 illecebris
1015 1967 1307 2038 commendentur.
1320 1969 1439 2034 Etenim

397 2095 436 2146 nt
447 2083 592 2147 maxime
601 2095 687 2147 tecte
697 2096 730 2148 et
740 2080 898 2172 ambigue
911 2105 949 2148 ea
964 2081 1178 2148 enunciando
1191 2077 1401 2148 verecundiae
1413 2093 1441 2143 et

397 2187 520 2284 pudori
546 2192 738 2260 consultum
755 2191 920 2301 lvidetur,
945 2195 989 2259 ite
1019 2191 1175 2259 facillime
1205 2193 1329 2257 animis
1353 2190 1439 2256 castis

396 2301 505 2392 iisque
522 2301 718 2392 improvidis
739 2325 774 2370 se
790 2305 981 2385 insinuent,
999 2300 1154 2370 libidines
1172 2303 1339 2380 excitent,
1356 2298 1439 2366 cesti-

399 2412 457 2476 tati
480 2409 641 2478 altissima
666 2412 806 2480 vulnere
827 2411 1005 2504 infligunt,
1028 2430 1061 2480 et
1081 2414 1232 2503 corporis
1255 2411 1439 2502 ingeniique

398 2523 486 2588 vires
498 2521 659 2613 frangunt
673 2539 706 2592 et
718 2523 903 2592 debilitant.
919 2555 932 2584 υ
