2970 4936
619 837 1097 924 SATIRAE,TERT1AE

713 1083 1005 1140 ARGUMENTUM.

379 1289 550 1348 Romanam
560 1285 754 1368 juventutem
767 1277 807 1345 ab
820 1285 930 1345 inertia
939 1291 971 1345 et
982 1285 1099 1346 insanis
1110 1285 1333 1368 cupiditatibus
1345 1287 1384 1346 ad

339 1383 546 1466 philosophice
559 1385 659 1446 studia
673 1403 815 1446 revocare
829 1375 949 1446 Persius
962 1379 1024 1446 hoc
1037 1404 1180 1446 sermone
1193 1384 1311 1444 nititur.
1329 1384 1387 1444 Sci-

337 1481 408 1545 licet
420 1479 635 1564 philosophia,
652 1484 718 1544 veri
732 1480 906 1562 indagatrix
915 1480 1127 1563 expultrixque
1140 1481 1304 1556 vitiorum,
1319 1479 1387 1542 solu

338 1577 428 1654 tucn,
441 1591 477 1638 ut
490 1579 567 1640 bene
580 1578 729 1660 boetsqiie
741 1579 896 1652 vivamus}
910 1591 1003 1660 etque
1015 1577 1096 1639 adeo
1110 1579 1165 1659 qui
1178 1576 1389 1660 philosophie

336 1665 438 1737 studia
446 1675 592 1758 negligit,
610 1687 665 1736 aut
676 1677 748 1736 vica
762 1688 854 1736 usum
868 1677 989 1757 ignoret
1003 1675 1148 1757 intraque
1161 1663 1299 1736 hominis
1313 1689 1390 1735 cou-

338 1765 488 1836 ditionem
499 1768 681 1838 devolvatur
694 1789 814 1835 necesse
828 1788 887 1849 est,
901 1781 971 1850 aut,
984 1773 1008 1834 si
1021 1765 1095 1858 quid
1108 1767 1245 1836 hominis
1257 1767 1389 1848 retinet,

339 1875 532 1935 conscientiae
544 1873 675 1934 stimulis
689 1873 849 1938 crucietur.
863 1873 966 1950 Quam
979 1865 1088 1933 utilem
1101 1871 1323 1954 honestamque
1337 1873 1391 1933 do·

340 1973 471 2033 ctrinam
484 1973 568 2033 haud
582 1974 625 2033 ita
635 1985 775 2055 pronum
787 1971 850 2034 fuit
860 1991 879 2032 e
890 1972 1187 2056 sapientissimorum
1205 1973 1391 2032 Graecorum

338 2065 453 2128 scholis
466 2071 598 2130 mmsis
611 2071 797 2154 lnporum,
814 2069 925 2132 urm
939 2069 1103 2146 divitibus,
1119 2083 1151 2130 et
1163 2069 1342 2145 nobilibus,
1361 2083 1392 2130 et

342 2155 509 2242 militibus,
526 2177 557 2229 et
571 2161 740 2226 hominum
753 2159 964 2250 perditissimis
976 2166 1178 2250 frequentem.
1197 2169 1263 2230 flos
1280 2181 1392 2228 omnes

342 2251 498 2324 bonarum
512 2255 626 2328 artium
640 2267 863 2350 contemptores
875 2255 997 2326 Persius
1010 2262 1177 2350 impugnat
1188 2257 1327 2326 Porticus
1343 2287 1392 2326 ar·

343 2361 507 2440 gumentis.

383 2459 490 2519 Rome
507 2473 582 2520 tunc
601 2460 749 2544 temporis
766 2472 852 2521 tanta
869 2453 931 2522 fuit
946 2457 1119 2523 Stoicorum
1136 2461 1184 2524 vel
1202 2461 1321 2538 vilitas,
1343 2463 1393 2524 vel

343 2559 526 2635 incurias,
545 2569 581 2622 ut
590 2579 629 2624 ex
646 2559 684 2618 iis
697 2557 790 2640 vulgo
805 2571 1032 2624 enumerentur
1048 2561 1188 2641 magistri
1199 2573 1232 2622 et
1243 2561 1395 2637 comites,

344 2654 399 2734 qui
411 2651 523 2716 libem·
535 2655 739 2716 instituendos
748 2668 906 2730 curarem,
916 2657 1036 2738 ipsique
1045 2657 1161 2718 Neroni
1167 2659 1314 2739 quesitus
1322 2657 1396 2718 fue-

344 2751 386 2810 rit
395 2764 567 2834 praeceptor
576 2753 735 2813 Romanus
746 2752 899 2812 Stoicismi
909 2753 1042 2813 antistes.
1058 2753 1134 2814 Inde
1146 2756 1241 2814 Poe'ta
1252 2755 1394 2838 lepidam

345 2847 513 2926 quamdam
522 2849 614 2910 Stoici
623 2851 744 2910 comitis
755 2871 920 2933 personam
934 2850 1053 2930 induit,
1067 2873 1190 2934 segnem
1200 2853 1393 2936 discipulum

345 2946 523 3024 gravissima
540 2947 942 3029 disputatioueinsectuntis
963 2950 1205 3032 sapientiamque
1228 2972 1316 3013 suam
1338 2953 1395 3014 de·

345 3039 501 3106 tementis.

625 3395 850 3474 SlTlun
877 3401 1104 3476 TERTIAE

768 3601 962 3654 Austrsls.

384 3786 535 3849 Desidiosi
544 3788 664 3870 juvenis
674 3793 868 3870 cubiculum,
884 3796 939 3874 qui
950 3795 990 3855 ad
1001 3796 1161 3857 meridiem
1173 3817 1269 3880 usquc
1280 3819 1395 3861 somno

345 3881 500 3966 indulget,
519 3887 633 3949 Stoicus
651 3891 746 3951 intrat
764 3892 910 3971 magister
926 3891 1050 3974 ejusque
1067 3895 1225 3976 pigritiam
1239 3897 1394 3976 exagitat:

343 3981 445 4041 Stertis
459 3981 580 4044 adhuc?
592 3988 726 4050 stertisi.
739 4033 746 4048 .
758 4034 786 4049 ..
805 3987 887 4049 Male
901 4010 931 4050 se
944 4004 1066 4052 excusat
1080 3991 1270 4068 adolescens,
1284 3995 1397 4053 servis-
1477 4055 1478 4058 ,

344 4097 404 4157 que
415 4079 568 4158 irascitur,
580 4082 656 4144 dnm
668 4107 730 4146 sese
741 4101 916 4167 comparat,
933 4109 963 4164 1,
975 4110 1004 4168 9.
1017 4123 1056 4134 —-
1067 4073 1170 4170 Surgit
1179 4111 1333 4166 morosus,
1344 4107 1393 4168 et,

343 4173 398 4233 ubi
409 4174 448 4235 ad
459 4177 558 4238 studia
567 4197 693 4240 ventum
703 4196 762 4256 est,
774 4181 898 4245 desidias
906 4185 1031 4267 culpam
1041 4186 1088 4246 vel
1103 4185 1143 4246 ad
1157 4188 1273 4269 sepiam
1289 4201 1395 4250 trans-

342 4269 418 4346 fert,
428 4271 475 4332 vel
487 4273 526 4333 ad
538 4274 686 4352 calamos,
703 4300 751 4357 ro,
768 4277 812 4355 14.
826 4315 863 4327 —·
878 4281 1031 4341 Puerilem
1043 4279 1148 4343 adulto
1160 4285 1395 4344 excusationem
