3026 4944
343 459 384 524 32
516 457 671 521 VARIAE
695 453 966 519 LECTIONES
989 453 1051 516 ET
1075 451 1212 519 NOTAE

340 562 503 616 -Aatetet
513 561 593 630 Quod
603 580 665 614 cum
675 561 748 632 gravi
758 559 878 612 anhelitu
889 557 1116 632 pronuntiandum
1130 574 1184 625 est,
1198 558 1250 612 hoc
1264 560 1392 614 anhelate

339 645 461 698 dicimur.
477 667 488 690 ι
499 641 585 694 Verba
598 643 673 714 quasi
683 640 808 693 anhelata
818 643 924 710 gravius
935 664 963 705 ι,
977 638 1048 692 Tull.
1059 642 1091 707 3,
1100 639 1134 693 de
1142 641 1217 694 Oret.
1228 639 1326 693 Contra
1337 641 1391 694 boc

340 726 433 776 vitium
444 725 471 774 in
483 721 619 775 recitando
631 733 721 772 monet
731 719 841 788 Quintil.
852 721 927 772 instit
938 720 976 785 X,
992 718 1008 772 5
1021 741 1027 770 :
1043 721 1128 773 «Sunt
1141 721 1188 792 qni
1199 720 1295 773 crebro
1307 720 1393 773 ande-

341 801 391 855 litu
401 816 426 854 et
436 803 579 854 introrsum
589 801 668 852 etiam
677 799 749 852 ciere
759 811 871 851 sonante
881 798 1016 851 imitentur
1022 801 1144 868 jumenta
1153 819 1234 852 onere
1245 813 1272 852 et
1279 801 1346 871 jugo
1355 798 1394 851 la·

340 883 471 936 borantia.
482 882 562 951 Quod
570 879 706 934 adfectant
714 893 972 952 quoque,tenqunm
979 880 1137 932 inventionis
1145 881 1223 951 copia
1231 891 1394 949 urgeantur,

340 967 478 1036 majorque
489 965 527 1016 via
537 962 694 1034 eloquentie
705 962 824 1034 ingruat,
837 979 916 1032 quem
932 978 990 1032 quie
1002 957 1123 1012 faucibus
1137 960 1221 1012 emitti
1232 960 1329 1031 possit.
1340 982 1352 1006 ι

375 1069 442 1122 Nur.
461 1063 1033 1142 15.Scilicetlacpopalopea‘tnqaetoqaqae
1041 1065 1325 1118 recenti-Nimirum
1333 1063 1393 1116 brec

340 1148 464 1203 recitabis
472 1149 534 1202 olim
542 1147 576 1200 ad
585 1147 725 1220 populum.
735 1149 776 1200 De
786 1145 837 1198 iilis
846 1145 1047 1200 recitationibus
1056 1165 1110 1198 uon
1121 1146 1194 1200 solus
1203 1147 1322 1198 meminit
1330 1148 1395 1197 Per-

340 1231 396 1282 sius
406 1229 434 1280 in
447 1229 498 1281 hac
509 1229 602 1293 satira,
619 1225 666 1278 sed
678 1225 792 1297 equales
805 1227 861 1295 ejus
875 1243 979 1288 omnen
993 1239 1019 1278 et
1033 1239 1128 1298 postea
1140 1226 1224 1278 Tacit.
1237 1224 1271 1278 de
1282 1227 1392 1277 Orator.

340 1305 443 1378 Dialog.
456 1324 515 1378 cap.
527 1304 577 1370 ΙΧ,
590 1318 615 1356 et
627 1305 735 1374 passim.
749 1303 814 1355 Plin.
828 1303 910 1374 Epist.
924 1303 987 1371 Vll,
1005 1303 1393 1375 17;toennt.111,4t;tuve-

340 1387 407 1440 nalis
420 1400 447 1440 et
458 1390 483 1454 Ι,
496 1387 609 1458 princip.
625 1397 652 1437 et
665 1386 717 1451 ΙΙΙ,
730 1401 761 1454 9,
776 1397 802 1435 et
814 1385 875 1450 Vll,
890 1383 923 1436 82
938 1402 1015 1456 sqq.=

539 1472 1096 1530 Carrituradrocetnjueundarnetcarmensmica
1124 1521 1128 1530 ,

538 1541 672 1594 Thebaidos,
680 1540 753 1584 letam
760 1537 813 1583 fecit
819 1553 889 1596 quum
897 1541 978 1584 Statius
986 1543 1076 1596 urbem,

539 1607 684 1663 homnitqne
691 1606 758 1650 diem.
766 1608 836 1652 Tanta
843 1607 1040 1666 ducentaempns

540 1675 614 1721 dificit
621 1675 658 1718 iiie
667 1674 765 1729 mmor,
775 1684 879 1732 nanque
888 1674 978 1720 libidine
987 1675 1045 1733 vuiai

540 1744 644 1790 auditur!
653 1777 659 1787 .
668 1776 673 1787 .
682 1775 702 1788 ..

340 1827 475 1899 Pexasqne
482 1834 592 1898 toqaqne
599 1821 836 1874 recenti-Peras
842 1841 898 1874 non
904 1821 937 1874 de
945 1821 1045 1895 capillis
1052 1836 1155 1876 tantum
1162 1823 1272 1875 forsitan
1277 1821 1393 1895 intelligi

341 1907 434 1972 debet,
445 1903 491 1958 sed
498 1903 531 1956 de
539 1904 620 1955 totins
630 1903 750 1974 corporis
760 1901 904 1955 munditiis.
916 1932 950 1943 -
962 1903 1086 1977 Toqaqae
1094 1906 1202 1970 menti,
1211 1901 1396 1970 velnova‚vel

341 2006 355 2038 e
371 1984 472 2037 fullone
484 1994 605 2036 recenter
615 1995 733 2054 accepta.
745 1983 889 2036 Recentem
906 1985 975 2034 eninr
988 1995 1039 2035 eta
1054 1982 1156 2036 fullone
1168 1979 1325 2034 candentem
1337 1983 1379 2034 ito

342 2065 413 2116 mani
423 2061 593 2116 assumebant
600 2059 644 2114 die
651 2062 745 2132 quovis
756 2061 839 2127 festo,
852 2063 905 2114 sive
916 2059 1025 2133 publica
1035 2061 1089 2115 sire
1101 2062 1204 2133 privata
1215 2059 1392 2114 solemnitate.

377 2173 443 2224 Nor.
463 2169 501 2222 16.
514 2171 552 2220 Et
562 2165 687 2221 natalitia
697 2168 803 2220 tandem
814 2186 875 2220 cant
884 2168 1045 2240 sardonyche
1055 2168 1138 2221 albas.
1148 2197 1185 2208 -
1193 2164 1338 2234 Natalitia,
1348 2167 1394 2220 vel

342 2270 395 2324 qua
407 2248 492 2302 natali
501 2247 545 2301 die
557 2247 644 2301 solum
655 2248 790 2314 utebatur,
799 2248 841 2300 vel
851 2267 932 2320 quam
944 2248 1030 2302 natali
1043 2247 1087 2301 die
1100 2248 1173 2302 dono
1186 2261 1333 2320 acceperat.
1343 2251 1394 2300 Ju-

341 2329 426 2383 venal.
435 2327 488 2381 Set.
496 2327 546 2394 ΙΙΙ,
554 2347 577 2379 v.
587 2326 621 2380 50
631 2348 638 2388 ;
648 2326 732 2380 Plaut.
741 2326 820 2380 Caro.
827 2347 851 2379 v.
861 2346 874 2380 a
883 2366 891 2393 ,
900 2329 942 2382 56.
955 2357 990 2368 --
1001 2328 1170 2399 Sardonycha
1177 2327 1392 2400 genusonycltis,

342 2427 413 2481 onya
421 2409 518 2462 sardas.
529 2407 595 2459 Plio.
605 2407 672 2459 Hist.
681 2408 742 2458 Nat.
753 2405 799 2459 lib.
809 2407 947 2474 XXXVII,
957 2426 1016 2479 cap.
1028 2407 1068 2460 23.
1080 2409 1141 2460 linc
1150 2425 1253 2478 gemma
1263 2409 1290 2458 in
1300 2408 1393 2478 signa·

342 2491 408 2545 culis
418 2491 533 2561 primum
547 2487 637 2540 locum
650 2487 798 2539 obtinebat.
813 2487 934 2540 Juvenal.
949 2489 1025 2540 Setir.
1036 2489 1110 2554 Xlll,
1129 2489 1177 2541 138
1190 2507 1248 2560 sqq.
1261 2489 1394 2541 Ceterum

340 2591 444 2644 gemme
458 2589 509 2644 pro
523 2567 624 2623 annulo
641 2570 730 2640 potita
744 2583 792 2621 est.
807 2569 847 2620 De
858 2587 1022 2640 gemmarum
1034 2581 1082 2621 aut
1098 2569 1259 2625 annulorum
1275 2587 1326 2622 usu
1336 2567 1392 2621 vid.

341 2651 463 2705 Juvenal.
477 2653 502 2714 Ι,
516 2667 547 2720 ²7
561 2669 619 2722 sqq.
635 2649 671 2700 vt
679 2686 687 2714 ,
700 2648 752 2717 379
766 2666 824 2720 sqq.
837 2651 942 2700 Petron.
957 2647 1005 2710 55;
1019 2648 1133 2701 Martini.
1146 2652 1183 2715 V,
1201 2665 1246 2715 tr,
1267 2666 1293 2711 t;
1306 2650 1394 2718 Quin-

342 2729 381 2782 til.
394 2731 457 2781 inst.
469 2728 521 2792 ΙΙΙ,
531 2727 562 2791 3,
573 2725 607 2778 de
617 2725 691 2778 cultu
704 2727 834 2778 oratoris:
849 2727 965 2778 ablenus
976 2744 1031 2778 nou
1043 2725 1185 2798 impleatur
1196 2727 1316 2796 annulis,
1326 2747 1394 2800 prte-

342 2813 421 2882 cipue
433 2807 534 2860 medios
547 2808 673 2860 articulos
687 2825 742 2857 non
755 2807 982 2866 trenseuudbus.n
999 2810 1078 2860 Mart.
1089 2810 1126 2874 11,
1143 2825 1193 2879 29:

542 2895 610 2952 cujus
617 2904 639 2937 et
645 2895 697 2937 irinc
704 2893 763 2938 lucet
769 2895 934 2953 sardonychata
942 2909 1028 2940 menna.

343 3003 378 3018 —
388 2972 503 3024 Tandem
512 2971 582 3023 reier
592 2969 625 3022 ad
635 2968 743 3039 longam
750 2971 916 3024 recitationis
924 2974 1162 3043 exspectationem,
1170 2977 1259 3045 potins
1269 2993 1349 3048 qnam
1358 2995 1393 3029 eo

344 3053 417 3127 qnod
425 3057 471 3125 qni
481 3063 755 3122 ornanturpottremo
765 3051 827 3103 loco
835 3051 949 3106 annulos
957 3067 1065 3106 sumunt
1075 3053 1149 3126 (que
1157 3057 1341 3127 interpretatio
1351 3071 1395 3111 est

242 3141 244 3146 '
321 3121 324 3130 ’
342 3130 523 3200 Casaoboni),
532 3130 573 3183 vel
584 3149 616 3182 eo
625 3129 698 3200 quod
705 3128 738 3182 de
748 3133 799 3182 isto
807 3128 950 3184 delicatulo
959 3136 1101 3186 recitatore
1108 3134 1178 3186 idem
1185 3134 1327 3188 dicendum
1336 3151 1392 3201 est,

344 3231 374 3265 ac
381 3212 520 3264 Terentius
529 3209 564 3262 de
573 3207 733 3261 mulierculis
744 3230 751 3259 :
765 3208 848 3261 edum
858 3225 1015 3277 comuntur,
1024 3229 1111 3266 annus
1119 3225 1166 3266 est.
1176 3237 1187 3260 ι
1200 3243 1234 3252 -
1244 3211 1339 3281 Attus,
1349 3215 1393 3268 vel

343 3289 1113 3363 avertereeenti,velatotiuscorporismunditiis,ntapnd
1120 3291 1392 3361 Horat.Sat.l,2,61:

927 3379 1041 3425 ....iestas

542 3435 620 3480 Albuti
626 3435 735 3479 celebrere
743 3436 789 3481 dies
795 3470 800 3480 .
807 3469 813 3482 .
819 3470 835 3482 ..

342 3517 417 3574 Adde
429 3499 501 3590 duod
514 3527 586 3568 veste
596 3512 709 3565 candidu
721 3513 880 3586 prodibant,
890 3516 936 3587 qui
948 3513 1042 3587 popuii
1051 3517 1162 3587 gratiam
1173 3517 1390 3590 aucupabantur,

343 3597 413 3653 unde
425 3599 502 3650 etiam
515 3592 653 3646 Candidati
665 3591 729 3645 dicti
743 3607 814 3647 sunt.
826 3595 915 3648 Minus
927 3595 1073 3666 probabilis
1085 3613 1179 3649 eorum
1192 3599 1393 3669 interpretatio,

344 3679 440 3753 quibus
454 3676 528 3729 albas
539 3674 609 3727 idem
623 3687 664 3726 ert
677 3693 707 3726 ac
720 3675 833 3746 pallidas
849 3676 888 3728 vel
903 3674 996 3728 labore
1014 3676 1054 3729 vel
1074 3691 1155 3730 metu.
1174 3681 1306 3732 Neutrum
1321 3681 1393 3732 enim

343 3759 445 3812 bomini
456 3755 567 3810 ridiculo
579 3756 717 3820 convenit,
730 3758 806 3826 cujus
820 3754 864 3809 hic
876 3755 1050 3810 adumbratur
1061 3759 1158 3830 imago.

372 3961 434 4006 Vin.
444 3973 478 4021 ¹7·
487 3955 543 4004 Sede
551 3954 608 4021 ieqes
616 3956 683 4004 celsa.
691 3981 722 3994 -
730 3959 822 4004 liabent
830 3971 852 4005 et
860 3958 1018 4024 leqetquidam
1025 3961 1088 4007 nst.
1097 3959 1165 4008 codd.
1175 3961 1249 4026 leqens
1258 3960 1331 4008 ferme
1340 3975 1392 4007 om-

344 4045 391 4076 nes.
403 4034 477 4092 inpie
484 4039 624 4090 postremam
630 4026 690 4073 irene
699 4025 823 4074 lectionem
831 4028 924 4075 admisit
930 4027 1051 4078 Salnrasim
1058 4031 1086 4076 ed
1093 4029 1164 4078 Solia.
1173 4031 1240 4095 pen
1250 4045 1328 4094 neque
1335 4046 1391 4093 pro-

344 4101 406 4146 iecto
417 4101 495 4162 inepta
505 4110 553 4153 est,
566 4099 606 4146 sed
616 4099 693 4144 minna
703 4099 800 4164 simplex
809 4113 832 4148 et
839 4102 972 4156 commodo,
981 4118 1050 4165 qnam
1061 4117 1164 4166 ecquam
1174 4102 1315 4148 admisimus.
1326 4101 1390 4146 Sub-

343 4169 463 4216 audiretar
472 4171 534 4216 enim
546 4183 640 4215 neeesse
650 4167 712 4215 iores
724 4171 827 4218 recitabis
839 4171 868 4217 ad
879 4188 906 4220 ea
918 4173 1003 4220 rerba:
1018 4170 1103 4220 sciis'cet
1116 4171 1164 4220 itas
1173 4171 1272 4236 ροριιΙο,ι
1288 4184 1312 4217 et
1325 4171 1391 4233 quasi
