<?xml version="1.0" encoding="UTF-8"?>
<!DOCTYPE html PUBLIC "-//W3C//DTD XHTML 1.0 Transitional//EN"
    "http://www.w3.org/TR/xhtml1/DTD/xhtml1-transitional.dtd">
<html xmlns="http://www.w3.org/1999/xhtml" xml:lang="en" lang="en">
 <head>
  <title>
</title>
<meta http-equiv="Content-Type" content="text/html;charset=utf-8" />
  <meta name='ocr-system' content='tesseract 3.04.00' />
  <meta name='ocr-capabilities' content='ocr_page ocr_carea ocr_par ocr_line ocrx_word'/>
</head>
<body>
  <div class='ocr_page' id='page_1' title='image "./sexdecimsatir00lemagoog_0551.png"; bbox 0 0 3148 4950; ppageno 0'>
   <div class='ocr_carea' id='block_1_1' title="bbox 436 463 1226 592">
    <p class='ocr_par' dir='ltr' id='par_1_1' title="bbox 436 463 1226 592">
     <span class='ocr_line' id='line_1_1' title="bbox 436 463 1226 592; baseline 0.013 -35"><span class='ocrx_word' id='word_1_1' title='bbox 436 495 591 560; x_wconf 77' lang='lat' dir='ltr'>passu</span> <span class='ocrx_word' id='word_1_2' title='bbox 617 495 678 559; x_wconf 83' lang='lat' dir='ltr'>nr</span> <span class='ocrx_word' id='word_1_3' title='bbox 701 496 980 564; x_wconf 70' lang='lat' dir='ltr'>auranitis.</span> <span class='ocrx_word' id='word_1_4' title='bbox 1028 463 1031 470; x_wconf 78' lang='grc'><strong>’</strong></span> <span class='ocrx_word' id='word_1_5' title='bbox 1161 501 1226 592; x_wconf 84' lang='lat'>⁵37</span> 
     </span>
    </p>
   </div>
   <div class='ocr_carea' id='block_1_2' title="bbox 100 617 1228 4025">
    <p class='ocr_par' dir='ltr' id='par_1_2' title="bbox 100 617 1228 3140">
     <span class='ocr_line' id='line_1_2' title="bbox 184 617 1227 715; baseline 0.007 -29"><span class='ocrx_word' id='word_1_6' title='bbox 184 623 306 686; x_wconf 89' lang='lat' dir='ltr'>teriore</span> <span class='ocrx_word' id='word_1_7' title='bbox 319 620 449 708; x_wconf 76' lang='lat' dir='ltr'>generis</span> <span class='ocrx_word' id='word_1_8' title='bbox 469 619 662 715; x_wconf 75' lang='lat' dir='ltr'>ingeniique</span> <span class='ocrx_word' id='word_1_9' title='bbox 674 617 814 686; x_wconf 91' lang='lat' dir='ltr'>humani</span> <span class='ocrx_word' id='word_1_10' title='bbox 829 622 1016 710; x_wconf 76' lang='lat' dir='ltr'>cognitione</span> <span class='ocrx_word' id='word_1_11' title='bbox 1028 619 1149 690; x_wconf 87' lang='lat' dir='ltr'>hausta</span> <span class='ocrx_word' id='word_1_12' title='bbox 1166 642 1227 709; x_wconf 90' lang='lat' dir='ltr'>est,</span> 
     </span>
     <span class='ocr_line' id='line_1_3' title="bbox 185 725 1228 820; baseline 0.006 -24"><span class='ocrx_word' id='word_1_13' title='bbox 185 745 218 796; x_wconf 87' lang='lat' dir='ltr'>et</span> <span class='ocrx_word' id='word_1_14' title='bbox 231 725 274 796; x_wconf 91' lang='lat' dir='ltr'>ad</span> <span class='ocrx_word' id='word_1_15' title='bbox 288 743 486 820; x_wconf 74' lang='lat' dir='ltr'>praesentem</span> <span class='ocrx_word' id='word_1_16' title='bbox 506 726 558 795; x_wconf 89' lang='lat' dir='ltr'>vel</span> <span class='ocrx_word' id='word_1_17' title='bbox 573 730 677 794; x_wconf 91' lang='lat' dir='ltr'>animi</span> <span class='ocrx_word' id='word_1_18' title='bbox 697 751 850 809; x_wconf 85' lang='lat' dir='ltr'>sensum,</span> <span class='ocrx_word' id='word_1_19' title='bbox 868 729 921 797; x_wconf 89' lang='lat' dir='ltr'>vel</span> <span class='ocrx_word' id='word_1_20' title='bbox 938 753 1049 799; x_wconf 88' lang='lat' dir='ltr'>rerum</span> <span class='ocrx_word' id='word_1_21' title='bbox 1069 733 1228 802; x_wconf 91' lang='lat' dir='ltr'>conditio-</span> 
     </span>
     <span class='ocr_line' id='line_1_4' title="bbox 184 836 1223 936; baseline 0.01 -32"><span class='ocrx_word' id='word_1_22' title='bbox 184 861 278 919; x_wconf 88' lang='lat' dir='ltr'>nem,</span> <span class='ocrx_word' id='word_1_23' title='bbox 293 836 345 904; x_wconf 88' lang='lat' dir='ltr'>vel</span> <span class='ocrx_word' id='word_1_24' title='bbox 363 836 510 904; x_wconf 88' lang='lat' dir='ltr'>indolem</span> <span class='ocrx_word' id='word_1_25' title='bbox 528 840 717 927; x_wconf 87' lang='lat' dir='ltr'>argumenti</span> <span class='ocrx_word' id='word_1_26' title='bbox 732 861 767 906; x_wconf 89' lang='lat' dir='ltr'>se</span> <span class='ocrx_word' id='word_1_27' title='bbox 783 853 816 906; x_wconf 88' lang='lat' dir='ltr'>et</span> <span class='ocrx_word' id='word_1_28' title='bbox 830 836 955 930; x_wconf 90' lang='lat' dir='ltr'>judicia</span> <span class='ocrx_word' id='word_1_29' title='bbox 969 863 1029 907; x_wconf 89' lang='lat' dir='ltr'>sua</span> <span class='ocrx_word' id='word_1_30' title='bbox 1043 848 1223 936; x_wconf 90' lang='lat' dir='ltr'>componit.</span> 
     </span>
     <span class='ocr_line' id='line_1_5' title="bbox 183 943 1223 1046; baseline 0.009 -30"><span class='ocrx_word' id='word_1_31' title='bbox 183 947 241 1017; x_wconf 91' lang='lat' dir='ltr'>llle</span> <span class='ocrx_word' id='word_1_32' title='bbox 256 972 346 1016; x_wconf 89' lang='lat' dir='ltr'>caeco</span> <span class='ocrx_word' id='word_1_33' title='bbox 361 951 435 1015; x_wconf 77' lang='lat' dir='ltr'>vitre</span> <span class='ocrx_word' id='word_1_34' title='bbox 447 971 486 1014; x_wconf 88' lang='lat' dir='ltr'>ac</span> <span class='ocrx_word' id='word_1_35' title='bbox 499 946 683 1040; x_wconf 81' lang='lat' dir='ltr'>disciplinae</span> <span class='ocrx_word' id='word_1_36' title='bbox 692 943 880 1018; x_wconf 86' lang='lat' dir='ltr'>Stoicorum</span> <span class='ocrx_word' id='word_1_37' title='bbox 895 975 1010 1020; x_wconf 87' lang='lat' dir='ltr'>amore</span> <span class='ocrx_word' id='word_1_38' title='bbox 1025 972 1142 1046; x_wconf 88' lang='lat' dir='ltr'>captus</span> <span class='ocrx_word' id='word_1_39' title='bbox 1155 981 1223 1024; x_wconf 91' lang='lat' dir='ltr'>non</span> 
     </span>
     <span class='ocr_line' id='line_1_6' title="bbox 182 1056 1224 1154; baseline 0.007 -27"><span class='ocrx_word' id='word_1_40' title='bbox 182 1059 287 1141; x_wconf 86' lang='lat' dir='ltr'>videt,</span> <span class='ocrx_word' id='word_1_41' title='bbox 303 1057 385 1152; x_wconf 89' lang='lat' dir='ltr'>quid</span> <span class='ocrx_word' id='word_1_42' title='bbox 405 1061 439 1124; x_wconf 92' lang='lat' dir='ltr'>iu</span> <span class='ocrx_word' id='word_1_43' title='bbox 460 1057 524 1124; x_wconf 91' lang='lat' dir='ltr'>hac</span> <span class='ocrx_word' id='word_1_44' title='bbox 538 1058 591 1125; x_wconf 91' lang='lat' dir='ltr'>vel</span> <span class='ocrx_word' id='word_1_45' title='bbox 606 1056 662 1126; x_wconf 88' lang='lat' dir='ltr'>illa</span> <span class='ocrx_word' id='word_1_46' title='bbox 683 1058 859 1149; x_wconf 79' lang='lat' dir='ltr'>displicere</span> <span class='ocrx_word' id='word_1_47' title='bbox 876 1063 1000 1150; x_wconf 83' lang='lat' dir='ltr'>possit:</span> <span class='ocrx_word' id='word_1_48' title='bbox 1017 1060 1068 1129; x_wconf 88' lang='lat' dir='ltr'>his</span> <span class='ocrx_word' id='word_1_49' title='bbox 1080 1063 1224 1154; x_wconf 89' lang='lat' dir='ltr'>philoso-</span> 
     </span>
     <span class='ocr_line' id='line_1_7' title="bbox 182 1168 1223 1264; baseline 0.006 -28"><span class='ocrx_word' id='word_1_50' title='bbox 182 1168 349 1262; x_wconf 89' lang='lat' dir='ltr'>phorum,</span> <span class='ocrx_word' id='word_1_51' title='bbox 372 1170 541 1260; x_wconf 68' lang='lat' dir='ltr'>praecipue</span> <span class='ocrx_word' id='word_1_52' title='bbox 561 1169 746 1238; x_wconf 88' lang='lat' dir='ltr'>Stoicorum</span> <span class='ocrx_word' id='word_1_53' title='bbox 771 1171 1066 1264; x_wconf 80' lang='lat' dir='ltr'>cynicorumque,</span> <span class='ocrx_word' id='word_1_54' title='bbox 1091 1195 1223 1256; x_wconf 88' lang='lat' dir='ltr'>mores,</span> 
     </span>
     <span class='ocr_line' id='line_1_8' title="bbox 181 1277 1224 1370; baseline 0.007 -25"><span class='ocrx_word' id='word_1_55' title='bbox 181 1277 330 1358; x_wconf 87' lang='lat' dir='ltr'>habitus,</span> <span class='ocrx_word' id='word_1_56' title='bbox 344 1277 528 1370; x_wconf 87' lang='lat' dir='ltr'>paradoxa,</span> <span class='ocrx_word' id='word_1_57' title='bbox 539 1280 693 1368; x_wconf 74' lang='lat' dir='ltr'>argutiae,</span> <span class='ocrx_word' id='word_1_58' title='bbox 703 1281 906 1368; x_wconf 89' lang='lat' dir='ltr'>arrogantia,</span> <span class='ocrx_word' id='word_1_59' title='bbox 919 1278 1139 1351; x_wconf 79' lang='lat' dir='ltr'>dissimulatio</span> <span class='ocrx_word' id='word_1_60' title='bbox 1148 1283 1224 1352; x_wconf 88' lang='lat' dir='ltr'>alia-</span> 
     </span>
     <span class='ocr_line' id='line_1_9' title="bbox 181 1387 1222 1485; baseline 0.005 -27"><span class='ocrx_word' id='word_1_61' title='bbox 181 1414 248 1485; x_wconf 92' lang='lat' dir='ltr'>que</span> <span class='ocrx_word' id='word_1_62' title='bbox 257 1388 469 1480; x_wconf 89' lang='lat' dir='ltr'>vitialargam</span> <span class='ocrx_word' id='word_1_63' title='bbox 477 1387 606 1455; x_wconf 87' lang='lat' dir='ltr'>ridendi</span> <span class='ocrx_word' id='word_1_64' title='bbox 620 1387 851 1480; x_wconf 87' lang='lat' dir='ltr'>irascendique</span> <span class='ocrx_word' id='word_1_65' title='bbox 860 1393 1034 1458; x_wconf 85' lang='lat' dir='ltr'>materiam</span> <span class='ocrx_word' id='word_1_66' title='bbox 1042 1394 1222 1485; x_wconf 51' lang='lat' dir='ltr'>praebent&amp;</span> 
     </span>
     <span class='ocr_line' id='line_1_10' title="bbox 180 1496 1223 1592; baseline 0.003 -24"><span class='ocrx_word' id='word_1_67' title='bbox 180 1499 272 1569; x_wconf 88' lang='lat' dir='ltr'>lllius</span> <span class='ocrx_word' id='word_1_68' title='bbox 284 1501 531 1592; x_wconf 77' lang='lat' dir='ltr'>argumentatio</span> <span class='ocrx_word' id='word_1_69' title='bbox 546 1513 597 1564; x_wconf 88' lang='lat' dir='ltr'>est</span> <span class='ocrx_word' id='word_1_70' title='bbox 610 1496 739 1565; x_wconf 90' lang='lat' dir='ltr'>subtilis</span> <span class='ocrx_word' id='word_1_71' title='bbox 759 1511 793 1564; x_wconf 90' lang='lat' dir='ltr'>et</span> <span class='ocrx_word' id='word_1_72' title='bbox 812 1514 923 1578; x_wconf 85' lang='lat' dir='ltr'>acuta,</span> <span class='ocrx_word' id='word_1_73' title='bbox 945 1523 1006 1568; x_wconf 87' lang='lat' dir='ltr'>nec</span> <span class='ocrx_word' id='word_1_74' title='bbox 1021 1501 1088 1569; x_wconf 86' lang='lat' dir='ltr'>alte</span> <span class='ocrx_word' id='word_1_75' title='bbox 1104 1506 1140 1570; x_wconf 91' lang='lat' dir='ltr'>in</span> <span class='ocrx_word' id='word_1_76' title='bbox 1153 1508 1223 1572; x_wconf 88' lang='lat' dir='ltr'>ani-</span> 
     </span>
     <span class='ocr_line' id='line_1_11' title="bbox 180 1607 1223 1714; baseline 0.008 -38"><span class='ocrx_word' id='word_1_77' title='bbox 180 1635 274 1678; x_wconf 90' lang='lat' dir='ltr'>mum</span> <span class='ocrx_word' id='word_1_78' title='bbox 297 1609 524 1691; x_wconf 90' lang='lat' dir='ltr'>descendens,</span> <span class='ocrx_word' id='word_1_79' title='bbox 552 1608 672 1676; x_wconf 84' lang='lat' dir='ltr'>horum</span> <span class='ocrx_word' id='word_1_80' title='bbox 701 1607 864 1699; x_wconf 84' lang='lat' dir='ltr'>simplex,</span> <span class='ocrx_word' id='word_1_81' title='bbox 889 1609 932 1714; x_wconf 81' lang='lat' dir='ltr'>ad</span> <span class='ocrx_word' id='word_1_82' title='bbox 955 1611 1223 1709; x_wconf 87' lang='lat' dir='ltr'>uniuscujusque</span> 
     </span>
     <span class='ocr_line' id='line_1_12' title="bbox 180 1717 1224 1818; baseline 0.003 -31"><span class='ocrx_word' id='word_1_83' title='bbox 180 1738 317 1812; x_wconf 87' lang='lat' dir='ltr'>captum</span> <span class='ocrx_word' id='word_1_84' title='bbox 331 1743 509 1814; x_wconf 74' lang='lat' dir='ltr'>¹usumque</span> <span class='ocrx_word' id='word_1_85' title='bbox 531 1717 801 1798; x_wconf 87' lang='lat' dir='ltr'>accommodata,</span> <span class='ocrx_word' id='word_1_86' title='bbox 824 1717 866 1784; x_wconf 89' lang='lat' dir='ltr'>ab</span> <span class='ocrx_word' id='word_1_87' title='bbox 891 1722 962 1810; x_wconf 87' lang='lat' dir='ltr'>ipsa</span> <span class='ocrx_word' id='word_1_88' title='bbox 988 1724 1125 1790; x_wconf 85' lang='lat' dir='ltr'>veritate</span> <span class='ocrx_word' id='word_1_89' title='bbox 1148 1747 1224 1818; x_wconf 85' lang='lat' dir='ltr'>sug·</span> 
     </span>
     <span class='ocr_line' id='line_1_13' title="bbox 100 1827 1221 1921; baseline 0.005 -25"><span class='ocrx_word' id='word_1_90' title='bbox 100 1902 103 1910; x_wconf 66' lang='grc'><em>,</em></span> <span class='ocrx_word' id='word_1_91' title='bbox 179 1847 287 1920; x_wconf 86' lang='lat' dir='ltr'>gesta,</span> <span class='ocrx_word' id='word_1_92' title='bbox 308 1833 412 1895; x_wconf 90' lang='lat' dir='ltr'>menti</span> <span class='ocrx_word' id='word_1_93' title='bbox 432 1831 566 1921; x_wconf 88' lang='lat' dir='ltr'>penitus</span> <span class='ocrx_word' id='word_1_94' title='bbox 585 1827 686 1894; x_wconf 85' lang='lat' dir='ltr'>infixa</span> <span class='ocrx_word' id='word_1_95' title='bbox 702 1827 831 1894; x_wconf 88' lang='lat' dir='ltr'>haerens</span> <span class='ocrx_word' id='word_1_96' title='bbox 848 1845 881 1895; x_wconf 92' lang='lat' dir='ltr'>et</span> <span class='ocrx_word' id='word_1_97' title='bbox 895 1853 969 1896; x_wconf 88' lang='lat' dir='ltr'>eam</span> <span class='ocrx_word' id='word_1_98' title='bbox 988 1834 1134 1900; x_wconf 81' lang='lat' dir='ltr'>suaviter</span> <span class='ocrx_word' id='word_1_99' title='bbox 1149 1834 1221 1902; x_wconf 84' lang='lat' dir='ltr'>alli·</span> 
     </span>
     <span class='ocr_line' id='line_1_14' title="bbox 178 1935 1221 2038; baseline 0.007 -32"><span class='ocrx_word' id='word_1_100' title='bbox 178 1942 280 2007; x_wconf 88' lang='lat' dir='ltr'>ciens.</span> <span class='ocrx_word' id='word_1_101' title='bbox 304 1940 433 2005; x_wconf 80' lang='lat' dir='ltr'>Horatii</span> <span class='ocrx_word' id='word_1_102' title='bbox 459 1953 621 2031; x_wconf 87' lang='lat' dir='ltr'>praeterea</span> <span class='ocrx_word' id='word_1_103' title='bbox 645 1935 856 2029; x_wconf 82' lang='lat' dir='ltr'>philosophia</span> <span class='ocrx_word' id='word_1_104' title='bbox 876 1956 928 2006; x_wconf 90' lang='lat' dir='ltr'>est</span> <span class='ocrx_word' id='word_1_105' title='bbox 949 1939 1006 2006; x_wconf 91' lang='lat' dir='ltr'>illa</span> <span class='ocrx_word' id='word_1_106' title='bbox 1029 1944 1120 2024; x_wconf 84' lang='lat' dir='ltr'>vitae,</span> <span class='ocrx_word' id='word_1_107' title='bbox 1147 1967 1221 2038; x_wconf 85' lang='lat' dir='ltr'>quae</span> 
     </span>
     <span class='ocr_line' id='line_1_15' title="bbox 177 2045 1221 2141; baseline 0.006 -27"><span class='ocrx_word' id='word_1_108' title='bbox 177 2046 292 2129; x_wconf 87' lang='lat' dir='ltr'>docet,</span> <span class='ocrx_word' id='word_1_109' title='bbox 307 2051 506 2141; x_wconf 87' lang='lat' dir='ltr'>potentiam,</span> <span class='ocrx_word' id='word_1_110' title='bbox 522 2045 667 2127; x_wconf 88' lang='lat' dir='ltr'>divitias,</span> <span class='ocrx_word' id='word_1_111' title='bbox 686 2062 860 2114; x_wconf 86' lang='lat' dir='ltr'>externum</span> <span class='ocrx_word' id='word_1_112' title='bbox 879 2047 1091 2139; x_wconf 86' lang='lat' dir='ltr'>splendorem</span> <span class='ocrx_word' id='word_1_113' title='bbox 1103 2068 1136 2119; x_wconf 87' lang='lat' dir='ltr'>et</span> <span class='ocrx_word' id='word_1_114' title='bbox 1148 2051 1221 2120; x_wconf 90' lang='lat' dir='ltr'>vul·</span> 
     </span>
     <span class='ocr_line' id='line_1_16' title="bbox 178 2158 1220 2252; baseline 0.006 -26"><span class='ocrx_word' id='word_1_115' title='bbox 178 2163 268 2252; x_wconf 84' lang='lat' dir='ltr'>geria</span> <span class='ocrx_word' id='word_1_116' title='bbox 280 2159 456 2227; x_wconf 87' lang='lat' dir='ltr'>hominum</span> <span class='ocrx_word' id='word_1_117' title='bbox 469 2159 580 2226; x_wconf 90' lang='lat' dir='ltr'>studia</span> <span class='ocrx_word' id='word_1_118' title='bbox 592 2175 808 2226; x_wconf 86' lang='lat' dir='ltr'>contemnere</span> <span class='ocrx_word' id='word_1_119' title='bbox 822 2181 861 2226; x_wconf 90' lang='lat' dir='ltr'>ac</span> <span class='ocrx_word' id='word_1_120' title='bbox 876 2158 1044 2240; x_wconf 86' lang='lat' dir='ltr'>deridere,</span> <span class='ocrx_word' id='word_1_121' title='bbox 1058 2162 1104 2230; x_wconf 89' lang='lat' dir='ltr'>nil</span> <span class='ocrx_word' id='word_1_122' title='bbox 1117 2162 1220 2232; x_wconf 88' lang='lat' dir='ltr'>admi·</span> 
     </span>
     <span class='ocr_line' id='line_1_17' title="bbox 177 2267 1219 2364; baseline 0.005 -27"><span class='ocrx_word' id='word_1_123' title='bbox 177 2273 258 2350; x_wconf 89' lang='lat' dir='ltr'>rari,</span> <span class='ocrx_word' id='word_1_124' title='bbox 273 2269 307 2337; x_wconf 88' lang='lat' dir='ltr'>h.</span> <span class='ocrx_word' id='word_1_125' title='bbox 324 2294 353 2337; x_wconf 89' lang='lat' dir='ltr'>e.</span> <span class='ocrx_word' id='word_1_126' title='bbox 369 2269 466 2336; x_wconf 89' lang='lat' dir='ltr'>valde</span> <span class='ocrx_word' id='word_1_127' title='bbox 482 2268 534 2336; x_wconf 90' lang='lat' dir='ltr'>vel</span> <span class='ocrx_word' id='word_1_128' title='bbox 554 2283 704 2335; x_wconf 86' lang='lat' dir='ltr'>metuere</span> <span class='ocrx_word' id='word_1_129' title='bbox 719 2267 771 2334; x_wconf 87' lang='lat' dir='ltr'>vel</span> <span class='ocrx_word' id='word_1_130' title='bbox 788 2291 928 2360; x_wconf 91' lang='lat' dir='ltr'>cupere,</span> <span class='ocrx_word' id='word_1_131' title='bbox 945 2272 1219 2364; x_wconf 78' lang='lat' dir='ltr'>tranquillitatem</span> 
     </span>
     <span class='ocr_line' id='line_1_18' title="bbox 175 2377 1219 2464; baseline 0.005 -18"><span class='ocrx_word' id='word_1_132' title='bbox 175 2383 315 2462; x_wconf 86' lang='lat' dir='ltr'>mentis,</span> <span class='ocrx_word' id='word_1_133' title='bbox 336 2382 442 2446; x_wconf 89' lang='lat' dir='ltr'>otium</span> <span class='ocrx_word' id='word_1_134' title='bbox 464 2395 498 2445; x_wconf 89' lang='lat' dir='ltr'>et</span> <span class='ocrx_word' id='word_1_135' title='bbox 516 2377 780 2445; x_wconf 87' lang='lat' dir='ltr'>mediocritatem</span> <span class='ocrx_word' id='word_1_136' title='bbox 799 2401 954 2446; x_wconf 86' lang='lat' dir='ltr'>securam</span> <span class='ocrx_word' id='word_1_137' title='bbox 969 2377 1129 2464; x_wconf 89' lang='lat' dir='ltr'>hominis,</span> <span class='ocrx_word' id='word_1_138' title='bbox 1149 2407 1219 2451; x_wconf 89' lang='lat' dir='ltr'>non</span> 
     </span>
     <span class='ocr_line' id='line_1_19' title="bbox 175 2487 1218 2575; baseline 0.002 -17"><span class='ocrx_word' id='word_1_139' title='bbox 175 2494 209 2558; x_wconf 93' lang='lat' dir='ltr'>in</span> <span class='ocrx_word' id='word_1_140' title='bbox 223 2490 316 2575; x_wconf 90' lang='lat' dir='ltr'>aula,</span> <span class='ocrx_word' id='word_1_141' title='bbox 332 2490 435 2558; x_wconf 87' lang='lat' dir='ltr'>sedin</span> <span class='ocrx_word' id='word_1_142' title='bbox 447 2511 582 2556; x_wconf 87' lang='lat' dir='ltr'>recessu</span> <span class='ocrx_word' id='word_1_143' title='bbox 593 2488 695 2555; x_wconf 88' lang='lat' dir='ltr'>libere</span> <span class='ocrx_word' id='word_1_144' title='bbox 707 2511 748 2554; x_wconf 89' lang='lat' dir='ltr'>ao</span> <span class='ocrx_word' id='word_1_145' title='bbox 762 2487 824 2554; x_wconf 91' lang='lat' dir='ltr'>sibi</span> <span class='ocrx_word' id='word_1_146' title='bbox 837 2491 994 2573; x_wconf 83' lang='lat' dir='ltr'>viventis,</span> <span class='ocrx_word' id='word_1_147' title='bbox 1008 2515 1218 2560; x_wconf 89' lang='lat' dir='ltr'>summorum</span> 
     </span>
     <span class='ocr_line' id='line_1_20' title="bbox 175 2597 1217 2692; baseline 0.001 -24"><span class='ocrx_word' id='word_1_148' title='bbox 175 2601 342 2668; x_wconf 86' lang='lat' dir='ltr'>bonorum</span> <span class='ocrx_word' id='word_1_149' title='bbox 358 2599 431 2667; x_wconf 94' lang='lat' dir='ltr'>loco</span> <span class='ocrx_word' id='word_1_150' title='bbox 446 2615 580 2692; x_wconf 85' lang='lat' dir='ltr'>putare,</span> <span class='ocrx_word' id='word_1_151' title='bbox 599 2597 698 2666; x_wconf 85' lang='lat' dir='ltr'>rebus</span> <span class='ocrx_word' id='word_1_152' title='bbox 711 2601 796 2678; x_wconf 86' lang='lat' dir='ltr'>suis,</span> <span class='ocrx_word' id='word_1_153' title='bbox 814 2600 913 2666; x_wconf 87' lang='lat' dir='ltr'>etiam</span> <span class='ocrx_word' id='word_1_154' title='bbox 927 2601 1068 2691; x_wconf 81' lang='lat' dir='ltr'>exiguis,</span> <span class='ocrx_word' id='word_1_155' title='bbox 1084 2619 1217 2669; x_wconf 87' lang='lat' dir='ltr'>conten-</span> 
     </span>
     <span class='ocr_line' id='line_1_21' title="bbox 175 2709 1216 2804; baseline 0.001 -25"><span class='ocrx_word' id='word_1_156' title='bbox 175 2729 247 2780; x_wconf 92' lang='lat' dir='ltr'>tum</span> <span class='ocrx_word' id='word_1_157' title='bbox 259 2726 343 2794; x_wconf 79' lang='lat' dir='ltr'>esse,</span> <span class='ocrx_word' id='word_1_158' title='bbox 352 2710 574 2804; x_wconf 74' lang='lat' dir='ltr'>praesentibus</span> <span class='ocrx_word' id='word_1_159' title='bbox 584 2709 657 2777; x_wconf 84' lang='lat' dir='ltr'>loete</span> <span class='ocrx_word' id='word_1_160' title='bbox 667 2710 750 2786; x_wconf 84' lang='lat' dir='ltr'>frui,</span> <span class='ocrx_word' id='word_1_161' title='bbox 760 2733 829 2776; x_wconf 88' lang='lat' dir='ltr'>non</span> <span class='ocrx_word' id='word_1_162' title='bbox 842 2709 1021 2778; x_wconf 87' lang='lat' dir='ltr'>sollicitum</span> <span class='ocrx_word' id='word_1_163' title='bbox 1033 2711 1216 2794; x_wconf 80' lang='lat' dir='ltr'>defuturis,</span> 
     </span>
     <span class='ocr_line' id='line_1_22' title="bbox 175 2821 1216 2914; baseline 0.002 -24"><span class='ocrx_word' id='word_1_164' title='bbox 175 2822 226 2891; x_wconf 91' lang='lat' dir='ltr'>vel</span> <span class='ocrx_word' id='word_1_165' title='bbox 251 2827 395 2891; x_wconf 84' lang='lat' dir='ltr'>externis</span> <span class='ocrx_word' id='word_1_166' title='bbox 417 2822 600 2889; x_wconf 83' lang='lat' dir='ltr'>obnoxium</span> <span class='ocrx_word' id='word_1_167' title='bbox 626 2845 715 2903; x_wconf 85' lang='lat' dir='ltr'>esse,</span> <span class='ocrx_word' id='word_1_168' title='bbox 738 2844 848 2914; x_wconf 89' lang='lat' dir='ltr'>neque</span> <span class='ocrx_word' id='word_1_169' title='bbox 867 2837 975 2902; x_wconf 84' lang='lat' dir='ltr'>extra,</span> <span class='ocrx_word' id='word_1_170' title='bbox 996 2821 1057 2889; x_wconf 91' lang='lat' dir='ltr'>sed</span> <span class='ocrx_word' id='word_1_171' title='bbox 1077 2825 1165 2890; x_wconf 87' lang='lat' dir='ltr'>iutra</span> <span class='ocrx_word' id='word_1_172' title='bbox 1180 2849 1216 2892; x_wconf 88' lang='lat' dir='ltr'>se</span> 
     </span>
     <span class='ocr_line' id='line_1_23' title="bbox 176 2934 1216 3030; baseline 0.001 -29"><span class='ocrx_word' id='word_1_173' title='bbox 176 2959 286 3002; x_wconf 85' lang='lat' dir='ltr'>veram</span> <span class='ocrx_word' id='word_1_174' title='bbox 300 2956 450 3030; x_wconf 87' lang='lat' dir='ltr'>quaerere</span> <span class='ocrx_word' id='word_1_175' title='bbox 462 2934 668 3014; x_wconf 80' lang='lat' dir='ltr'>felicitatem,</span> <span class='ocrx_word' id='word_1_176' title='bbox 682 2934 848 2999; x_wconf 80' lang='lat' dir='ltr'>fortunam</span> <span class='ocrx_word' id='word_1_177' title='bbox 863 2939 963 2999; x_wconf 90' lang='lat' dir='ltr'>aDeo</span> <span class='ocrx_word' id='word_1_178' title='bbox 977 2950 1091 3024; x_wconf 89' lang='lat' dir='ltr'>petere</span> <span class='ocrx_word' id='word_1_179' title='bbox 1105 2949 1139 3001; x_wconf 90' lang='lat' dir='ltr'>et</span> <span class='ocrx_word' id='word_1_180' title='bbox 1148 2959 1169 3000; x_wconf 88' lang='lat' dir='ltr'>a</span> <span class='ocrx_word' id='word_1_181' title='bbox 1180 2959 1216 3002; x_wconf 89' lang='lat' dir='ltr'>se</span> 
     </span>
     <span class='ocr_line' id='line_1_24' title="bbox 173 3043 997 3140; baseline -0.001 -29"><span class='ocrx_word' id='word_1_182' title='bbox 173 3048 246 3140; x_wconf 94' lang='lat' dir='ltr'>ipso</span> <span class='ocrx_word' id='word_1_183' title='bbox 260 3070 392 3113; x_wconf 88' lang='lat' dir='ltr'>sumere</span> <span class='ocrx_word' id='word_1_184' title='bbox 405 3048 601 3137; x_wconf 88' lang='lat' dir='ltr'>sapientiam</span> <span class='ocrx_word' id='word_1_185' title='bbox 615 3043 785 3138; x_wconf 86' lang='lat' dir='ltr'>animique</span> <span class='ocrx_word' id='word_1_186' title='bbox 797 3047 997 3138; x_wconf 72' lang='lat' dir='ltr'>inquitatem.</span> 
     </span>
    </p>

    <p class='ocr_par' dir='ltr' id='par_1_3' title="bbox 170 3153 1216 4025">
     <span class='ocr_line' id='line_1_25' title="bbox 219 3153 1215 3236; baseline 0.002 -14"><span class='ocrx_word' id='word_1_187' title='bbox 219 3159 391 3236; x_wconf 84' lang='lat' dir='ltr'>Horatius,</span> <span class='ocrx_word' id='word_1_188' title='bbox 414 3171 453 3221; x_wconf 87' lang='lat' dir='ltr'>ut</span> <span class='ocrx_word' id='word_1_189' title='bbox 466 3155 608 3223; x_wconf 87' lang='lat' dir='ltr'>lectores</span> <span class='ocrx_word' id='word_1_190' title='bbox 627 3171 661 3221; x_wconf 87' lang='lat' dir='ltr'>et</span> <span class='ocrx_word' id='word_1_191' title='bbox 676 3158 810 3222; x_wconf 88' lang='lat' dir='ltr'>suavius</span> <span class='ocrx_word' id='word_1_192' title='bbox 827 3153 976 3222; x_wconf 83' lang='lat' dir='ltr'>afficeret</span> <span class='ocrx_word' id='word_1_193' title='bbox 992 3174 1025 3223; x_wconf 91' lang='lat' dir='ltr'>et</span> <span class='ocrx_word' id='word_1_194' title='bbox 1038 3155 1215 3224; x_wconf 87' lang='lat' dir='ltr'>vehemen-</span> 
     </span>
     <span class='ocr_line' id='line_1_26' title="bbox 173 3265 1215 3358; baseline 0.002 -24"><span class='ocrx_word' id='word_1_195' title='bbox 173 3270 258 3348; x_wconf 90' lang='lat' dir='ltr'>tius,</span> <span class='ocrx_word' id='word_1_196' title='bbox 276 3265 389 3333; x_wconf 85' lang='lat' dir='ltr'>multis</span> <span class='ocrx_word' id='word_1_197' title='bbox 404 3267 513 3332; x_wconf 78' lang='lat' dir='ltr'>satiris</span> <span class='ocrx_word' id='word_1_198' title='bbox 527 3265 585 3332; x_wconf 89' lang='lat' dir='ltr'>vel·</span> <span class='ocrx_word' id='word_1_199' title='bbox 601 3266 817 3358; x_wconf 88' lang='lat' dir='ltr'>epistolarum</span> <span class='ocrx_word' id='word_1_200' title='bbox 835 3266 886 3333; x_wconf 88' lang='lat' dir='ltr'>vel</span> <span class='ocrx_word' id='word_1_201' title='bbox 904 3265 1078 3334; x_wconf 87' lang='lat' dir='ltr'>dramatici</span> <span class='ocrx_word' id='word_1_202' title='bbox 1097 3271 1215 3336; x_wconf 88' lang='lat' dir='ltr'>carmi·</span> 
     </span>
     <span class='ocr_line' id='line_1_27' title="bbox 172 3375 1216 3471; baseline 0.002 -25"><span class='ocrx_word' id='word_1_203' title='bbox 172 3381 224 3446; x_wconf 90' lang='lat' dir='ltr'>nis</span> <span class='ocrx_word' id='word_1_204' title='bbox 237 3379 378 3445; x_wconf 87' lang='lat' dir='ltr'>formam</span> <span class='ocrx_word' id='word_1_205' title='bbox 391 3375 509 3443; x_wconf 92' lang='lat' dir='ltr'>induit.</span> <span class='ocrx_word' id='word_1_206' title='bbox 524 3382 710 3471; x_wconf 90' lang='lat' dir='ltr'>Utramque</span> <span class='ocrx_word' id='word_1_207' title='bbox 724 3380 885 3445; x_wconf 85' lang='lat' dir='ltr'>rationem</span> <span class='ocrx_word' id='word_1_208' title='bbox 900 3381 1034 3471; x_wconf 88' lang='lat' dir='ltr'>sequuti</span> <span class='ocrx_word' id='word_1_209' title='bbox 1050 3397 1129 3447; x_wconf 90' lang='lat' dir='ltr'>sunt</span> <span class='ocrx_word' id='word_1_210' title='bbox 1144 3387 1216 3450; x_wconf 88' lang='lat' dir='ltr'>Per-</span> 
     </span>
     <span class='ocr_line' id='line_1_28' title="bbox 173 3487 1214 3571; baseline 0.001 -12"><span class='ocrx_word' id='word_1_211' title='bbox 173 3495 241 3559; x_wconf 81' lang='lat' dir='ltr'>sius</span> <span class='ocrx_word' id='word_1_212' title='bbox 262 3507 295 3558; x_wconf 89' lang='lat' dir='ltr'>et</span> <span class='ocrx_word' id='word_1_213' title='bbox 315 3488 497 3556; x_wconf 81' lang='lat' dir='ltr'>luvenalis.</span> <span class='ocrx_word' id='word_1_214' title='bbox 519 3488 597 3564; x_wconf 86' lang='lat' dir='ltr'>Sed,</span> <span class='ocrx_word' id='word_1_215' title='bbox 612 3503 650 3556; x_wconf 89' lang='lat' dir='ltr'>ut</span> <span class='ocrx_word' id='word_1_216' title='bbox 672 3489 879 3571; x_wconf 86' lang='lat' dir='ltr'>taceam,-ab</span> <span class='ocrx_word' id='word_1_217' title='bbox 900 3487 951 3556; x_wconf 86' lang='lat' dir='ltr'>his</span> <span class='ocrx_word' id='word_1_218' title='bbox 966 3513 1066 3556; x_wconf 90' lang='lat' dir='ltr'>unam</span> <span class='ocrx_word' id='word_1_219' title='bbox 1085 3507 1214 3560; x_wconf 85' lang='lat' dir='ltr'>tantum</span> 
     </span>
     <span class='ocr_line' id='line_1_29' title="bbox 172 3601 1212 3697; baseline 0.002 -28"><span class='ocrx_word' id='word_1_220' title='bbox 172 3601 378 3693; x_wconf 85' lang='lat' dir='ltr'>alteramque</span> <span class='ocrx_word' id='word_1_221' title='bbox 398 3601 597 3666; x_wconf 87' lang='lat' dir='ltr'>sententiam</span> <span class='ocrx_word' id='word_1_222' title='bbox 619 3614 652 3664; x_wconf 91' lang='lat' dir='ltr'>et</span> <span class='ocrx_word' id='word_1_223' title='bbox 669 3601 857 3691; x_wconf 88' lang='lat' dir='ltr'>argumenti</span> <span class='ocrx_word' id='word_1_224' title='bbox 877 3614 1021 3691; x_wconf 89' lang='lat' dir='ltr'>partem,</span> <span class='ocrx_word' id='word_1_225' title='bbox 1037 3623 1212 3697; x_wconf 85' lang='lat' dir='ltr'>nunquam</span> 
     </span>
     <span class='ocr_line' id='line_1_30' title="bbox 171 3709 1213 3794; baseline 0.001 -14"><span class='ocrx_word' id='word_1_226' title='bbox 171 3737 250 3780; x_wconf 89' lang='lat' dir='ltr'>vero</span> <span class='ocrx_word' id='word_1_227' title='bbox 265 3709 347 3778; x_wconf 93' lang='lat' dir='ltr'>illud</span> <span class='ocrx_word' id='word_1_228' title='bbox 365 3727 474 3777; x_wconf 90' lang='lat' dir='ltr'>totum</span> <span class='ocrx_word' id='word_1_229' title='bbox 496 3713 530 3776; x_wconf 92' lang='lat' dir='ltr'>in</span> <span class='ocrx_word' id='word_1_230' title='bbox 550 3709 666 3777; x_wconf 88' lang='lat' dir='ltr'>drama</span> <span class='ocrx_word' id='word_1_231' title='bbox 688 3727 722 3777; x_wconf 89' lang='lat' dir='ltr'>et</span> <span class='ocrx_word' id='word_1_232' title='bbox 740 3712 904 3778; x_wconf 89' lang='lat' dir='ltr'>actionem</span> <span class='ocrx_word' id='word_1_233' title='bbox 927 3715 1089 3794; x_wconf 86' lang='lat' dir='ltr'>converti,</span> <span class='ocrx_word' id='word_1_234' title='bbox 1113 3718 1213 3781; x_wconf 83' lang='lat' dir='ltr'>Persii</span> 
     </span>
     <span class='ocr_line' id='line_1_31' title="bbox 172 3819 1210 3914; baseline 0.001 -26"><span class='ocrx_word' id='word_1_235' title='bbox 172 3819 323 3914; x_wconf 86' lang='lat' dir='ltr'>dialogus</span> <span class='ocrx_word' id='word_1_236' title='bbox 335 3823 473 3914; x_wconf 81' lang='lat' dir='ltr'>poeticae</span> <span class='ocrx_word' id='word_1_237' title='bbox 482 3819 622 3888; x_wconf 87' lang='lat' dir='ltr'>similior</span> <span class='ocrx_word' id='word_1_238' title='bbox 629 3837 679 3888; x_wconf 91' lang='lat' dir='ltr'>est</span> <span class='ocrx_word' id='word_1_239' title='bbox 691 3820 819 3914; x_wconf 84' lang='lat' dir='ltr'>figurae,</span> <span class='ocrx_word' id='word_1_240' title='bbox 830 3841 990 3914; x_wconf 89' lang='lat' dir='ltr'>quam,ut</span> <span class='ocrx_word' id='word_1_241' title='bbox 999 3826 1210 3904; x_wconf 85' lang='lat' dir='ltr'>Horatianus,</span> 
     </span>
     <span class='ocr_line' id='line_1_32' title="bbox 170 3929 1211 4025; baseline 0.002 -29"><span class='ocrx_word' id='word_1_242' title='bbox 170 3929 287 3997; x_wconf 82' lang='lat' dir='ltr'>vividae</span> <span class='ocrx_word' id='word_1_243' title='bbox 303 3951 417 3997; x_wconf 86' lang='lat' dir='ltr'>rerum</span> <span class='ocrx_word' id='word_1_244' title='bbox 433 3932 731 4023; x_wconf 75' lang='lat' dir='ltr'>repraesentationi,</span> <span class='ocrx_word' id='word_1_245' title='bbox 745 3954 821 4025; x_wconf 81' lang='lat' dir='ltr'>quea</span> <span class='ocrx_word' id='word_1_246' title='bbox 834 3952 957 4022; x_wconf 87' lang='lat' dir='ltr'>magua</span> <span class='ocrx_word' id='word_1_247' title='bbox 971 3934 1211 4002; x_wconf 85' lang='lat' dir='ltr'>sententiarum</span> 
     </span>
    </p>
   </div>
   <div class='ocr_carea' id='block_1_3' title="bbox 170 4098 1209 4253">
    <p class='ocr_par' dir='ltr' id='par_1_4' title="bbox 170 4098 1209 4253">
     <span class='ocr_line' id='line_1_33' title="bbox 210 4098 1209 4247; baseline 0.004 -95"><span class='ocrx_word' id='word_1_248' title='bbox 210 4099 408 4247; x_wconf 52' lang='lat' dir='ltr'>qvidqlureo.</span> <span class='ocrx_word' id='word_1_249' title='bbox 420 4100 474 4154; x_wconf 85' lang='lat' dir='ltr'>Sat.</span> <span class='ocrx_word' id='word_1_250' title='bbox 483 4104 522 4162; x_wconf 83' lang='lat'>11;</span> <span class='ocrx_word' id='word_1_251' title='bbox 536 4098 662 4153; x_wconf 87' lang='lat' dir='ltr'>Wielaod</span> <span class='ocrx_word' id='word_1_252' title='bbox 674 4101 707 4154; x_wconf 84' lang='lat' dir='ltr'>ad</span> <span class='ocrx_word' id='word_1_253' title='bbox 719 4101 810 4155; x_wconf 83' lang='lat' dir='ltr'>Horat.</span> <span class='ocrx_word' id='word_1_254' title='bbox 827 4102 879 4154; x_wconf 88' lang='lat' dir='ltr'>Sat.</span> <span class='ocrx_word' id='word_1_255' title='bbox 895 4103 922 4166; x_wconf 91' lang='lat' dir='ltr'>l,</span> <span class='ocrx_word' id='word_1_256' title='bbox 939 4103 972 4166; x_wconf 74' lang='lat'>33</span> <span class='ocrx_word' id='word_1_257' title='bbox 988 4115 1013 4155; x_wconf 84' lang='lat' dir='ltr'>et</span> <span class='ocrx_word' id='word_1_258' title='bbox 1027 4103 1137 4171; x_wconf 79' lang='lat' dir='ltr'>Manto,</span> <span class='ocrx_word' id='word_1_259' title='bbox 1149 4102 1209 4158; x_wconf 88' lang='lat' dir='ltr'>loeo</span> 
     </span>
     <span class='ocr_line' id='line_1_34' title="bbox 170 4182 401 4253; baseline -0.004 -19"><span class='ocrx_word' id='word_1_260' title='bbox 170 4183 213 4234; x_wconf 84' lang='lat' dir='ltr'>lau</span> <span class='ocrx_word' id='word_1_261' title='bbox 235 4221 241 4232; x_wconf 93' lang='lat'><em>.</em></span> <span class='ocrx_word' id='word_1_262' title='bbox 259 4202 285 4253; x_wconf 93' lang='lat' dir='ltr'>p.</span> <span class='ocrx_word' id='word_1_263' title='bbox 317 4182 351 4250; x_wconf 82' lang='lat'>69</span> <span class='ocrx_word' id='word_1_264' title='bbox 363 4201 401 4252; x_wconf 81' lang='lat' dir='ltr'>aq.</span> 
     </span>
    </p>
   </div>
   <div class='ocr_carea' id='block_1_4' title="bbox 0 0 1578 4950">
    <p class='ocr_par' dir='ltr' id='par_1_5' title="bbox 0 0 1578 4950">
     <span class='ocr_line' id='line_1_35' title="bbox 0 0 1578 4950; baseline 0 6"><span class='ocrx_word' id='word_1_265' title='bbox 0 0 1578 4950; x_wconf 95' lang='lat' dir='ltr'> </span> 
     </span>
    </p>
   </div>
  </div>
 </body>
</html>
