2986 4924
330 438 391 504 188
639 439 676 500 A.
701 435 862 500 PERSll
887 435 1057 500 FLACGl

323 564 376 632 Nil
388 563 450 631 tihi
462 563 630 630 concessit
641 563 743 628 ratio:
757 560 900 652 digitum
912 584 1026 642 exere,
1039 583 1178 653 peccas,
1192 591 1193 596 ¹

322 680 366 744 Et
376 673 459 770 quid
471 690 539 742 ιιιιιι
551 697 696 767 parvum
708 671 851 741 estised
864 673 959 742 nullo
971 671 1072 741 thure
1083 673 1209 757 litabis,
1332 705 1382 740 no

323 790 458 854 Haereat
468 788 504 853 in
517 785 628 853 stultis
639 783 753 852 brevis
765 800 804 852 ut
815 787 990 853 semuncia
1003 788 1095 852 recti.

323 900 404 964 Haec
415 897 557 964 miscere
568 894 682 964 nefas:
696 918 759 963 nec
767 919 897 990 ,quum
910 898 955 963 sis
969 913 1087 964 caetera
1101 896 1227 978 fossor,

322 1011 406 1074 Trea
418 1021 551 1074 tantum
563 1005 607 1073 ad
619 1027 781 1080 numeros
793 1007 899 1098 satyri
910 1028 1067 1073 moveare
1080 1003 1236 1100 Bathylli.

308 1084 424 1187 Liber
435 1142 514 1211 ego
528 1117 620 1185 unde
633 1116 750 1185 datum
762 1116 827 1185 hoc
839 1141 962 1200 sumis
978 1134 1029 1185 tot
1040 1116 1174 1185 subdite
1186 1118 1309 1186 rebus?

324 1228 730 1322 Andominumignoras,
744 1232 808 1296 nisi
799 1228 1085 1324 'quemrindicta
1098 1229 1247 1298 relaxat?
1332 1243 1381 1297 ης

324 1345 339 1406 l
350 1364 473 1434 ,‚puer
486 1356 521 1407 et
532 1338 680 1432 strigiles
691 1342 837 1434 Crispini
848 1339 891 1407 ad
903 1339 1024 1407 balnea
1035 1338 1140 1408 defer.

323 1454 375 1521 Si'
367 1455 554 1544 increpuit:
568 1475 680 1519 cessas
688 1468 872 1544 ,nugator⁸
847 1457 872 1500 ¹
889 1452 1061 1519 servitium
1074 1427 1151 1518 acie

323 1567 373 1630 Te
385 1561 469 1629 nihil
482 1561 642 1654 impellit,
657 1561 918 1656 necquidquam
931 1565 1139 1629 extrinsecus
1152 1566 1274 1646 intrat,

323 1671 423 1760 Quod
435 1695 558 1740 nervos
570 1674 683 1764 agitet.
697 1671 761 1740 Sed
772 1675 800 1739 si
812 1674 922 1752 intus,
935 1688 969 1739 et
980 1674 1014 1739 iu
1024 1668 1138 1764 jecore
1149 1695 1239 1765 aegro

324 1789 513 1852 Nascantur
525 1783 745 1878 domini3qul
757 1801 794 1850 tu
806 1785 1005 1876 impunitior
1017 1785 1103 1866 exiS,
1333 1799 1383 1850 130

326 1895 434 1988 Atque
445 1893 501 1961 hic
513 1918 615 1988 quem
626 1892 670 1960 ad
683 1893 827 1986 strigiles
840 1894 966 1961 scutica
979 1911 1012 1960 et
1023 1911 1134 1960 metus
1145 1896 1215 1985 egit
1226 1892 1367 1961 herilis?

372 2011 474 2073 Mane
486 2010 580 2098 piger
591 2007 703 2074 stertis
716 2032 723 2072 ι
737 2008 856 2096 Surge,
868 2007 980 2100 inquit
991 2006 1154 2074 Avaritia!
1169 2007 1239 2086 eia,

325 2183 471 2245 habenas.
489 2183 611 2245 Scilicet
624 2207 658 2246 ea
673 2206 744 2246 vera
759 2185 887 2246 dentum
901 2187 981 2246 ratio
996 2201 1057 2262 est,
1072 2207 1142 2267 quae
1157 2183 1383 2247 nihilomnino

326 2282 384 2341 tibi
399 2281 547 2343 concedat
559 2281 772 2342 inconsultum
785 2303 792 2344 ι
808 2283 833 2342 si
846 2281 894 2342 vel
907 2281 1039 2362 digitum
1052 2283 1158 2364 inepte
1169 2303 1309 2358 moveas,
1325 2303 1384 2343 no-

326 2401 398 2441 cens
409 2403 457 2455 es3
473 2403 535 2462 qua
547 2381 637 2464 culpa
651 2401 797 2462 quanam
811 2395 856 2441 est
870 2381 988 2442 leviori
1001 2381 1095 2441 nullis
1106 2395 1211 2441 tamen
1224 2380 1385 2464 suppliciis

328 2478 485 2555 obtineas,
501 2478 547 2540 vel
562 2479 727 2539 minimam
742 2479 801 2538 sihi
818 2477 954 2538 habeant
972 2479 1130 2559 sapientie
1149 2478 1385 2561 portiunculam

327 2579 382 2660 qui
399 2577 572 2639 insaniunt.
591 2579 780 2660 Sapientiam
795 2579 875 2637 inter
889 2591 919 2637 et
933 2579 1088 2637 insaniam
1103 2580 1294 2638 consortium
1312 2577 1384 2637 nul-

327 2678 411 2751 lum;
422 2699 525 2758 neque
537 2678 637 2758 magis
650 2676 697 2736 vel
711 2678 745 2736 in
757 2677 888 2735 minima
902 2697 934 2736 re
945 2677 1067 2757 sapiens
1078 2697 1141 2737 esse
1152 2678 1263 2760 possis,
1274 2691 1383 2736 catera

329 2775 436 2834 omnia
451 2777 594 2849 insanus,
613 2795 728 2854 quarn,
748 2794 846 2853 quum
865 2775 904 2832 sis
924 2772 1043 2855 alioqui
1062 2775 1211 2849 rusticus,
1230 2773 1311 2834 duos
1331 2787 1385 2832 aut

329 2885 389 2932 trec
403 2893 512 2932 eorum
527 2873 701 2954 exsequaris
717 2890 879 2946 numeros,
895 2887 973 2952 quos
988 2871 1078 2932 saltat
1092 2871 1144 2932 ille
1160 2869 1322 2956 Bathyllus
1339 2891 1384 2931 sa·

329 2987 472 3056 tyrorum
486 2964 658 3033 aemulator.
672 2972 767 3032 Liber
784 2992 841 3053 ego
858 2993 945 3047 suin,
965 2973 1025 3032 ais:
1047 2971 1130 3032 unde
1144 2963 1205 3032 'tibi
1221 2969 1281 3032 hoc
1299 2992 1383 3032 arro·

329 3091 399 3152 gas,
418 3071 472 3152 qui
486 3082 552 3130 tam
566 3068 671 3128 multis
691 3067 781 3129 rebus
795 3071 928 3130 serviens
943 3068 1003 3129 sis?
1016 3072 1071 3128 ¹Au
1090 3083 1199 3152 praeter
1216 3068 1384 3129 dominum

329 3191 348 3228 a
360 3189 423 3250 quo
437 3181 465 3228 te
475 3169 564 3248 virga
575 3165 712 3226 vindicat
728 3169 880 3249 praetoris,
893 3165 1016 3226 nullum
1030 3166 1127 3226 alium
1140 3167 1275 3227 novisti?
1287 3167 1386 3247 Equi-

330 3263 417 3338 dem,
429 3264 511 3324 dicat
522 3265 577 3324 iste
586 3262 750 3324 dominus:
764 3265 792 3337 l,
804 3284 896 3345 puer,
909 3277 937 3324 et
948 3263 987 3323 ad
997 3262 1144 3323 balneum
1154 3263 1290 3346 Crispini
1300 3262 1385 3323 defer

330 3381 413 3421 meas
430 3360 574 3444 strigilem
590 3360 674 3421 idern
689 3361 731 3420 sic
744 3361 924 3442 increpitet:
946 3361 1115 3434 cunctaris,
1130 3363 1283 3442 nugator!
1305 3359 1383 3421 nihil

327 3457 391 3539 jam
405 3470 435 3517 te
447 3471 573 3518 movent
586 3459 652 3518 istoe
665 3479 770 3535 voces,
789 3455 869 3517 nihil
882 3471 910 3517 te
924 3457 1003 3517 dura
1020 3459 1159 3539 corporis
1171 3459 1317 3530 servitus3
1333 3479 1385 3518 ne·

330 3575 391 3638 que
403 3554 574 3638 quidquam
588 3555 627 3616 ah
642 3551 766 3617 externo
783 3558 886 3630 times,
903 3555 986 3637 quod
1001 3556 1057 3616 tibi
1073 3575 1184 3616 nervos
1198 3557 1341 3636 exagitet.
1356 3555 1387 3615 Si

330 3673 403 3714 vero
424 3656 508 3715 intus
527 3657 606 3714 etin
627 3668 798 3737 aegrotante
816 3655 923 3714 animo
937 3654 1057 3714 domini
1075 3655 1290 3729 innascantur,
1309 3674 1386 3714 num

329 3766 364 3814 tu
374 3753 491 3813 minori
503 3773 603 3835 poenae
612 3751 766 3814 obnoxius
774 3773 820 3827 es,
831 3773 926 3832 quam
938 3753 993 3812 iste
1002 3771 1121 3828 servus,
1131 3772 1225 3833 quem
1235 3750 1276 3811 ad
1285 3750 1386 3811 feren·

331 3850 412 3911 das
404 3873 436 3911 ιιι
456 3851 566 3912 balnea
585 3851 714 3934 strigiles
735 3849 827 3912 herus
846 3853 909 3933 agit
927 3854 1048 3912 seuticae
1062 3850 1169 3912 metu?
1185 3851 1290 3934 Cogita
1302 3869 1387 3933 porro

290 3969 422 4031 quam
436 3947 521 4010 malti
536 3949 612 4010 tibi
603 3954 709 4011 interni
722 3951 836 4012 domini
849 3952 924 4011 sint!

376 4047 440 4107 132.
461 4047 554 4108 Mane
575 4047 719 4109 dormis'
711 4071 745 4108 ιιι
764 4047 877 4109 lectulo
899 4047 1002 4122 deses;
1023 4067 1091 4108 ecce
1113 4047 1260 4108 inclamat
1282 4046 1386 4106 Avari·

330 4144 389 4202 tia:
402 4144 529 4226 Surgas,
545 4148 592 4208 eia
605 4168 677 4228 age,
688 4167 803 4228 surgas.
797 4147 862 4206 .To
873 4144 1251 4220 renuis3atilla1nstunt:
1266 4163 1383 4225 surgat.
