<?xml version="1.0" encoding="UTF-8"?>
<!DOCTYPE html PUBLIC "-//W3C//DTD XHTML 1.0 Transitional//EN"
    "http://www.w3.org/TR/xhtml1/DTD/xhtml1-transitional.dtd">
<html xmlns="http://www.w3.org/1999/xhtml" xml:lang="en" lang="en">
 <head>
  <title>
</title>
<meta http-equiv="Content-Type" content="text/html;charset=utf-8" />
  <meta name='ocr-system' content='tesseract 3.04.00' />
  <meta name='ocr-capabilities' content='ocr_page ocr_carea ocr_par ocr_line ocrx_word'/>
</head>
<body>
  <div class='ocr_page' id='page_1' title='image "./sexdecimsatir00lemagoog_0149.png"; bbox 0 0 2970 4936; ppageno 0'>
   <div class='ocr_carea' id='block_1_1' title="bbox 337 500 1134 602">
    <p class='ocr_par' dir='ltr' id='par_1_1' title="bbox 337 500 1134 602">
     <span class='ocr_line' id='line_1_1' title="bbox 337 500 1134 602; baseline 0.005 -38"><span class='ocrx_word' id='word_1_1' title='bbox 337 501 386 602; x_wconf 82' lang='lat' dir='ltr'>lll</span> <span class='ocrx_word' id='word_1_2' title='bbox 411 500 626 568; x_wconf 81' lang='lat' dir='ltr'><strong>SATIRAM</strong></span> <span class='ocrx_word' id='word_1_3' title='bbox 650 503 884 568; x_wconf 83' lang='lat' dir='ltr'>TERTIAM.</span> <span class='ocrx_word' id='word_1_4' title='bbox 1074 503 1134 568; x_wconf 82' lang='lat'>133</span> 
     </span>
    </p>
   </div>
   <div class='ocr_carea' id='block_1_2' title="bbox 86 626 1137 782">
    <p class='ocr_par' dir='ltr' id='par_1_2' title="bbox 86 626 1137 782">
     <span class='ocr_line' id='line_1_2' title="bbox 86 626 1137 700; baseline 0.002 -19"><span class='ocrx_word' id='word_1_5' title='bbox 86 647 117 682; x_wconf 86' lang='lat' dir='ltr'>eo</span> <span class='ocrx_word' id='word_1_6' title='bbox 128 639 237 700; x_wconf 75' lang='lat' dir='ltr'>arrepto</span> <span class='ocrx_word' id='word_1_7' title='bbox 250 626 327 700; x_wconf 89' lang='lat' dir='ltr'>qnod</span> <span class='ocrx_word' id='word_1_8' title='bbox 340 629 456 700; x_wconf 88' lang='lat' dir='ltr'>primum</span> <span class='ocrx_word' id='word_1_9' title='bbox 470 631 497 681; x_wconf 89' lang='lat' dir='ltr'>iu</span> <span class='ocrx_word' id='word_1_10' title='bbox 511 647 606 689; x_wconf 76' lang='lat' dir='ltr'>manus</span> <span class='ocrx_word' id='word_1_11' title='bbox 617 631 725 682; x_wconf 79' lang='lat' dir='ltr'>venerit.</span> <span class='ocrx_word' id='word_1_12' title='bbox 741 630 824 698; x_wconf 81' lang='lat' dir='ltr'><strong>Quasi</strong></span> <span class='ocrx_word' id='word_1_13' title='bbox 834 631 862 681; x_wconf 90' lang='lat' dir='ltr'>iu</span> <span class='ocrx_word' id='word_1_14' title='bbox 876 629 1048 700; x_wconf 82' lang='lat' dir='ltr'>proverbium</span> <span class='ocrx_word' id='word_1_15' title='bbox 1064 629 1137 683; x_wconf 82' lang='lat' dir='ltr'>abie-</span> 
     </span>
     <span class='ocr_line' id='line_1_3' title="bbox 87 706 1137 782; baseline 0.004 -22"><span class='ocrx_word' id='word_1_16' title='bbox 87 724 123 762; x_wconf 83' lang='lat' dir='ltr'>rat</span> <span class='ocrx_word' id='word_1_17' title='bbox 136 709 208 781; x_wconf 77' lang='lat' dir='ltr'>apud</span> <span class='ocrx_word' id='word_1_18' title='bbox 223 711 349 780; x_wconf 76' lang='lat' dir='ltr'>antiquos</span> <span class='ocrx_word' id='word_1_19' title='bbox 363 711 455 762; x_wconf 81' lang='lat' dir='ltr'>sectari</span> <span class='ocrx_word' id='word_1_20' title='bbox 468 729 543 774; x_wconf 80' lang='lat' dir='ltr'>coes,</span> <span class='ocrx_word' id='word_1_21' title='bbox 558 708 592 762; x_wconf 74' lang='lat' dir='ltr'>col</span> <span class='ocrx_word' id='word_1_22' title='bbox 605 706 722 776; x_wconf 70' lang='lat' dir='ltr'>suiuus</span> <span class='ocrx_word' id='word_1_23' title='bbox 734 706 838 772; x_wconf 71' lang='lat' dir='ltr'>utun,</span> <span class='ocrx_word' id='word_1_24' title='bbox 859 711 932 782; x_wconf 91' lang='lat' dir='ltr'>quod</span> <span class='ocrx_word' id='word_1_25' title='bbox 950 714 978 762; x_wconf 89' lang='lat' dir='ltr'>iu</span> <span class='ocrx_word' id='word_1_26' title='bbox 992 710 1089 764; x_wconf 86' lang='lat' dir='ltr'>stultos</span> <span class='ocrx_word' id='word_1_27' title='bbox 1107 730 1137 764; x_wconf 80' lang='lat' dir='ltr'>se</span> 
     </span>
    </p>
   </div>
   <div class='ocr_carea' id='block_1_3' title="bbox 7 786 1138 855">
    <p class='ocr_par' dir='ltr' id='par_1_3' title="bbox 7 786 1138 855">
     <span class='ocr_line' id='line_1_4' title="bbox 7 786 1138 855; baseline 0.002 -15"><span class='ocrx_word' id='word_1_28' title='bbox 7 813 8 816; x_wconf 42' lang='lat'>¹</span> <span class='ocrx_word' id='word_1_29' title='bbox 87 789 177 840; x_wconf 81' lang='lat' dir='ltr'>lmstre</span> <span class='ocrx_word' id='word_1_30' title='bbox 191 786 349 840; x_wconf 78' lang='lat' dir='ltr'>laborantes</span> <span class='ocrx_word' id='word_1_31' title='bbox 363 787 530 842; x_wconf 72' lang='lat' dir='ltr'>dictitabant.</span> <span class='ocrx_word' id='word_1_32' title='bbox 546 791 624 841; x_wconf 86' lang='lat' dir='ltr'>Couf.</span> <span class='ocrx_word' id='word_1_33' title='bbox 640 789 733 842; x_wconf 87' lang='lat' dir='ltr'>Senec.</span> <span class='ocrx_word' id='word_1_34' title='bbox 747 789 780 842; x_wconf 88' lang='lat' dir='ltr'>de</span> <span class='ocrx_word' id='word_1_35' title='bbox 794 791 855 842; x_wconf 82' lang='lat' dir='ltr'>viu</span> <span class='ocrx_word' id='word_1_36' title='bbox 869 793 958 842; x_wconf 79' lang='lat' dir='ltr'>Beate.</span> <span class='ocrx_word' id='word_1_37' title='bbox 972 820 1008 830; x_wconf 94' lang='lat'><em>-</em></span> <span class='ocrx_word' id='word_1_38' title='bbox 1021 791 1120 844; x_wconf 79' lang='lat' dir='ltr'>Passim</span> <span class='ocrx_word' id='word_1_39' title='bbox 1128 815 1138 855; x_wconf 77' lang='lat'>,-</span> 
     </span>
    </p>
   </div>
   <div class='ocr_carea' id='block_1_4' title="bbox 7 867 798 944">
    <p class='ocr_par' dir='ltr' id='par_1_4' title="bbox 7 867 798 944">
     <span class='ocr_line' id='line_1_5' title="bbox 7 867 798 944; baseline -0.001 -25"><span class='ocrx_word' id='word_1_40' title='bbox 7 941 8 944; x_wconf 8' lang='lat'>¹</span> <span class='ocrx_word' id='word_1_41' title='bbox 90 869 175 920; x_wconf 81' lang='lat' dir='ltr'>Seuer.</span> <span class='ocrx_word' id='word_1_42' title='bbox 189 871 218 920; x_wconf 91' lang='lat' dir='ltr'>in</span> <span class='ocrx_word' id='word_1_43' title='bbox 231 867 348 939; x_wconf 82' lang='lat' dir='ltr'>Epistol.</span> <span class='ocrx_word' id='word_1_44' title='bbox 364 890 371 920; x_wconf 74' lang='grc' dir='ltr'><strong><em>ε</em></strong></span> <span class='ocrx_word' id='word_1_45' title='bbox 386 891 398 914; x_wconf 75' lang='grc' dir='ltr'>ι</span> <span class='ocrx_word' id='word_1_46' title='bbox 406 869 502 941; x_wconf 78' lang='lat' dir='ltr'>passim</span> <span class='ocrx_word' id='word_1_47' title='bbox 517 871 613 922; x_wconf 83' lang='lat' dir='ltr'>sectari</span> <span class='ocrx_word' id='word_1_48' title='bbox 626 871 798 942; x_wconf 73' lang='lat' dir='ltr'>profutura.-</span> 
     </span>
    </p>
   </div>
   <div class='ocr_carea' id='block_1_5' title="bbox 7 993 1142 1390">
    <p class='ocr_par' dir='ltr' id='par_1_5' title="bbox 7 993 1142 1390">
     <span class='ocr_line' id='line_1_6' title="bbox 123 993 1139 1070; baseline 0.009 -27"><span class='ocrx_word' id='word_1_49' title='bbox 123 993 184 1044; x_wconf 78' lang='lat' dir='ltr'>Nor.</span> <span class='ocrx_word' id='word_1_50' title='bbox 204 994 249 1046; x_wconf 75' lang='lat'>62.</span> <span class='ocrx_word' id='word_1_51' title='bbox 265 995 376 1048; x_wconf 80' lang='lat' dir='ltr'>Serums</span> <span class='ocrx_word' id='word_1_52' title='bbox 390 1013 443 1067; x_wconf 84' lang='lat' dir='ltr'>quo</span> <span class='ocrx_word' id='word_1_53' title='bbox 457 1014 503 1068; x_wconf 84' lang='lat' dir='ltr'>pes</span> <span class='ocrx_word' id='word_1_54' title='bbox 513 995 600 1068; x_wconf 84' lang='lat' dir='ltr'>feret,</span> <span class='ocrx_word' id='word_1_55' title='bbox 616 1007 695 1069; x_wconf 85' lang='lat' dir='ltr'>utque</span> <span class='ocrx_word' id='word_1_56' title='bbox 705 1014 738 1048; x_wconf 81' lang='lat' dir='ltr'>ex</span> <span class='ocrx_word' id='word_1_57' title='bbox 753 1007 867 1070; x_wconf 81' lang='lat' dir='ltr'>tempore</span> <span class='ocrx_word' id='word_1_58' title='bbox 883 998 965 1052; x_wconf 83' lang='lat' dir='ltr'>nivis?</span> <span class='ocrx_word' id='word_1_59' title='bbox 981 1029 1016 1038; x_wconf 97' lang='lat'>—</span> <span class='ocrx_word' id='word_1_60' title='bbox 1034 1000 1139 1054; x_wconf 73' lang='lat' dir='ltr'>Seuerus</span> 
     </span>
     <span class='ocr_line' id='line_1_7' title="bbox 91 1074 1140 1151; baseline 0.006 -25"><span class='ocrx_word' id='word_1_61' title='bbox 91 1093 135 1146; x_wconf 84' lang='lat' dir='ltr'>quo</span> <span class='ocrx_word' id='word_1_62' title='bbox 141 1093 187 1144; x_wconf 83' lang='lat' dir='ltr'>pes</span> <span class='ocrx_word' id='word_1_63' title='bbox 192 1074 288 1144; x_wconf 84' lang='lat' dir='ltr'>serut,·</span> <span class='ocrx_word' id='word_1_64' title='bbox 300 1076 394 1130; x_wconf 84' lang='lat' dir='ltr'>Seuec.</span> <span class='ocrx_word' id='word_1_65' title='bbox 406 1075 439 1128; x_wconf 90' lang='lat' dir='ltr'>de</span> <span class='ocrx_word' id='word_1_66' title='bbox 450 1077 653 1148; x_wconf 78' lang='lat' dir='ltr'>Tranquillitete</span> <span class='ocrx_word' id='word_1_67' title='bbox 664 1078 763 1130; x_wconf 65' lang='lat' dir='ltr'>Anime}</span> <span class='ocrx_word' id='word_1_68' title='bbox 775 1099 780 1127; x_wconf 94' lang='lat'><strong>:</strong></span> <span class='ocrx_word' id='word_1_69' title='bbox 794 1099 807 1124; x_wconf 80' lang='lat' dir='ltr'>s</span> <span class='ocrx_word' id='word_1_70' title='bbox 817 1080 862 1150; x_wconf 89' lang='lat' dir='ltr'>qui</span> <span class='ocrx_word' id='word_1_71' title='bbox 874 1079 931 1131; x_wconf 88' lang='lat' dir='ltr'>sine</span> <span class='ocrx_word' id='word_1_72' title='bbox 942 1083 1082 1151; x_wconf 90' lang='lat' dir='ltr'>proposito</span> <span class='ocrx_word' id='word_1_73' title='bbox 1094 1099 1140 1134; x_wconf 84' lang='lat' dir='ltr'>vu-</span> 
     </span>
     <span class='ocr_line' id='line_1_8' title="bbox 89 1156 1139 1232; baseline 0.006 -28"><span class='ocrx_word' id='word_1_74' title='bbox 89 1167 191 1224; x_wconf 81' lang='lat' dir='ltr'>geutnr,</span> <span class='ocrx_word' id='word_1_75' title='bbox 205 1168 356 1226; x_wconf 83' lang='lat' dir='ltr'>quaerentes</span> <span class='ocrx_word' id='word_1_76' title='bbox 369 1158 492 1232; x_wconf 57' lang='lat' dir='ltr'>negotiu</span> <span class='ocrx_word' id='word_1_77' title='bbox 510 1159 557 1228; x_wconf 90' lang='lat' dir='ltr'>qui</span> <span class='ocrx_word' id='word_1_78' title='bbox 572 1176 627 1209; x_wconf 90' lang='lat' dir='ltr'>non</span> <span class='ocrx_word' id='word_1_79' title='bbox 645 1176 703 1228; x_wconf 83' lang='lat' dir='ltr'>quse</span> <span class='ocrx_word' id='word_1_80' title='bbox 720 1156 919 1212; x_wconf 79' lang='lat' dir='ltr'>destinaverunt</span> <span class='ocrx_word' id='word_1_81' title='bbox 936 1173 1034 1230; x_wconf 82' lang='lat' dir='ltr'>egunt,</span> <span class='ocrx_word' id='word_1_82' title='bbox 1049 1159 1139 1213; x_wconf 88' lang='lat' dir='ltr'>sedin</span> 
     </span>
     <span class='ocr_line' id='line_1_9' title="bbox 7 1235 1141 1312; baseline 0.007 -28"><span class='ocrx_word' id='word_1_83' title='bbox 7 1281 8 1284; x_wconf 75' lang='grc'>,</span> <span class='ocrx_word' id='word_1_84' title='bbox 89 1251 140 1303; x_wconf 75' lang='lat' dir='ltr'>que</span> <span class='ocrx_word' id='word_1_85' title='bbox 155 1235 363 1288; x_wconf 67' lang='lat' dir='ltr'>incurrerunt:</span> <span class='ocrx_word' id='word_1_86' title='bbox 380 1267 416 1276; x_wconf 92' lang='lat'><em>-</em></span> <span class='ocrx_word' id='word_1_87' title='bbox 435 1236 523 1309; x_wconf 80' lang='lat' dir='ltr'>Atque</span> <span class='ocrx_word' id='word_1_88' title='bbox 536 1255 568 1300; x_wconf 70' lang='lat' dir='ltr'>est</span> <span class='ocrx_word' id='word_1_89' title='bbox 581 1249 697 1312; x_wconf 81' lang='lat' dir='ltr'>tempore</span> <span class='ocrx_word' id='word_1_90' title='bbox 711 1239 792 1299; x_wconf 82' lang='lat' dir='ltr'>vivis;</span> <span class='ocrx_word' id='word_1_91' title='bbox 810 1236 838 1290; x_wconf 87' lang='lat' dir='ltr'>h.</span> <span class='ocrx_word' id='word_1_92' title='bbox 857 1257 880 1290; x_wconf 89' lang='lat' dir='ltr'>e.</span> <span class='ocrx_word' id='word_1_93' title='bbox 896 1256 951 1290; x_wconf 89' lang='lat' dir='ltr'>uon</span> <span class='ocrx_word' id='word_1_94' title='bbox 965 1235 997 1292; x_wconf 81' lang='lat' dir='ltr'>ex</span> <span class='ocrx_word' id='word_1_95' title='bbox 1010 1241 1141 1309; x_wconf 83' lang='lat' dir='ltr'>consilio,</span> 
     </span>
     <span class='ocr_line' id='line_1_10' title="bbox 89 1309 1142 1390; baseline 0.009 -27"><span class='ocrx_word' id='word_1_96' title='bbox 89 1311 130 1363; x_wconf 85' lang='lat' dir='ltr'>sed</span> <span class='ocrx_word' id='word_1_97' title='bbox 141 1329 176 1363; x_wconf 79' lang='lat' dir='ltr'>es·</span> <span class='ocrx_word' id='word_1_98' title='bbox 189 1325 310 1390; x_wconf 79' lang='lat' dir='ltr'>tempore</span> <span class='ocrx_word' id='word_1_99' title='bbox 328 1315 356 1367; x_wconf 86' lang='lat' dir='ltr'>in</span> <span class='ocrx_word' id='word_1_100' title='bbox 375 1316 444 1368; x_wconf 86' lang='lat' dir='ltr'>diem</span> <span class='ocrx_word' id='word_1_101' title='bbox 460 1309 570 1368; x_wconf 78' lang='lat' dir='ltr'>victites.</span> <span class='ocrx_word' id='word_1_102' title='bbox 590 1317 675 1368; x_wconf 80' lang='lat' dir='ltr'>Cicer.</span> <span class='ocrx_word' id='word_1_103' title='bbox 691 1315 725 1369; x_wconf 87' lang='lat' dir='ltr'>tle</span> <span class='ocrx_word' id='word_1_104' title='bbox 739 1318 814 1372; x_wconf 83' lang='lat' dir='ltr'>Orat.</span> <span class='ocrx_word' id='word_1_105' title='bbox 829 1318 885 1370; x_wconf 83' lang='lat' dir='ltr'>Xl:</span> <span class='ocrx_word' id='word_1_106' title='bbox 904 1319 954 1370; x_wconf 83' lang='lat' dir='ltr'>·si</span> <span class='ocrx_word' id='word_1_107' title='bbox 968 1317 1142 1374; x_wconf 80' lang='lat' dir='ltr'>barbarorum</span> 
     </span>
    </p>
   </div>
   <div class='ocr_carea' id='block_1_6' title="bbox 90 1387 1143 1546">
    <p class='ocr_par' dir='ltr' id='par_1_6' title="bbox 90 1387 1143 1546">
     <span class='ocr_line' id='line_1_11' title="bbox 90 1387 1143 1471; baseline 0.011 -29"><span class='ocrx_word' id='word_1_108' title='bbox 90 1391 162 1443; x_wconf 82' lang='lat' dir='ltr'>estin</span> <span class='ocrx_word' id='word_1_109' title='bbox 178 1387 380 1470; x_wconf 43' lang='lat' dir='ltr'>diem&#39;vioereq</span> <span class='ocrx_word' id='word_1_110' title='bbox 394 1409 489 1450; x_wconf 71' lang='lat' dir='ltr'>nostre.</span> <span class='ocrx_word' id='word_1_111' title='bbox 504 1396 615 1458; x_wconf 72' lang='lat' dir='ltr'>consiliu</span> <span class='ocrx_word' id='word_1_112' title='bbox 630 1397 821 1470; x_wconf 80' lang='lat' dir='ltr'>sempiternum</span> <span class='ocrx_word' id='word_1_113' title='bbox 839 1410 943 1469; x_wconf 88' lang='lat' dir='ltr'>tempus</span> <span class='ocrx_word' id='word_1_114' title='bbox 962 1413 1081 1471; x_wconf 81' lang='lat' dir='ltr'>spectare</span> <span class='ocrx_word' id='word_1_115' title='bbox 1096 1400 1143 1454; x_wconf 89' lang='lat' dir='ltr'>de·</span> 
     </span>
     <span class='ocr_line' id='line_1_12' title="bbox 90 1469 556 1546; baseline 0.015 -25"><span class='ocrx_word' id='word_1_116' title='bbox 90 1469 155 1526; x_wconf 88' lang='lat' dir='ltr'>beut.</span> <span class='ocrx_word' id='word_1_117' title='bbox 169 1497 181 1520; x_wconf 79' lang='grc' dir='ltr'>ι</span> <span class='ocrx_word' id='word_1_118' title='bbox 199 1475 283 1526; x_wconf 73' lang='lat' dir='ltr'>Rom.</span> <span class='ocrx_word' id='word_1_119' title='bbox 298 1473 394 1546; x_wconf 65' lang='lat' dir='ltr'>OtlysS.</span> <span class='ocrx_word' id='word_1_120' title='bbox 410 1477 488 1542; x_wconf 72' lang='lat' dir='ltr'>XXI,</span> <span class='ocrx_word' id='word_1_121' title='bbox 504 1475 556 1530; x_wconf 78' lang='lat'>85:</span> 
     </span>
    </p>
   </div>
   <div class='ocr_carea' id='block_1_7' title="bbox 293 1565 852 1705">
    <p class='ocr_par' dir='ltr' id='par_1_7' title="bbox 293 1565 852 1705">
     <span class='ocr_line' id='line_1_13' title="bbox 293 1565 792 1638; baseline 0.008 -20"><span class='ocrx_word' id='word_1_122' title='bbox 293 1565 376 1621; x_wconf 75' lang='lat' dir='ltr'>Nimu</span> <span class='ocrx_word' id='word_1_123' title='bbox 386 1571 528 1636; x_wconf 70' lang='grc' dir='ltr'>ἀγροιιῖψ,</span> <span class='ocrx_word' id='word_1_124' title='bbox 538 1570 649 1638; x_wconf 64' lang='lat' dir='ltr'>lentulus</span> <span class='ocrx_word' id='word_1_125' title='bbox 658 1573 792 1638; x_wconf 69' lang='lat' dir='ltr'>operissent.</span> 
     </span>
     <span class='ocr_line' id='line_1_14' title="bbox 293 1645 852 1705; baseline 0.004 -17"><span class='ocrx_word' id='word_1_126' title='bbox 293 1645 374 1702; x_wconf 76' lang='lat' dir='ltr'>(stetu</span> <span class='ocrx_word' id='word_1_127' title='bbox 382 1652 491 1703; x_wconf 74' lang='lat' dir='ltr'>agrestes,</span> <span class='ocrx_word' id='word_1_128' title='bbox 500 1649 540 1704; x_wconf 80' lang='lat' dir='ltr'>qui</span> <span class='ocrx_word' id='word_1_129' title='bbox 548 1645 605 1688; x_wconf 86' lang='lat' dir='ltr'>diem</span> <span class='ocrx_word' id='word_1_130' title='bbox 614 1647 724 1692; x_wconf 78' lang='lat' dir='ltr'>durantia</span> <span class='ocrx_word' id='word_1_131' title='bbox 734 1647 852 1705; x_wconf 64' lang='lat' dir='ltr'>cogitent.)</span> 
     </span>
    </p>
   </div>
   <div class='ocr_carea' id='block_1_8' title="bbox 7 1729 1144 1806">
    <p class='ocr_par' dir='ltr' id='par_1_8' title="bbox 7 1729 1144 1806">
     <span class='ocr_line' id='line_1_15' title="bbox 7 1729 1144 1806; baseline 0.007 -26"><span class='ocrx_word' id='word_1_132' title='bbox 7 1769 8 1774; x_wconf 74' lang='lat'>.</span> <span class='ocrx_word' id='word_1_133' title='bbox 90 1729 127 1780; x_wconf 77' lang='lat' dir='ltr'>Es</span> <span class='ocrx_word' id='word_1_134' title='bbox 140 1739 259 1801; x_wconf 81' lang='lat' dir='ltr'>tempore</span> <span class='ocrx_word' id='word_1_135' title='bbox 272 1731 408 1785; x_wconf 89' lang='lat' dir='ltr'>interdum</span> <span class='ocrx_word' id='word_1_136' title='bbox 421 1731 553 1804; x_wconf 82' lang='lat' dir='ltr'>significet</span> <span class='ocrx_word' id='word_1_137' title='bbox 567 1753 599 1786; x_wconf 83' lang='lat' dir='ltr'>es</span> <span class='ocrx_word' id='word_1_138' title='bbox 614 1734 774 1806; x_wconf 62' lang='lat' dir='ltr'>improvisum</span> <span class='ocrx_word' id='word_1_139' title='bbox 791 1732 925 1786; x_wconf 85' lang='lat' dir='ltr'>interdum</span> <span class='ocrx_word' id='word_1_140' title='bbox 941 1737 1144 1798; x_wconf 71' lang='lat' dir='ltr'>convenienter,</span> 
     </span>
    </p>
   </div>
   <div class='ocr_carea' id='block_1_9' title="bbox 90 1810 1083 1887">
    <p class='ocr_par' dir='ltr' id='par_1_9' title="bbox 90 1810 1083 1887">
     <span class='ocr_line' id='line_1_16' title="bbox 90 1810 1083 1887; baseline 0.005 -25"><span class='ocrx_word' id='word_1_141' title='bbox 90 1810 120 1864; x_wconf 80' lang='lat' dir='ltr'>sd</span> <span class='ocrx_word' id='word_1_142' title='bbox 132 1822 253 1885; x_wconf 84' lang='lat' dir='ltr'>tempus,</span> <span class='ocrx_word' id='word_1_143' title='bbox 268 1811 383 1876; x_wconf 83' lang='lat' dir='ltr'>cellide;</span> <span class='ocrx_word' id='word_1_144' title='bbox 398 1817 443 1887; x_wconf 91' lang='lat' dir='ltr'>qui</span> <span class='ocrx_word' id='word_1_145' title='bbox 456 1832 549 1867; x_wconf 88' lang='lat' dir='ltr'>sensus</span> <span class='ocrx_word' id='word_1_146' title='bbox 564 1813 663 1866; x_wconf 79' lang='lat' dir='ltr'>abhoc</span> <span class='ocrx_word' id='word_1_147' title='bbox 675 1815 801 1868; x_wconf 81' lang='lat' dir='ltr'>Persitno</span> <span class='ocrx_word' id='word_1_148' title='bbox 813 1813 951 1887; x_wconf 79' lang='lat' dir='ltr'>paululum</span> <span class='ocrx_word' id='word_1_149' title='bbox 964 1815 1083 1869; x_wconf 67' lang='lat' dir='ltr'>distent:</span> 
     </span>
    </p>
   </div>
   <div class='ocr_carea' id='block_1_10' title="bbox 91 1935 1146 2090">
    <p class='ocr_par' dir='ltr' id='par_1_10' title="bbox 91 1935 1146 2090">
     <span class='ocr_line' id='line_1_17' title="bbox 122 1935 1146 2014; baseline 0.003 -27"><span class='ocrx_word' id='word_1_150' title='bbox 122 1935 189 1988; x_wconf 70' lang='lat' dir='ltr'>Nor.</span> <span class='ocrx_word' id='word_1_151' title='bbox 210 1935 266 2004; x_wconf 78' lang='lat'>63,</span> <span class='ocrx_word' id='word_1_152' title='bbox 278 1935 321 2004; x_wconf 68' lang='grc'>64.</span> <span class='ocrx_word' id='word_1_153' title='bbox 337 1935 504 1991; x_wconf 80' lang='lat' dir='ltr'>Helleborum</span> <span class='ocrx_word' id='word_1_154' title='bbox 511 1938 627 2011; x_wconf 81' lang='lat' dir='ltr'>fnutra,</span> <span class='ocrx_word' id='word_1_155' title='bbox 640 1957 720 2010; x_wconf 83' lang='lat' dir='ltr'>quum</span> <span class='ocrx_word' id='word_1_156' title='bbox 724 1941 785 2011; x_wconf 85' lang='lat' dir='ltr'>jam</span> <span class='ocrx_word' id='word_1_157' title='bbox 797 1939 864 1993; x_wconf 86' lang='lat' dir='ltr'>eutis</span> <span class='ocrx_word' id='word_1_158' title='bbox 874 1957 942 2014; x_wconf 84' lang='lat' dir='ltr'>oeqm</span> <span class='ocrx_word' id='word_1_159' title='bbox 954 1940 1077 2006; x_wconf 78' lang='lat' dir='ltr'>tumebit,</span> <span class='ocrx_word' id='word_1_160' title='bbox 1092 1940 1146 1991; x_wconf 87' lang='lat' dir='ltr'>Po-</span> 
     </span>
     <span class='ocr_line' id='line_1_18' title="bbox 91 2017 1144 2090; baseline 0.002 -23"><span class='ocrx_word' id='word_1_161' title='bbox 91 2017 299 2074; x_wconf 59' lang='lat' dir='ltr'>tantundem.-</span> <span class='ocrx_word' id='word_1_162' title='bbox 313 2017 428 2070; x_wconf 80' lang='lat' dir='ltr'>oenienti</span> <span class='ocrx_word' id='word_1_163' title='bbox 440 2020 565 2071; x_wconf 81' lang='lat' dir='ltr'>occurrite</span> <span class='ocrx_word' id='word_1_164' title='bbox 575 2019 672 2072; x_wconf 82' lang='lat' dir='ltr'>morbo.</span> <span class='ocrx_word' id='word_1_165' title='bbox 682 2047 719 2068; x_wconf 87' lang='lat'>-.-</span> <span class='ocrx_word' id='word_1_166' title='bbox 729 2018 806 2071; x_wconf 75' lang='lat' dir='ltr'>Ouid.</span> <span class='ocrx_word' id='word_1_167' title='bbox 818 2017 926 2071; x_wconf 82' lang='lat' dir='ltr'>Remed.</span> <span class='ocrx_word' id='word_1_168' title='bbox 938 2020 1028 2071; x_wconf 79' lang='lat' dir='ltr'>Amor.</span> <span class='ocrx_word' id='word_1_169' title='bbox 1041 2036 1072 2088; x_wconf 81' lang='lat'>9¹</span> <span class='ocrx_word' id='word_1_170' title='bbox 1086 2036 1144 2090; x_wconf 80' lang='lat' dir='ltr'>squ.</span> 
     </span>
    </p>
   </div>
   <div class='ocr_carea' id='block_1_11' title="bbox 294 2117 816 2246">
    <p class='ocr_par' dir='ltr' id='par_1_11' title="bbox 294 2117 816 2246">
     <span class='ocr_line' id='line_1_19' title="bbox 294 2117 771 2176; baseline 0.006 -16"><span class='ocrx_word' id='word_1_171' title='bbox 294 2117 408 2174; x_wconf 80' lang='lat' dir='ltr'>Principiis</span> <span class='ocrx_word' id='word_1_172' title='bbox 415 2119 546 2162; x_wconf 77' lang='lat' dir='ltr'>ubstszsero</span> <span class='ocrx_word' id='word_1_173' title='bbox 554 2119 663 2162; x_wconf 83' lang='lat' dir='ltr'>medicine</span> <span class='ocrx_word' id='word_1_174' title='bbox 670 2130 771 2176; x_wconf 79' lang='lat' dir='ltr'>peretur,</span> 
     </span>
     <span class='ocr_line' id='line_1_20' title="bbox 322 2185 816 2246; baseline 0 -18"><span class='ocrx_word' id='word_1_175' title='bbox 322 2186 398 2246; x_wconf 77' lang='lat' dir='ltr'>Quum</span> <span class='ocrx_word' id='word_1_176' title='bbox 405 2185 464 2228; x_wconf 80' lang='lat' dir='ltr'>melu</span> <span class='ocrx_word' id='word_1_177' title='bbox 471 2186 592 2243; x_wconf 75' lang='lat' dir='ltr'>perlongus</span> <span class='ocrx_word' id='word_1_178' title='bbox 600 2185 729 2230; x_wconf 71' lang='lat' dir='ltr'>consuluere</span> <span class='ocrx_word' id='word_1_179' title='bbox 739 2199 816 2230; x_wconf 83' lang='lat' dir='ltr'>mores.</span> 
     </span>
    </p>
   </div>
   <div class='ocr_carea' id='block_1_12' title="bbox 7 2266 1148 2423">
    <p class='ocr_par' dir='ltr' id='par_1_12' title="bbox 7 2266 1148 2423">
     <span class='ocr_line' id='line_1_21' title="bbox 7 2266 1148 2340; baseline 0.004 -22"><span class='ocrx_word' id='word_1_180' title='bbox 7 2321 8 2330; x_wconf 21' lang='lat' dir='ltr'>q</span> <span class='ocrx_word' id='word_1_181' title='bbox 93 2266 217 2335; x_wconf 82' lang='lat' dir='ltr'>Qnodds</span> <span class='ocrx_word' id='word_1_182' title='bbox 228 2268 330 2322; x_wconf 79' lang='lat' dir='ltr'>Amore</span> <span class='ocrx_word' id='word_1_183' title='bbox 342 2268 409 2324; x_wconf 86' lang='lat' dir='ltr'>dixit</span> <span class='ocrx_word' id='word_1_184' title='bbox 420 2271 544 2340; x_wconf 86' lang='lat' dir='ltr'>Ovidius,</span> <span class='ocrx_word' id='word_1_185' title='bbox 559 2271 612 2325; x_wconf 87' lang='lat' dir='ltr'>hoo</span> <span class='ocrx_word' id='word_1_186' title='bbox 624 2271 657 2324; x_wconf 85' lang='lat' dir='ltr'>de</span> <span class='ocrx_word' id='word_1_187' title='bbox 670 2273 793 2326; x_wconf 86' lang='lat' dir='ltr'>omuibus</span> <span class='ocrx_word' id='word_1_188' title='bbox 807 2274 888 2325; x_wconf 83' lang='lat' dir='ltr'>enimi</span> <span class='ocrx_word' id='word_1_189' title='bbox 899 2271 999 2324; x_wconf 80' lang='lat' dir='ltr'>morbis</span> <span class='ocrx_word' id='word_1_190' title='bbox 1011 2271 1076 2328; x_wconf 84' lang='lat' dir='ltr'>dicit</span> <span class='ocrx_word' id='word_1_191' title='bbox 1091 2272 1148 2322; x_wconf 79' lang='lat' dir='ltr'>tto·</span> 
     </span>
     <span class='ocr_line' id='line_1_22' title="bbox 7 2351 1147 2423; baseline 0.003 -23"><span class='ocrx_word' id='word_1_192' title='bbox 7 2359 9 2392; x_wconf 69' lang='lat'>³</span> <span class='ocrx_word' id='word_1_193' title='bbox 95 2351 1147 2423; x_wconf 78' lang='lat' dir='ltr'>ster,utquepercomparutiouem,Ouidiannheudebsimilem,docetjuveues</span> 
     </span>
    </p>
   </div>
   <div class='ocr_carea' id='block_1_13' title="bbox 95 2430 1150 2902">
    <p class='ocr_par' dir='ltr' id='par_1_13' title="bbox 95 2430 1150 2902">
     <span class='ocr_line' id='line_1_23' title="bbox 97 2430 1148 2500; baseline -0.001 -20"><span class='ocrx_word' id='word_1_194' title='bbox 97 2445 173 2497; x_wconf 78' lang='lat' dir='ltr'>quum</span> <span class='ocrx_word' id='word_1_195' title='bbox 188 2431 307 2499; x_wconf 88' lang='lat' dir='ltr'>primum</span> <span class='ocrx_word' id='word_1_196' title='bbox 323 2432 463 2500; x_wconf 69' lang='lat' dir='ltr'>aegrotanti</span> <span class='ocrx_word' id='word_1_197' title='bbox 476 2433 564 2483; x_wconf 85' lang='lat' dir='ltr'>animo</span> <span class='ocrx_word' id='word_1_198' title='bbox 576 2432 736 2486; x_wconf 77' lang='lat' dir='ltr'>medicinam</span> <span class='ocrx_word' id='word_1_199' title='bbox 748 2431 857 2482; x_wconf 80' lang='lat' dir='ltr'>faciant.</span> <span class='ocrx_word' id='word_1_200' title='bbox 872 2459 908 2470; x_wconf 90' lang='lat'><em>-</em></span> <span class='ocrx_word' id='word_1_201' title='bbox 921 2430 1089 2482; x_wconf 68' lang='lat' dir='ltr'>Heliodorum</span> <span class='ocrx_word' id='word_1_202' title='bbox 1101 2447 1148 2480; x_wconf 85' lang='lat' dir='ltr'>ve·</span> 
     </span>
     <span class='ocr_line' id='line_1_24' title="bbox 96 2505 1147 2584; baseline -0.001 -27"><span class='ocrx_word' id='word_1_203' title='bbox 96 2505 151 2558; x_wconf 84' lang='lat' dir='ltr'>lere</span> <span class='ocrx_word' id='word_1_204' title='bbox 160 2506 194 2559; x_wconf 83' lang='lat' dir='ltr'>ed</span> <span class='ocrx_word' id='word_1_205' title='bbox 206 2508 338 2562; x_wconf 77' lang='lat' dir='ltr'>sanandos</span> <span class='ocrx_word' id='word_1_206' title='bbox 348 2508 510 2584; x_wconf 70' lang='lat' dir='ltr'>hydropicos</span> <span class='ocrx_word' id='word_1_207' title='bbox 522 2523 615 2561; x_wconf 88' lang='lat' dir='ltr'>monet</span> <span class='ocrx_word' id='word_1_208' title='bbox 626 2507 691 2562; x_wconf 91' lang='lat' dir='ltr'>Plin.</span> <span class='ocrx_word' id='word_1_209' title='bbox 705 2511 738 2559; x_wconf 86' lang='lat' dir='ltr'>ll.</span> <span class='ocrx_word' id='word_1_210' title='bbox 751 2510 785 2559; x_wconf 85' lang='lat' dir='ltr'>N.</span> <span class='ocrx_word' id='word_1_211' title='bbox 798 2510 886 2574; x_wconf 84' lang='lat' dir='ltr'>XXV,</span> <span class='ocrx_word' id='word_1_212' title='bbox 898 2527 930 2560; x_wconf 77' lang='lat'>22</span> <span class='ocrx_word' id='word_1_213' title='bbox 950 2538 986 2548; x_wconf 89' lang='lat'><em>-</em></span> <span class='ocrx_word' id='word_1_214' title='bbox 997 2509 1083 2576; x_wconf 84' lang='lat' dir='ltr'>Quum</span> <span class='ocrx_word' id='word_1_215' title='bbox 1086 2509 1147 2579; x_wconf 86' lang='lat' dir='ltr'>jam</span> 
     </span>
     <span class='ocr_line' id='line_1_25' title="bbox 95 2585 1149 2663; baseline -0.005 -21"><span class='ocrx_word' id='word_1_216' title='bbox 95 2587 238 2663; x_wconf 78' lang='lat' dir='ltr'>etttisoeqra</span> <span class='ocrx_word' id='word_1_217' title='bbox 246 2591 487 2663; x_wconf 80' lang='lat' dir='ltr'>tumebit,·perhseo</span> <span class='ocrx_word' id='word_1_218' title='bbox 496 2591 574 2643; x_wconf 84' lang='lat' dir='ltr'>verba</span> <span class='ocrx_word' id='word_1_219' title='bbox 583 2588 903 2662; x_wconf 77' lang='lat' dir='ltr'>intelligeltydropisiam,</span> <span class='ocrx_word' id='word_1_220' title='bbox 911 2585 1149 2660; x_wconf 73' lang='lat' dir='ltr'>atqueperltqdro-</span> 
     </span>
     <span class='ocr_line' id='line_1_26' title="bbox 96 2666 1148 2743; baseline -0.002 -24"><span class='ocrx_word' id='word_1_221' title='bbox 96 2669 189 2739; x_wconf 76' lang='lat' dir='ltr'>pisiam</span> <span class='ocrx_word' id='word_1_222' title='bbox 200 2669 325 2722; x_wconf 82' lang='lat' dir='ltr'>morbum</span> <span class='ocrx_word' id='word_1_223' title='bbox 334 2689 583 2743; x_wconf 67' lang='lat' dir='ltr'>quemcumque-¹-</span> <span class='ocrx_word' id='word_1_224' title='bbox 593 2671 619 2725; x_wconf 86' lang='lat' dir='ltr'><em>V</em></span> <span class='ocrx_word' id='word_1_225' title='bbox 617 2669 717 2722; x_wconf 86' lang='lat' dir='ltr'>enienti</span> <span class='ocrx_word' id='word_1_226' title='bbox 728 2671 854 2722; x_wconf 78' lang='lat' dir='ltr'>secun-ite</span> <span class='ocrx_word' id='word_1_227' title='bbox 865 2670 971 2730; x_wconf 81' lang='lat' dir='ltr'>morlo;</span> <span class='ocrx_word' id='word_1_228' title='bbox 983 2666 1054 2719; x_wconf 90' lang='lat' dir='ltr'>idem</span> <span class='ocrx_word' id='word_1_229' title='bbox 1064 2676 1105 2718; x_wconf 90' lang='lat' dir='ltr'>est</span> <span class='ocrx_word' id='word_1_230' title='bbox 1118 2685 1148 2718; x_wconf 81' lang='lat' dir='ltr'>ac</span> 
     </span>
     <span class='ocr_line' id='line_1_27' title="bbox 97 2746 1150 2822; baseline -0.002 -23"><span class='ocrx_word' id='word_1_231' title='bbox 97 2747 255 2800; x_wconf 70' lang='lat' dir='ltr'>Ouidianum</span> <span class='ocrx_word' id='word_1_232' title='bbox 266 2749 335 2801; x_wconf 91' lang='lat' dir='ltr'>illud</span> <span class='ocrx_word' id='word_1_233' title='bbox 348 2773 355 2801; x_wconf 76' lang='lat' dir='ltr'><strong><em>z</em></strong></span> <span class='ocrx_word' id='word_1_234' title='bbox 371 2751 514 2822; x_wconf 70' lang='lat' dir='ltr'>Principiis</span> <span class='ocrx_word' id='word_1_235' title='bbox 527 2752 607 2804; x_wconf 84' lang='lat' dir='ltr'>obsta.</span> <span class='ocrx_word' id='word_1_236' title='bbox 619 2779 656 2790; x_wconf 91' lang='lat'><em>-</em></span> <span class='ocrx_word' id='word_1_237' title='bbox 669 2751 710 2801; x_wconf 88' lang='lat' dir='ltr'>Ne</span> <span class='ocrx_word' id='word_1_238' title='bbox 723 2767 772 2800; x_wconf 92' lang='lat' dir='ltr'>nos</span> <span class='ocrx_word' id='word_1_239' title='bbox 784 2763 902 2801; x_wconf 87' lang='lat' dir='ltr'>moretur</span> <span class='ocrx_word' id='word_1_240' title='bbox 914 2746 1055 2818; x_wconf 81' lang='lat' dir='ltr'>singularis</span> <span class='ocrx_word' id='word_1_241' title='bbox 1065 2747 1150 2800; x_wconf 84' lang='lat' dir='ltr'>videus</span> 
     </span>
     <span class='ocr_line' id='line_1_28' title="bbox 99 2825 1147 2902; baseline -0.004 -24"><span class='ocrx_word' id='word_1_242' title='bbox 99 2844 158 2878; x_wconf 85' lang='lat' dir='ltr'>uum</span> <span class='ocrx_word' id='word_1_243' title='bbox 170 2825 266 2898; x_wconf 72' lang='lat' dir='ltr'>plurali</span> <span class='ocrx_word' id='word_1_244' title='bbox 281 2833 425 2892; x_wconf 49' lang='lat' dir='ltr'>occurrit&amp;</span> <span class='ocrx_word' id='word_1_245' title='bbox 440 2832 478 2883; x_wconf 89' lang='lat' dir='ltr'>sic</span> <span class='ocrx_word' id='word_1_246' title='bbox 489 2829 587 2902; x_wconf 89' lang='lat' dir='ltr'>jubent</span> <span class='ocrx_word' id='word_1_247' title='bbox 601 2829 644 2882; x_wconf 83' lang='lat' dir='ltr'>lex</span> <span class='ocrx_word' id='word_1_248' title='bbox 657 2845 747 2880; x_wconf 84' lang='lat' dir='ltr'>versus</span> <span class='ocrx_word' id='word_1_249' title='bbox 762 2840 797 2878; x_wconf 73' lang='lat' dir='ltr'>et</span> <span class='ocrx_word' id='word_1_250' title='bbox 803 2825 928 2880; x_wconf 87' lang='lat' dir='ltr'>solemnis</span> <span class='ocrx_word' id='word_1_251' title='bbox 940 2825 1040 2878; x_wconf 90' lang='lat' dir='ltr'>locutio</span> <span class='ocrx_word' id='word_1_252' title='bbox 1055 2825 1147 2877; x_wconf 86' lang='lat' dir='ltr'>videus.</span> 
     </span>
    </p>
   </div>
   <div class='ocr_carea' id='block_1_14' title="bbox 98 2965 1152 3116">
    <p class='ocr_par' dir='ltr' id='par_1_14' title="bbox 98 2965 1152 3116">
     <span class='ocr_line' id='line_1_29' title="bbox 129 2965 1150 3035; baseline 0 -23"><span class='ocrx_word' id='word_1_253' title='bbox 129 2967 185 3014; x_wconf 78' lang='lat' dir='ltr'>Vsu.</span> <span class='ocrx_word' id='word_1_254' title='bbox 195 2969 236 3016; x_wconf 80' lang='lat'>6⁵.</span> <span class='ocrx_word' id='word_1_255' title='bbox 251 2971 527 3035; x_wconf 77' lang='lat' dir='ltr'>(thuidopusmuqnos</span> <span class='ocrx_word' id='word_1_256' title='bbox 533 2972 627 3017; x_wconf 76' lang='lat' dir='ltr'>Cratero</span> <span class='ocrx_word' id='word_1_257' title='bbox 632 2971 762 3034; x_wconf 75' lang='lat' dir='ltr'>pmutitters</span> <span class='ocrx_word' id='word_1_258' title='bbox 768 2969 884 3027; x_wconf 77' lang='lat' dir='ltr'>meumst)</span> <span class='ocrx_word' id='word_1_259' title='bbox 892 2965 1093 3029; x_wconf 80' lang='lat' dir='ltr'>-Legeudahaec</span> <span class='ocrx_word' id='word_1_260' title='bbox 1101 2980 1150 3012; x_wconf 89' lang='lat' dir='ltr'>esse</span> 
     </span>
     <span class='ocr_line' id='line_1_30' title="bbox 98 3045 1152 3116; baseline -0.005 -22"><span class='ocrx_word' id='word_1_261' title='bbox 98 3064 177 3096; x_wconf 69' lang='lat' dir='ltr'>reum</span> <span class='ocrx_word' id='word_1_262' title='bbox 186 3051 220 3098; x_wconf 85' lang='lat' dir='ltr'>sic</span> <span class='ocrx_word' id='word_1_263' title='bbox 229 3049 320 3098; x_wconf 75' lang='lat' dir='ltr'>incluse</span> <span class='ocrx_word' id='word_1_264' title='bbox 330 3053 355 3098; x_wconf 92' lang='lat' dir='ltr'>in</span> <span class='ocrx_word' id='word_1_265' title='bbox 363 3051 509 3116; x_wconf 73' lang='lat' dir='ltr'>parenthesi,</span> <span class='ocrx_word' id='word_1_266' title='bbox 519 3067 550 3098; x_wconf 83' lang='lat' dir='ltr'>ne</span> <span class='ocrx_word' id='word_1_267' title='bbox 562 3050 705 3099; x_wconf 77' lang='lat' dir='ltr'>constructio</span> <span class='ocrx_word' id='word_1_268' title='bbox 716 3049 847 3096; x_wconf 79' lang='lat' dir='ltr'>intercidet.</span> <span class='ocrx_word' id='word_1_269' title='bbox 860 3045 967 3110; x_wconf 84' lang='lat' dir='ltr'>Ejusdem</span> <span class='ocrx_word' id='word_1_270' title='bbox 977 3047 1039 3092; x_wconf 89' lang='lat' dir='ltr'>enim</span> <span class='ocrx_word' id='word_1_271' title='bbox 1048 3056 1152 3092; x_wconf 84' lang='lat' dir='ltr'>constru-</span> 
     </span>
    </p>
   </div>
   <div class='ocr_carea' id='block_1_15' title="bbox 7 3115 1153 3190">
    <p class='ocr_par' dir='ltr' id='par_1_15' title="bbox 7 3115 1153 3190">
     <span class='ocr_line' id='line_1_31' title="bbox 7 3115 1153 3190; baseline -0.012 -19"><span class='ocrx_word' id='word_1_272' title='bbox 7 3181 9 3190; x_wconf 82' lang='lat'>.</span> <span class='ocrx_word' id='word_1_273' title='bbox 99 3120 309 3170; x_wconf 65' lang='lat' dir='ltr'>dimitteteuoris</span> <span class='ocrx_word' id='word_1_274' title='bbox 317 3122 483 3171; x_wconf 75' lang='lat' dir='ltr'>esseuideutur</span> <span class='ocrx_word' id='word_1_275' title='bbox 492 3121 632 3176; x_wconf 72' lang='lat' dir='ltr'>hueverbe,</span> <span class='ocrx_word' id='word_1_276' title='bbox 642 3135 694 3184; x_wconf 76' lang='lat' dir='ltr'>quse</span> <span class='ocrx_word' id='word_1_277' title='bbox 701 3118 806 3166; x_wconf 83' lang='lat' dir='ltr'>nonnulli</span> <span class='ocrx_word' id='word_1_278' title='bbox 813 3117 941 3179; x_wconf 72' lang='lat' dir='ltr'>distingunt</span> <span class='ocrx_word' id='word_1_279' title='bbox 951 3130 978 3161; x_wconf 85' lang='lat' dir='ltr'>sc</span> <span class='ocrx_word' id='word_1_280' title='bbox 988 3126 1096 3177; x_wconf 73' lang='lat' dir='ltr'>separant</span> <span class='ocrx_word' id='word_1_281' title='bbox 1105 3115 1153 3160; x_wconf 76' lang='lat' dir='ltr'>edi·</span> 
     </span>
    </p>
   </div>
   <div class='ocr_carea' id='block_1_16' title="bbox 99 3194 557 3260">
    <p class='ocr_par' dir='ltr' id='par_1_16' title="bbox 99 3194 557 3260">
     <span class='ocr_line' id='line_1_32' title="bbox 99 3194 557 3260; baseline -0.007 -20"><span class='ocrx_word' id='word_1_282' title='bbox 99 3202 175 3240; x_wconf 80' lang='lat' dir='ltr'>mm:</span> <span class='ocrx_word' id='word_1_283' title='bbox 186 3194 311 3250; x_wconf 66' lang='lat' dir='ltr'>oecnuite,</span> <span class='ocrx_word' id='word_1_284' title='bbox 322 3195 414 3252; x_wconf 56' lang='lat' dir='ltr'>ditate,</span> <span class='ocrx_word' id='word_1_285' title='bbox 424 3195 557 3260; x_wconf 75' lang='lat' dir='ltr'>suqnoseite.</span> 
     </span>
    </p>
   </div>
   <div class='ocr_carea' id='block_1_17' title="bbox 100 3299 1152 3784">
    <p class='ocr_par' dir='ltr' id='par_1_17' title="bbox 100 3299 1152 3784">
     <span class='ocr_line' id='line_1_33' title="bbox 133 3299 1151 3383; baseline -0.011 -23"><span class='ocrx_word' id='word_1_286' title='bbox 133 3307 199 3360; x_wconf 82' lang='lat' dir='ltr'>llos.</span> <span class='ocrx_word' id='word_1_287' title='bbox 217 3307 263 3362; x_wconf 80' lang='lat'>65.</span> <span class='ocrx_word' id='word_1_288' title='bbox 278 3307 411 3382; x_wconf 63' lang='lat' dir='ltr'>(Ecquid</span> <span class='ocrx_word' id='word_1_289' title='bbox 421 3327 485 3383; x_wconf 81' lang='lat' dir='ltr'>opus</span> <span class='ocrx_word' id='word_1_290' title='bbox 499 3311 602 3363; x_wconf 84' lang='lat' dir='ltr'>Cratero</span> <span class='ocrx_word' id='word_1_291' title='bbox 614 3326 722 3380; x_wconf 85' lang='lat' dir='ltr'>maqnos</span> <span class='ocrx_word' id='word_1_292' title='bbox 736 3306 888 3380; x_wconf 81' lang='lat' dir='ltr'>promittere</span> <span class='ocrx_word' id='word_1_293' title='bbox 899 3301 1036 3374; x_wconf 77' lang='lat' dir='ltr'>montesP)</span> <span class='ocrx_word' id='word_1_294' title='bbox 1049 3329 1085 3338; x_wconf 93' lang='lat'><em>-</em></span> <span class='ocrx_word' id='word_1_295' title='bbox 1099 3299 1151 3364; x_wconf 82' lang='lat' dir='ltr'>Et,</span> 
     </span>
     <span class='ocr_line' id='line_1_34' title="bbox 100 3381 1152 3462; baseline -0.006 -24"><span class='ocrx_word' id='word_1_296' title='bbox 100 3385 170 3438; x_wconf 88' lang='lat' dir='ltr'>itlsm</span> <span class='ocrx_word' id='word_1_297' title='bbox 180 3387 264 3455; x_wconf 78' lang='lat' dir='ltr'>velet,</span> <span class='ocrx_word' id='word_1_298' title='bbox 282 3407 313 3440; x_wconf 87' lang='lat' dir='ltr'>ac</span> <span class='ocrx_word' id='word_1_299' title='bbox 329 3391 351 3441; x_wconf 90' lang='lat' dir='ltr'>si</span> <span class='ocrx_word' id='word_1_300' title='bbox 365 3393 500 3462; x_wconf 76' lang='lat' dir='ltr'>posuisset</span> <span class='ocrx_word' id='word_1_301' title='bbox 513 3407 575 3441; x_wconf 86' lang='lat' dir='ltr'>num</span> <span class='ocrx_word' id='word_1_302' title='bbox 589 3387 669 3462; x_wconf 86' lang='lat' dir='ltr'>quid,</span> <span class='ocrx_word' id='word_1_303' title='bbox 686 3385 727 3440; x_wconf 84' lang='lat' dir='ltr'>vel</span> <span class='ocrx_word' id='word_1_304' title='bbox 745 3387 835 3458; x_wconf 89' lang='lat' dir='ltr'>potius</span> <span class='ocrx_word' id='word_1_305' title='bbox 854 3381 956 3456; x_wconf 84' lang='lat' dir='ltr'>ecquid.</span> <span class='ocrx_word' id='word_1_306' title='bbox 973 3412 1009 3421; x_wconf 95' lang='lat'>—</span> <span class='ocrx_word' id='word_1_307' title='bbox 1030 3383 1152 3441; x_wconf 75' lang='lat' dir='ltr'>Cratero5</span> 
     </span>
     <span class='ocr_line' id='line_1_35' title="bbox 101 3461 1152 3543; baseline -0.01 -23"><span class='ocrx_word' id='word_1_308' title='bbox 101 3465 152 3520; x_wconf 86' lang='lat' dir='ltr'>ltoc</span> <span class='ocrx_word' id='word_1_309' title='bbox 169 3485 269 3520; x_wconf 87' lang='lat' dir='ltr'>numen</span> <span class='ocrx_word' id='word_1_310' title='bbox 288 3470 426 3542; x_wconf 84' lang='lat' dir='ltr'>proprium</span> <span class='ocrx_word' id='word_1_311' title='bbox 440 3472 530 3543; x_wconf 89' lang='lat' dir='ltr'>posuit</span> <span class='ocrx_word' id='word_1_312' title='bbox 543 3487 593 3541; x_wconf 93' lang='lat' dir='ltr'>pro</span> <span class='ocrx_word' id='word_1_313' title='bbox 609 3469 701 3541; x_wconf 83' lang='lat' dir='ltr'>quovis</span> <span class='ocrx_word' id='word_1_314' title='bbox 714 3467 816 3520; x_wconf 85' lang='lat' dir='ltr'>medico</span> <span class='ocrx_word' id='word_1_315' title='bbox 833 3464 1014 3518; x_wconf 85' lang='lat' dir='ltr'>celeberrimo.</span> <span class='ocrx_word' id='word_1_316' title='bbox 1031 3461 1152 3512; x_wconf 77' lang='lat' dir='ltr'>Medicus</span> 
     </span>
     <span class='ocr_line' id='line_1_36' title="bbox 103 3543 1152 3623; baseline -0.009 -25"><span class='ocrx_word' id='word_1_317' title='bbox 103 3550 169 3598; x_wconf 83' lang='lat' dir='ltr'>euim</span> <span class='ocrx_word' id='word_1_318' title='bbox 183 3549 264 3602; x_wconf 80' lang='lat' dir='ltr'>luisse</span> <span class='ocrx_word' id='word_1_319' title='bbox 279 3549 376 3604; x_wconf 79' lang='lat' dir='ltr'>dieitur</span> <span class='ocrx_word' id='word_1_320' title='bbox 389 3551 553 3623; x_wconf 87' lang='lat' dir='ltr'>temporibus</span> <span class='ocrx_word' id='word_1_321' title='bbox 568 3550 680 3619; x_wconf 76' lang='lat' dir='ltr'>Augusti</span> <span class='ocrx_word' id='word_1_322' title='bbox 694 3549 847 3602; x_wconf 86' lang='lat' dir='ltr'>notissimus</span> <span class='ocrx_word' id='word_1_323' title='bbox 862 3544 905 3597; x_wconf 88' lang='lat' dir='ltr'>bic</span> <span class='ocrx_word' id='word_1_324' title='bbox 922 3547 1046 3598; x_wconf 80' lang='lat' dir='ltr'>Craterus.</span> <span class='ocrx_word' id='word_1_325' title='bbox 1062 3543 1152 3593; x_wconf 82' lang='lat' dir='ltr'>llorut.</span> 
     </span>
     <span class='ocr_line' id='line_1_37' title="bbox 104 3627 657 3702; baseline 0.004 -24"><span class='ocrx_word' id='word_1_326' title='bbox 104 3627 155 3678; x_wconf 72' lang='lat' dir='ltr'>Sat.</span> <span class='ocrx_word' id='word_1_327' title='bbox 168 3630 208 3693; x_wconf 89' lang='lat' dir='ltr'>ll,</span> <span class='ocrx_word' id='word_1_328' title='bbox 222 3629 254 3697; x_wconf 82' lang='lat'>3,</span> <span class='ocrx_word' id='word_1_329' title='bbox 273 3631 338 3696; x_wconf 81' lang='lat'>151,</span> <span class='ocrx_word' id='word_1_330' title='bbox 349 3631 441 3702; x_wconf 83' lang='lat' dir='ltr'>ibique</span> <span class='ocrx_word' id='word_1_331' title='bbox 453 3645 530 3685; x_wconf 80' lang='lat' dir='ltr'>notes</span> <span class='ocrx_word' id='word_1_332' title='bbox 541 3633 657 3702; x_wconf 82' lang='lat' dir='ltr'>interpp.</span> 
     </span>
     <span class='ocr_line' id='line_1_38' title="bbox 302 3726 822 3784; baseline -0.01 -12"><span class='ocrx_word' id='word_1_333' title='bbox 302 3730 352 3772; x_wconf 89' lang='lat' dir='ltr'>Nou</span> <span class='ocrx_word' id='word_1_334' title='bbox 360 3739 393 3774; x_wconf 83' lang='lat' dir='ltr'>est</span> <span class='ocrx_word' id='word_1_335' title='bbox 399 3729 524 3784; x_wconf 55' lang='lat' dir='ltr'>cardiacum</span> <span class='ocrx_word' id='word_1_336' title='bbox 533 3730 647 3772; x_wconf 84' lang='lat' dir='ltr'>Craterum</span> <span class='ocrx_word' id='word_1_337' title='bbox 654 3726 731 3770; x_wconf 79' lang='lat' dir='ltr'>dixisse</span> <span class='ocrx_word' id='word_1_338' title='bbox 739 3735 822 3782; x_wconf 77' lang='lat' dir='ltr'>putato.</span> 
     </span>
    </p>
   </div>
   <div class='ocr_carea' id='block_1_18' title="bbox 105 3805 1155 3952">
    <p class='ocr_par' dir='ltr' id='par_1_18' title="bbox 105 3805 1155 3952">
     <span class='ocr_line' id='line_1_39' title="bbox 105 3805 1154 3884; baseline -0.02 -13"><span class='ocrx_word' id='word_1_339' title='bbox 105 3839 139 3848; x_wconf 91' lang='grc'>·-</span> <span class='ocrx_word' id='word_1_340' title='bbox 157 3813 265 3884; x_wconf 66' lang='lat' dir='ltr'>Magnos</span> <span class='ocrx_word' id='word_1_341' title='bbox 277 3815 429 3884; x_wconf 82' lang='lat' dir='ltr'>promittere</span> <span class='ocrx_word' id='word_1_342' title='bbox 443 3826 559 3874; x_wconf 86' lang='lat' dir='ltr'>montes‚·</span> <span class='ocrx_word' id='word_1_343' title='bbox 577 3824 669 3864; x_wconf 88' lang='lat' dir='ltr'>monet</span> <span class='ocrx_word' id='word_1_344' title='bbox 682 3812 817 3864; x_wconf 84' lang='lat' dir='ltr'>Cornutus</span> <span class='ocrx_word' id='word_1_345' title='bbox 832 3805 988 3862; x_wconf 79' lang='lat' dir='ltr'>scltblisstes</span> <span class='ocrx_word' id='word_1_346' title='bbox 1003 3807 1029 3856; x_wconf 89' lang='lat' dir='ltr'>in</span> <span class='ocrx_word' id='word_1_347' title='bbox 1044 3819 1154 3874; x_wconf 86' lang='lat' dir='ltr'>prover-</span> 
     </span>
     <span class='ocr_line' id='line_1_40' title="bbox 108 3877 1155 3952; baseline -0.021 -4"><span class='ocrx_word' id='word_1_348' title='bbox 108 3885 153 3938; x_wconf 77' lang='lat' dir='ltr'>b&#39;w</span> <span class='ocrx_word' id='word_1_349' title='bbox 164 3891 240 3945; x_wconf 80' lang='lat' dir='ltr'>luisse</span> <span class='ocrx_word' id='word_1_350' title='bbox 251 3911 341 3946; x_wconf 82' lang='lat' dir='ltr'>aureos</span> <span class='ocrx_word' id='word_1_351' title='bbox 352 3906 461 3948; x_wconf 83' lang='lat' dir='ltr'>montes.</span> <span class='ocrx_word' id='word_1_352' title='bbox 477 3892 582 3947; x_wconf 79' lang='lat' dir='ltr'>Sallust.</span> <span class='ocrx_word' id='word_1_353' title='bbox 596 3891 672 3946; x_wconf 85' lang='lat' dir='ltr'>Getil.</span> <span class='ocrx_word' id='word_1_354' title='bbox 688 3891 791 3942; x_wconf 83' lang='lat' dir='ltr'>XXlll:</span> <span class='ocrx_word' id='word_1_355' title='bbox 810 3889 916 3940; x_wconf 78' lang='lat' dir='ltr'>«muria</span> <span class='ocrx_word' id='word_1_356' title='bbox 930 3893 1083 3952; x_wconf 87' lang='lat' dir='ltr'>montesque</span> <span class='ocrx_word' id='word_1_357' title='bbox 1097 3877 1155 3949; x_wconf 92' lang='lat' dir='ltr'>pol·</span> 
     </span>
    </p>
   </div>
   <div class='ocr_carea' id='block_1_19' title="bbox 7 3957 1156 4128">
    <p class='ocr_par' dir='ltr' id='par_1_19' title="bbox 7 3957 1156 4138">
     <span class='ocr_line' id='line_1_41' title="bbox 7 3957 1154 4046; baseline -0.027 -8"><span class='ocrx_word' id='word_1_358' title='bbox 7 3969 8 4032; x_wconf 72' lang='lat' dir='ltr'>i</span> <span class='ocrx_word' id='word_1_359' title='bbox 107 3965 209 4022; x_wconf 56' lang='lat' dir='ltr'>limi-¹·</span> <span class='ocrx_word' id='word_1_360' title='bbox 223 4004 259 4016; x_wconf 88' lang='lat'><em>-</em></span> <span class='ocrx_word' id='word_1_361' title='bbox 272 3975 415 4028; x_wconf 80' lang='lat' dir='ltr'>Stultitiant</span> <span class='ocrx_word' id='word_1_362' title='bbox 429 3973 569 4029; x_wconf 91' lang='lat' dir='ltr'>homiuum</span> <span class='ocrx_word' id='word_1_363' title='bbox 585 3975 645 4046; x_wconf 84' lang='lat' dir='ltr'>qui,</span> <span class='ocrx_word' id='word_1_364' title='bbox 660 3971 781 4043; x_wconf 79' lang='lat' dir='ltr'>neglectu</span> <span class='ocrx_word' id='word_1_365' title='bbox 794 3987 858 4024; x_wconf 81' lang='lat' dir='ltr'>eura</span> <span class='ocrx_word' id='word_1_366' title='bbox 868 3964 1042 4026; x_wconf 83' lang='lat' dir='ltr'>valetudinis,</span> <span class='ocrx_word' id='word_1_367' title='bbox 1057 3957 1154 4012; x_wconf 84' lang='lat' dir='ltr'>deinde</span> 
     </span>
     <span class='ocr_line' id='line_1_42' title="bbox 106 4038 1156 4128; baseline -0.021 -18.068"><span class='ocrx_word' id='word_1_368' title='bbox 106 4049 219 4107; x_wconf 72' lang='lat' dir='ltr'>medicos</span> <span class='ocrx_word' id='word_1_369' title='bbox 236 4055 382 4128; x_wconf 80' lang='lat' dir='ltr'>implorent</span> <span class='ocrx_word' id='word_1_370' title='bbox 402 4055 594 4125; x_wconf 80' lang='lat' dir='ltr'>cumulantque</span> <span class='ocrx_word' id='word_1_371' title='bbox 614 4053 713 4119; x_wconf 90' lang='lat' dir='ltr'>donis,</span> <span class='ocrx_word' id='word_1_372' title='bbox 736 4052 848 4103; x_wconf 84' lang='lat' dir='ltr'>mexime</span> <span class='ocrx_word' id='word_1_373' title='bbox 869 4049 997 4100; x_wconf 81' lang='lat' dir='ltr'>damnent</span> <span class='ocrx_word' id='word_1_374' title='bbox 1016 4061 1047 4095; x_wconf 87' lang='lat' dir='ltr'>uc</span> <span class='ocrx_word' id='word_1_375' title='bbox 1069 4038 1156 4092; x_wconf 90' lang='lat' dir='ltr'>rident</span> 
     </span>
    </p>
   </div>
   <div class='ocr_carea' id='block_1_20' title="bbox 108 4119 1158 4204">
    <p class='ocr_par' dir='ltr' id='par_1_20' title="bbox 108 4119 1158 4204">
     <span class='ocr_line' id='line_1_43' title="bbox 108 4119 1158 4204; baseline -0.004 -24"><span class='ocrx_word' id='word_1_376' title='bbox 108 4127 194 4184; x_wconf 80' lang='lat' dir='ltr'>Stoici.</span> <span class='ocrx_word' id='word_1_377' title='bbox 207 4137 321 4204; x_wconf 83' lang='lat' dir='ltr'>Seneca,</span> <span class='ocrx_word' id='word_1_378' title='bbox 335 4137 369 4188; x_wconf 92' lang='lat' dir='ltr'>de</span> <span class='ocrx_word' id='word_1_379' title='bbox 384 4137 516 4188; x_wconf 84' lang='lat' dir='ltr'>llrevitate</span> <span class='ocrx_word' id='word_1_380' title='bbox 530 4136 604 4195; x_wconf 78' lang='lat' dir='ltr'>vitre3</span> <span class='ocrx_word' id='word_1_381' title='bbox 619 4135 770 4204; x_wconf 83' lang='lat' dir='ltr'>Epictetus,</span> <span class='ocrx_word' id='word_1_382' title='bbox 785 4131 857 4204; x_wconf 81' lang='lat' dir='ltr'>apud</span> <span class='ocrx_word' id='word_1_383' title='bbox 869 4131 972 4182; x_wconf 80' lang='lat' dir='ltr'>Art-iun.</span> <span class='ocrx_word' id='word_1_384' title='bbox 985 4123 1030 4176; x_wconf 88' lang='lat' dir='ltr'>lib.</span> <span class='ocrx_word' id='word_1_385' title='bbox 1045 4122 1094 4186; x_wconf 84' lang='lat' dir='ltr'>lll,</span> <span class='ocrx_word' id='word_1_386' title='bbox 1108 4119 1158 4176; x_wconf 74' lang='lat' dir='ltr'>ulit</span> 
     </span>
    </p>
   </div>
   <div class='ocr_carea' id='block_1_21' title="bbox 7 4211 863 4288">
    <p class='ocr_par' dir='ltr' id='par_1_21' title="bbox 7 4211 863 4288">
     <span class='ocr_line' id='line_1_44' title="bbox 7 4211 863 4288; baseline -0.005 -21"><span class='ocrx_word' id='word_1_387' title='bbox 7 4243 9 4288; x_wconf 56' lang='grc' dir='ltr'><strong>ς</strong></span> <span class='ocrx_word' id='word_1_388' title='bbox 109 4211 220 4280; x_wconf 63' lang='lat' dir='ltr'>&amp;ieipsu</span> <span class='ocrx_word' id='word_1_389' title='bbox 228 4213 272 4272; x_wconf 74' lang='lat' dir='ltr'>ctis</span> <span class='ocrx_word' id='word_1_390' title='bbox 282 4214 373 4277; x_wconf 72' lang='lat' dir='ltr'>risere:</span> <span class='ocrx_word' id='word_1_391' title='bbox 385 4216 533 4288; x_wconf 84' lang='lat' dir='ltr'>(quemodo</span> <span class='ocrx_word' id='word_1_392' title='bbox 544 4215 645 4266; x_wconf 77' lang='lat' dir='ltr'>morbos</span> <span class='ocrx_word' id='word_1_393' title='bbox 656 4211 792 4279; x_wconf 76' lang='lat' dir='ltr'>ferendum</span> <span class='ocrx_word' id='word_1_394' title='bbox 805 4212 863 4281; x_wconf 74' lang='lat' dir='ltr'>sit.)</span> 
     </span>
    </p>
   </div>
   <div class='ocr_carea' id='block_1_22' title="bbox 0 0 1519 4936">
    <p class='ocr_par' dir='ltr' id='par_1_22' title="bbox 0 0 1519 4936">
     <span class='ocr_line' id='line_1_45' title="bbox 0 0 1519 4936; baseline 0 0"><span class='ocrx_word' id='word_1_395' title='bbox 0 0 1519 4936; x_wconf 95' lang='lat' dir='ltr'> </span> 
     </span>
    </p>
   </div>
  </div>
 </body>
</html>
