3038 4932
350 397 414 462 282
524 395 676 460 VARIAE
701 393 969 460 LEGTIONES
992 395 1053 461 ΕΤ
1076 395 1213 463 IIOTAE

346 525 415 594 perit
428 519 525 574 liberos
537 522 571 573 ad
583 539 649 594 quos
662 523 797 593 pervenire
809 524 899 594 possit.
914 553 951 564 -
964 521 1095 576 Patruelir
1106 523 1197 587 nattu-
1211 539 1251 578 est
1262 526 1386 598 patnaelis
1501 567 1503 592 ,

347 601 479 655 eduobua
493 601 617 653 iratribus
635 601 721 667 edita,
738 601 961 675 quemadmodum
977 621 992 655 e
1010 602 1115 656 duobus
1134 605 1271 658 sororibus
1289 625 1385 659 conso·

347 681 431 734 brine.
449 711 483 722 -
494 682 632 753 Proneptis
643 679 718 732 uuila
737 692 826 733 manet
836 683 925 754 patriai
931 704 941 744 ,-
955 695 995 734 est
1005 685 1138 755 proneptis
1151 684 1205 737 iilia
1218 687 1326 756 nepotis
1340 701 1383 739 aut

347 763 433 832 neptis
443 774 482 812 est
494 773 620 832 patruus,
637 762 719 831 patris
736 762 824 814 frater.
836 791 873 802 -
882 759 982 814 Sterilt's
997 773 1129 816 matertera
1143 766 1221 826 vixit5
1235 776 1386 832 matertera,

347 843 444 892 sororis
462 853 552 892 mater.
571 842 699 913 -Deque
714 842 776 894 auia
789 841 904 896 nihilum
914 855 1026 914 superest
1034 865 1044 905 ,-
1055 843 1175 896 exhaurit
1184 863 1277 897 omnes
1287 864 1386 918 cogna-
1501 871 1503 926 p

347 922 424 972 tionis
438 919 535 990 gradus
553 920 594 973 vel
613 923 815 988 remotissimos,
829 921 902 974 unde
921 925 1039 993 potuerit
1052 925 1166 977 excitare
1182 924 1312 978 haeredes.
1329 925 1386 978 vid.
1501 927 1503 963 ²

348 1003 470 1054 Iieinecc.
485 1001 576 1073 Antiq.
589 1004 665 1055 Rom.
678 1001 723 1055 lib.
737 1005 787 1070 III,
799 1005 840 1056 tit.
855 1019 884 1071 a,
896 1000 927 1068 5,
939 1004 965 1058 6.

380 1153 448 1204 Nor.
468 1149 514 1214 ⁵5,
529 1151 572 1205 56.
595 1151 699 1204 Adceda
716 1151 831 1207 Bovillas
844 1154 998 1228 Cliuumque
1010 1155 1046 1207 ad
1062 1151 1155 1210 Virhi:
1170 1166 1264 1228 proesto
1276 1157 1388 1210 estmihi
1501 1169 1503 1220 ζ

346 1232 453 1284 Manius
468 1230 553 1284 heres.
569 1263 605 1274 —
620 1231 751 1295 Raciliam
763 1247 838 1287 vetus
854 1233 1020 1288 scholiastes.
1038 1257 1049 1281 ι
1066 1233 1178 1287 Bovillae
1196 1249 1259 1288 suut
1271 1237 1345 1288 vicus
1356 1235 1388 1288 ad
1502 1253 1503 1296 ξ

347 1309 515 1365 undecimum
532 1312 648 1386 lapidem
660 1314 753 1385 Appias
769 1317 835 1377 νίας
853 1316 915 1387 quia
930 1315 1074 1386 aliquando
1088 1317 1116 1366 in
1132 1313 1235 1366 Albano
1250 1328 1342 1368 monte
1356 1315 1388 1366 ab

347 1409 391 1444 ara
402 1393 504 1462 fugiens
515 1405 621 1462 taurus,
628 1395 683 1463 jam
692 1405 872 1461 consecratus,
883 1393 921 1445 ibi
928 1391 1134 1466 comprehensus
1144 1405 1198 1453 ests
1208 1393 1270 1446 inde
1280 1391 1389 1446 Bovillae

345 1470 452 1522 dictas.»
466 1470 524 1523 Alia
534 1472 606 1542 apud
621 1471 688 1525 alios
700 1474 813 1525 nominis
824 1476 898 1543 origo
914 1486 962 1525 est.
974 1503 1010 1514 —
1023 1472 1177 1546 clivumque
1189 1473 1225 1525 ad
1235 1471 1312 1526 Vitat
1319 1495 1328 1533 ,·
1340 1485 1388 1524 ret.
1501 1471 1503 1522 ἐ

346 1547 513 1604 scholiastes.
525 1552 667 1620 «Quattuor
678 1552 791 1606 millibus
804 1554 837 1605 ab
849 1553 921 1606 Urbe
932 1568 973 1607 est
981 1553 1063 1606 Vtrlu's'
1074 1553 1175 1618 Clivus,
1185 1573 1235 1626 qua
1249 1555 1299 1606 iter
1308 1568 1348 1606 est
1358 1552 1388 1605 ad
1501 1581 1502 1584 ¹

346 1633 457 1684 Ariciam
469 1643 496 1684 et
509 1631 542 1684 ad
557 1652 649 1686 neurus
658 1635 762 1700 Dianae,
779 1635 825 1687 ubi
842 1634 945 1688 Virbius
957 1629 1063 1702 colitur,
1072 1637 1090 1686 i.
1103 1651 1126 1686 e.
1139 1633 1310 1707 Hippolytus,
1320 1633 1389 1706 quod
1494 1659 1499 1670 ·

276 1721 282 1732 ⁴
347 1711 425 1764 bisin
438 1713 519 1764 vitum
534 1711 651 1784 prolatus
664 1715 706 1782 sit,
719 1729 790 1767 etc...
806 1717 905 1769 «caut.
918 1715 1009 1787 Virgil.
1023 1716 1124 1768 AEneid.
1136 1716 1198 1780 Vll,
1212 1716 1259 1784 761
1276 1715 1389 1788 sapphiri

347 1792 432 1842 omnis
445 1789 478 1843 de
495 1791 583 1845 Virdio
595 1792 688 1845 fabula
700 1807 838 1860 narratur,
860 1807 939 1865 atque
955 1795 1038 1867 Heyn.
1055 1796 1161 1846 Excurs.
1177 1795 1251 1861 VIII,
1268 1793 1303 1845 ad
1320 1791 1389 1845 hunc

345 1871 436 1942 virgil.
452 1868 550 1924 locum.
564 1903 600 1914 -
609 1875 706 1927 Proesto
721 1885 756 1926 est
770 1873 837 1926 milri
848 1876 957 1928 Manius
971 1875 1065 1938 teau
1083 1885 1194 1928 testatur
1206 1875 1350 1940 Erasmus,
1363 1875 1389 1926 in
1502 1917 1503 1920 .

346 1947 430 2021 Adag.
440 1954 528 2003 Romoe
538 1951 622 2004 luisse
632 1953 815 2024 proverbium:
826 1977 837 2000 a
850 1954 934 2007 Multi
942 1953 1031 2007 Martii
1040 1955 1143 2007 Ariciae.
1153 1980 1164 2003 ι
1175 1955 1254 2008 Unde
1266 1957 1390 2006 exstiterit
1502 1959 1503 2000 ἶ

347 2049 402 2082 non
416 2034 479 2084 satis
499 2032 594 2104 liquet;
619 2052 679 2085 nam
691 2033 719 2084 id
739 2053 796 2088 esse
807 2053 903 2088 nomen
917 2037 1005 2088 Manli
1023 2055 1055 2089 ex
1068 2036 1114 2090 illo
1130 2037 1247 2102 Manno,
1257 2037 1389 2089 Tuistonis
1502 2049 1503 2056 ’

347 2109 419 2177 filio,
434 2127 504 2164 terra
519 2111 597 2174 editi;
610 2112 642 2165 de
661 2133 715 2186 quo
729 2117 813 2168 Tacit.
827 2117 952 2168 German.
966 2135 1025 2188 cap.
1042 2135 1056 2169 a
1075 2135 1212 2188 nunquam
1224 2115 1387 2170 crediderim.
1502 2159 1503 2168 .

347 2189 457 2244 Constat
473 2205 543 2245 certe
558 2189 657 2244 multos
669 2195 760 2245 Ariciae
773 2211 904 2265 pauperes
918 2187 1013 2258 tainu
1028 2196 1100 2248 unde
1110 2195 1232 2249 Juvenal.
1246 2196 1293 2262 IV,
1310 2213 1373 2268 ¹¹7²

548 2333 630 2390 Dignus
641 2332 738 2377 ArIciuos
749 2331 786 2390 qui
798 2334 931 2378 mendicaret
942 2335 970 2378 ad
980 2347 1037 2380 uua.

382 2459 447 2512 Not.
461 2459 503 2532 57.
515 2462 656 2536 Propertius
667 2467 754 2515 terrm!
767 2462 897 2517 -Verlra
909 2477 971 2517 sont
983 2464 1092 2535 legitimi
1103 2462 1212 2517 heredis
1231 2461 1389 2536 indignantis

347 2541 426 2592 acciri
434 2539 563 2594 heredem
574 2543 713 2610 Manium,
726 2541 860 2595 hominem
874 2543 959 2596 nihili.
979 2543 1009 2597 Id
1022 2546 1092 2596 enim
1108 2544 1238 2614 significat
1252 2543 1390 2616 queate

347 2629 429 2680 terra,
443 2631 499 2685 aut,
512 2635 540 2671 ut
549 2619 659 2672 inferius
671 2622 771 2690 posuit,
785 2618 951 2692 amicſsime,
960 2634 1019 2688 aut,
1032 2636 1061 2672 ut
1067 2624 1103 2674 ait
1113 2622 1260 2692 elegantius
1272 2620 1388 2674 Juvenal.

347 2697 394 2760 IV,
409 2697 443 2766 98
468 2698 649 2752 «fraterculus
661 2698 834 2769 Gigantum·
851 2702 942 2763 ,Terra
960 2698 1007 2751 iiiii
1018 2699 1071 2751 dici
1092 2699 1214 2752 solebant
1229 2699 1263 2752 de
1279 2719 1388 2771 quoram

348 2775 450 2845 origine
461 2775 525 2828 nihil
537 2776 661 2849 liqueret;
670 2776 721 2842 dii,
732 2774 907 2845 advixiarufi.
919 2799 942 2832 e.
953 2777 1093 2849 indigetes,
1102 2797 1241 2850 pauperes,
1253 2778 1388 2850 ignobiles

382 2914 450 2965 Nor.
472 2915 513 2968 58.
531 2916 619 2984 Quaere
634 2933 666 2966 ex
683 2933 725 2965 me
740 2914 797 2986 quis
808 2915 875 2966 mihi
890 2929 996 2987 quaartus
1011 2917 1051 2969 Sit
1062 2926 1156 2988 pater:
1171 2915 1242 2967 haud
1254 2927 1389 2988 prompte,

346 2991 432 3044 dicam
446 3005 540 3046 tamem
549 2996 704 3066 -Reponit
714 2995 816 3046 Persius
828 3012 857 3046 se
870 3014 975 3068 quoque
990 3008 1063 3049 terrm
1075 3015 1132 3050 esse
1142 2993 1241 3062 lilium,
1254 2997 1278 3046 si
1287 3009 1388 3067 patrum

348 3073 429 3142 paulo
443 3074 520 3126 altius
531 3075 664 3144 repetierit
676 3073 813 3146 origInem.
830 3104 867 3115 -
881 3075 972 3146 Quaere
987 3095 1019 3127 ex
1030 3095 1072 3128 me
1085 3079 1141 3149 quis
1154 3074 1221 3128 mihi
1232 3087 1341 3150 qrsartus
1353 3075 1389 3128 Sit

345 3163 433 3222 pater,·
450 3172 515 3224 roga
527 3172 569 3205 me
583 3156 640 3224 quis
652 3152 718 3204 mihi
731 3154 764 3204 sit
778 3153 886 3206 abavus.
898 3183 933 3194 -
946 3155 1028 3206 Haud
1039 3168 1172 3228 prompte,
1189 3155 1277 3207 dicam
1290 3167 1389 3214 tamem

349 3252 404 3284 non
418 3235 507 3286 nescio
521 3237 580 3306 quis
594 3233 658 3285 milri
668 3235 701 3287 sit
713 3233 812 3286 abavus
824 3235 958 3299 dicturus;
973 3237 1011 3287 ita
1033 3248 1120 3290 tamen
1135 3256 1188 3288 non
1200 3235 1348 3308 percalles,
1362 3247 1390 3286 ut

351 3331 457 3366 necesse
472 3315 506 3365 sit
521 3317 643 3384 cogitem.

382 3443 448 3497 Nor.
465 3445 507 3514 59.
520 3444 593 3498 Adde
604 3444 682 3498 etiam
692 3441 784 3509 uuum,
793 3444 881 3498 Unum
888 3447 968 3498 etiam
979 3471 987 3500 :
1000 3457 1073 3502 una
1082 3449 1181 3520 estjam
1184 3445 1314 3520 filius-
1322 3445 1391 3500 Adde

346 3521 427 3574 etiam
444 3544 545 3590 unum,
570 3544 654 3577 unum
674 3527 768 3586 etiam,
790 3524 910 3577 altiorem
929 3539 1006 3578 atavo
1028 3547 1070 3580 me
1084 3545 1171 3579 meum
1188 3545 1266 3579 avum
1277 3530 1392 3598 rogites,

348 3614 427 3676 atque
442 3607 521 3657 etiam
533 3604 584 3658 hnc
597 3605 731 3669 altiorem3
748 3607 804 3676 jam
822 3623 864 3657 me
878 3607 979 3658 nescire
991 3606 1068 3659 fateri
1082 3625 1176 3678 cogor3
1195 3619 1235 3659 eat
1248 3607 1392 3659 obscurum

348 3701 445 3736 nomen
453 3723 462 3750 ‚
480 3697 520 3738 est
532 3697 605 3738 terroe
611 3683 698 3759 filius.

820 3788 832 3813 0

382 3831 449 3885 Nor.
466 3829 510 3884 60.
532 3831 569 3881 Et
585 3829 652 3881 mihi
673 3830 725 3882 ritu
742 3830 852 3882 Manius
873 3830 914 3883 hic
932 3829 1032 3904 perceris
1049 3849 1130 3906 paupe
1150 3833 1236 3903 major
1248 3828 1394 3882 ammculus

346 3913 408 3964 exit.
425 3939 460 3951 -
475 3909 525 3970 Eu·
545 3911 596 3961 ista
614 3910 731 3973 ratione,
752 3905 872 3978 proinde.
887 3937 923 3951 -
933 3910 995 3961 Ritu
1005 3911 1119 3982 peneus,-
1138 3908 1231 3960 ordine
1243 3909 1348 3979 stirpis,
1361 3923 1392 3959 ea

345 3991 450 4060 generis
465 3987 570 4056 ordine,
594 3990 719 4060 quoniam
738 3988 929 4042 remotissimus
943 3987 987 4041 ille
999 4007 1062 4043 avus
1077 4007 1166 4056 meus,
1187 4005 1266 4060 quem
1282 3988 1391 4060 ignoro,

345 4067 419 4138 filius
434 4081 506 4123 nau
526 4069 596 4135 fuit,
618 4065 845 4141 quemadmodum
863 4069 979 4122 Manius.
992 4099 1028 4111 --
1044 4068 1151 4122 diarius
1166 4067 1226 4131 hic,·
1248 4085 1326 4141 quem
1343 4085 1392 4137 ego
