3038 4932
335 469 395 534 EX
419 468 634 535 INCERTO
657 470 805 536 SATIR.
831 468 988 534 LIBRO.
1122 472 1184 538 311

593 595 741 660 LXVIII.

135 707 250 798 Caput
261 703 348 774 collo
360 720 583 787 sustentatur,
594 719 735 774 truncus
742 706 927 776 sustinetur
935 728 956 771 a
967 702 1215 773 coxendicibus.

604 817 719 882 LXIX.

135 929 306 1011 Quaenam
317 951 383 995 vox
395 950 436 994 ex
449 941 483 996 ta
494 947 657 998 resonans
669 948 745 994 mac
758 924 864 1016 gradu
875 949 1044 997 remoram
1057 926 1156 996 iacit?

614 1039 713 1106 Lxx.

136 1150 260 1242 Neque
271 1147 403 1240 prodire
415 1151 450 1218 in
460 1147 584 1232 altum,
596 1145 741 1240 praeliari
752 1146 871 1240 procul
886 1145 950 1214 sub
961 1149 1038 1214 vite.

607 1262 724 1329 LXXI.

134 1367 239 1456 Quod
250 1368 334 1436 mihi
345 1367 560 1438 commodum
569 1384 703 1451 est,aut
713 1367 780 1440 uda
789 1372 989 1475 vestimenta
998 1365 1231 1461 deposueram.

597 1484 730 1552 LXXII.

135 1590 224 1658 Mihi
236 1613 374 1660 necesse
386 1608 437 1663 est
447 1592 540 1687 loqui
555 1620 562 1660 :
575 1617 655 1664 nam
668 1595 737 1662 scic
748 1592 903 1686 Amyclas
915 1591 1057 1663 tacendo
1068 1595 1217 1686 periisse.

29 1803 33 1810 ἱ
588 1707 740 1776 LXXIII.

135 1814 278 1879 Homini
288 1815 397 1882 amico
408 1838 447 1882 ac
458 1812 613 1882 familiari
624 1839 697 1900 nou¹
705 1831 757 1884 est
765 1817 899 1886 mentiri
909 1838 1034 1882 meum.

444 1925 448 1936 '
591 1929 736 1999 LXXIV.

133 2035 228 2120 Quin
239 2033 467 2127 amplexetur,
477 2039 538 2130 qui
551 2033 645 2118 velit,
658 2059 721 2128 ego
732 2057 801 2105 non
814 2039 921 2106 sinam
934 2059 988 2102 me
1000 2031 1204 2126 amplectier.

598 2148 727 2214 LXXV.

136 2259 205 2321 Pro
216 2252 340 2322 obtuso
351 2278 410 2323 ore
421 2253 533 2348 pugil,
546 2257 744 2348 piscinensis
756 2276 809 2320 res
822 2270 882 2322 est.

591 2370 737 2435 LXXVI.

136 2479 230 2544 'linei
242 2475 399 2545 leontado
410 2491 444 2543 et
454 2479 591 2544 Pomani
604 2492 638 2543 et
648 2475 782 2543 thermo
794 2459 959 2540 Parnime.

173 2730 289 2783 LXVIII.
315 2731 441 2784 Nonius:
467 2731 640 2798 Curandum,
720 2728 836 2781 LXXIV.
856 2726 1024 2788 Priscianus,
1045 2721 1092 2774 lib.
1109 2723 1187 2774 Vlll:

139 2827 229 2862 coxas.
685 2807 872 2880 Amplexetur,
886 2806 1051 2874 πιμπὶωσθω.

173 2891 268 2946 LXIX.
276 2891 380 2944 Festus:
391 2892 597 2964 Remeliginaset
605 2909 642 2944 ra·
720 2887 823 2940 LXXV.
838 2885 931 2938 Oinoa
943 2902 994 2935 ore.
1005 2881 1107 2952 Pugiles
1119 2883 1188 2934 enirn

138 2987 234 3032 moroe,
249 2967 403 3024 amarando
413 2968 489 3022 dicta·
499 2983 570 3023 sunt.
686 2979 749 3018 sunt
773 2964 870 3017 obtuso
890 2979 935 3014 ore
954 2972 1066 3033 propter
1085 2976 1189 3030 pugnos

173 3047 370 3102 LXX-Festus:
380 3049 433 3102 Sub
441 3050 518 3101 vitem
524 3049 641 3122 praeliari
686 3061 752 3116 quoa
769 3044 796 3094 in
810 3059 841 3097 os
857 3041 1004 3112 recipiunt,
1021 3036 1091 3090 unde
1107 3035 1189 3102 illud,

138 3123 266 3180 dicuntur
279 3125 388 3194 milites,
403 3146 486 3200 quum
500 3127 549 3180 sub
564 3129 641 3180 vinea
685 3119 849 3184 usualium,
870 3115 913 3170 vei
927 3118 1013 3190 potius
1029 3114 1136 3190 puqilu.
1154 3145 1190 3153 -

140 3204 249 3258 militari
269 3220 397 3278 pugnant.
417 3207 581 3262 Trochsicm
603 3210 641 3260 ita
685 3202 792 3252 Festus:
811 3199 918 3250 Piscinae
933 3195 1044 3268 publicar
1058 3193 1189 3266 hodieque

139 3285 278 3358 legendas.
686 3295 784 3329 nomen
796 3286 892 3328 manet.

171 3365 264 3419 LXXI.
272 3365 639 3420 nommsnuhomumnt.
721 3354 835 3410 LXXVI.
847 3355 896 3404 ilic
905 3350 982 3404 locus
992 3349 1073 3424 plane
1082 3349 1190 3401 inextri-

139 3457 191 3500 act.
202 3446 249 3510 IV,
261 3463 298 3500 sc.
309 3446 335 3499 3.
686 3431 1190 3489 rabilis.Scil.CharisinsJuat.G1-amm.

173 3526 278 3580 LXXII.
294 3526 411 3593 Servius,
423 3528 450 3578 in
458 3525 561 3579 mid,
572 3526 598 3578 x
607 3524 642 3578 gd
683 3513 730 3566 lib.
740 3515 752 3565 I
762 3536 768 3564 :
779 3513 840 3586 plus
850 3515 876 3565 in
885 3511 936 3564 lrac
947 3510 1131 3564 observatione
1138 3527 1189 3579 ge-

138 3603 206 3658 illud
213 3607 285 3676 Virg.
293 3606 342 3656 ..ur
349 3606 434 3658 tacitis
444 3605 647 3678 regnavitdmy.
690 3596 789 3650 minam
801 3594 810 3644 i
824 3594 851 3644 in
863 3590 1013 3644 masculinis
1025 3587 1191 3641 animadver-

140 3683 220 3736 olis.»
235 3683 337 3736 Auctor
346 3682 475 3755 Par-vigilii
483 3685 608 3738 Veneris:
690 3675 797 3726 timus...
819 3673 888 3724 Nam
909 3672 930 3724 si
951 3668 1057 3722 AEmilir'
1075 3681 1102 3721 et
1121 3666 1192 3720 Julii

139 3790 222 3835 ,affl
237 3807 319 3836 m
335 3795 422 3839 mo
454 3809 493 3838 m
507 3809 542 3838 m
558 3793 645 3839 mm
690 3751 799 3817 dixeris,
811 3768 895 3823 grace
909 3750 1081 3803 declinaveris
1095 3761 1124 3800 nt
1138 3749 1190 3799 Lu·

282 3855 287 3866 ·
301 3855 306 3866 ·
431 3825 437 3845 ’
690 3832 764 3886 cilius
775 3855 781 3885 ι
794 3833 866 3886 Tirei
878 3829 1011 3894 hortatio,
1024 3841 1071 3881 etc.
1080 3829 1118 3878 Ex
1130 3844 1189 3876 ver-

143 3864 353 3988 Μωῐΰᾙῗιὲἑΰ
362 3925 466 3967 mma,
480 3914 570 3974 perdidit
581 3917 644 3960 suen-
688 3912 729 3965 bis
737 3931 799 3984 ergo
810 3911 921 3964 Charisii
928 3905 1190 3978 rideturlegeudum‚

235 3986 295 4022 ω’*
691 3991 769 4044 Tiric.
777 3991 888 4064 Reliqua
896 3988 974 4062 plane
982 3985 1112 4058 deposita,
1120 3983 1191 4034 Doa-

175 4065 642 4135 Lxxm.1.asaamiu⁸‚1„s,‚ffi,;„
688 4089 744 4123 sam
758 4073 881 4144 sequuti,
893 4068 1086 4127 existimamus,
1101 4059 1192 4114 decla-

142 4141 188 4196 Μ’·
199 4145 250 4211 Vl,
265 4163 325 4218 ΜΡ-
342 4147 382 4200 18·
688 4162 745 4204 rata
759 4153 873 4224 ingenue
892 4160 982 4202 nostra
1002 4145 1126 4196 recitare.
1144 4143 1190 4192 En.
