3176 4954
442 421 502 484 rx
527 421 811 485 1.1en0xx1x
835 423 980 488 sirm.
1163 434 1228 519 4¹9
1332 417 1336 426 “

676 548 742 612 LX.

191 655 399 724 Deletionem
409 659 516 724 nostri
530 633 693 722 ad'unum
705 659 878 726 exereitus.

669 768 754 833 LXI.

192 881 358 945 Detrusue
368 891 455 958 tota,
465 878 500 944 vi
509 873 726 970 dejectusque
738 875 843 944 ltalia.

661 991 762 1054 LXII.

193 1101 266 1166 Hoc
274 1112 347 1164 tum
356 1093 413 1164 ille
424 1094 581 1179 habebat,
596 1111 629 1164 et
639 1095 708 1165 fere
720 1121 854 1165 omnem
869 1096 1032 1191 Apuliam.

655 1211 772 1278 LXIII.

69 1405 77 1417 .
194 1321 315 1385 Utrum
326 1318 429 1384 tristis
440 1331 591 1383 contorto
606 1314 719 1410 aliquo
731 1340 772 1383 ex
783 1322 972 1388 Pacuviano
984 1319 1130 1390 exordio.
1214 1328 1217 1334 '

657 1431 771 1495 LXIV.

196 1541 305 1606 Deum
316 1535 794 1605 rixavertatverbaobscoene.

665 1652 762 1719 LXV.

197 1758 309 1827 Hebes
321 1781 456 1827 omnem
466 1781 539 1827 rem
552 1784 561 1825 :
574 1762 674 1826 timeo
686 1782 730 1828 ne
742 1781 888 1826 accuser.

658 1867 762 1936 LXVI
766 1920 774 1936 .

198 1978 327 2047 Insulta
336 1983 499 2047 miserum
510 1994 542 2045 te
555 2001 690 2075 quoque
702 1981 737 2045 in
751 2003 816 2047 me.

652 2091 785 2156 LXVII.
1007 2172 1011 2180 Ι

198 2199 346 2266 Primum
359 2195 478 2290 Chrysi
489 2219 595 2291 quum
606 2213 706 2288 negat
719 2201 882 2290 signatam
894 2196 1043 2267 reddere.

641 2309 789 2375 LXVIII.

198 2414 417 2512 supplantare
430 2419 538 2498 alunt,
552 2419 660 2486 Graeci
670 2427 846 2506 ὑποσκελίζειν
858 2415 982 2489 dicunt.

659 2531 774 2594 LXIX.

198 2637 361 2704 Dissoeiat
370 2650 471 2730 etque
483 2639 611 2720 omnia,
623 2660 663 2705 ac
673 2635 830 2704 nefanda.

668 2747 767 2814 LXX.

200 2854 281 2942 Quis
293 2868 329 2920 tu
340 2852 442 2922 homo
457 2875 492 2921 es
501 2858 517 2920 i
527 2858 634 2940 Nemo
646 2877 722 2922 sum
732 2851 845 2921 homo.

234 3075 287 3125 LX.
300 3075 403 3126 Nonius
414 3096 420 3124 ε
433 3073 546 3126 Deletie.
744 3091 811 3125 core.
830 3070 870 3124 lbi
888 3070 922 3124 de
939 3069 1081 3144 Chryseide
1097 3070 1171 3144 loqui
1187 3073 1242 3127 vult

235 3152 301 3204 LXI.
309 3153 379 3205 IVon.
388 3153 517 3222 Deficere,
527 3155 698 3225 precipitare.
744 3152 874 3213 Luciliue;
887 3152 922 3204 ef.
933 3153 1041 3205 Homeri
1051 3151 1126 3204 Iliad.
1141 3151 1185 3205 lib.
1198 3155 1218 3206 I.

236 3231 314 3284 LXII.
327 3232 429 3286 Nouius
442 3253 449 3283 ι
463 3233 580 3301 Habere,
595 3245 700 3298 tenere,
779 3232 890 3284 LXVIII.
903 3230 1185 3303 Supplantaredietum
1195 3247 1243 3302 eet,

202 3319 344 3380 occupem.
356 3307 460 3379 Apulia,
468 3309 548 3364 Italiee
563 3311 650 3382 regio,
659 3312 701 3363 in·
745 3312 821 3383 quasi
831 3309 926 3380 pedem
939 3327 1098 3381 supponere.

202 3385 276 3438 eluse
289 3389 358 3440 inter
366 3387 536 3459 Apenninum
548 3401 574 3442 et
584 3387 700 3442 Adriati-
779 3389 868 3440 LXIX.
884 3387 1005 3440 Nonitte:
1022 3386 1166 3459 Nefanda,
1180 3407 1242 3461 pro:

203 3465 409 3518 ruminarem).
744 3465 1246 3542 nefanda.Totumhunclooumeump·

235 3545 326 3598 LXIII.
344 3545 448 3598 Nonius
462 3567 468 3596 ι
483 3547 647 3613 Exordium,
663 3558 702 3598 ert
747 3551 779 3603 sit
790 3567 805 3601 a
818 3547 919 3600 Lucilio
931 3551 1032 3601 Varro:
1047 3555 1179 3618 Σκαμαχιᾳ
1196 3552 1246 3618 περὶ

202 3623 319 3678 initium.
746 3632 828 3700 ripaue
840 3627 1179 3700 «Ego,inquitVorro,eam
1187 3647 1247 3702 eup-

238 3705 403 3758 LXIV.Non.
411 3701 578 3774 Obseoenum,
586 3704 702 3760 vitabile.
746 3707 847 3779 petias,
857 3723 916 3778 que
924 3719 989 3760 tune
997 3705 1063 3758 mihi
1072 3725 1121 3760 neo
1131 3725 1186 3774 ree,
1196 3725 1246 3759 neo

237 3784 315 3835 LXV.
334 3785 438 3836 Nonius
450 3802 458 3836 e
472 3784 587 3851 Habere,
603 3785 703 3838 audire.
747 3789 814 3840 ratio
827 3799 867 3841 est
879 3787 1000 3842 dissociat
1010 3799 1087 3860 atque
1101 3785 1189 3838 ornnia
1205 3804 1248 3840 ne·

240 3863 328 3916 LXVI.
343 3865 447 3916 Nonius
457 3884 464 3913 x
476 3863 620 3931 Insultare,
635 3867 705 3936 inju·
744 3868 863 3938 fartim

205 3943 299 3996 ederim
311 3943 412 4018 aliquid
421 3943 518 3996 dicere.
745 3979 747 3986 -
784 3940 1247 4011 LXX.Chorieiue‚lib.1:·Nemein

241 4023 342 4078 LXVII.
357 4025 463 4077 Nonius
477 4046 483 4076 z
497 4023 649 4098 Sipontum,
666 4025 705 4077 in·
749 4023 856 4078 homine
866 4026 1005 4096 proprium,
1018 4033 1071 4082 est;
1090 4021 1152 4090 quie
1170 4021 1248 4093 dgni-
1325 4063 1330 4072 .

207 4113 305 4172 tegrem
317 4105 442 4173 virginem
451 4115 568 4156 vetustas
578 4101 660 4155 voluit
671 4103 706 4156 di·
749 4102 830 4170 fleat,
852 4101 884 4156 ele
911 4102 996 4155 homo.
1017 4099 1126 4168 Antiqui
1149 4110 1174 4150 et
1198 4118 1246 4173 pro

1041 4210 1094 4275 ²7·
