2970 4936
400 530 459 573 122
566 507 720 571 VARlAE
743 504 1016 570 LECTIONES
1039 505 1101 568 ET
1126 504 1263 570 NOTAE

392 649 433 686 est
449 634 475 684 in
491 631 532 686 his
545 631 630 685 verbis
644 653 650 682 z
666 631 743 684 viridi
756 643 781 683 et
794 649 847 683 non
859 641 940 684 cocta.
957 631 1116 703 Respondet,·
1134 631 1268 702 eleganter
1273 630 1377 704 fideliss
1393 638 1436 688 tri-

392 714 493 766 buitur.
507 741 543 752 -
557 713 676 774 Limum
689 709 790 782 argilla.
804 741 841 752 -
853 709 1002 781 Allegoriee
1018 710 1073 764 bac
1090 712 1181 764 omnia
1195 708 1322 763 dicuntur
1336 713 1373 765 ab
1388 729 1436 766 arte

393 792 500 864 ligulina
511 791 544 843 ‹le
556 793 657 844 Juvene
668 791 746 843 molli
756 805 783 843 et
794 789 864 843 male
874 803 991 842 tornato.

428 923 495 972 Nor.
516 919 562 986 23,
573 919 615 986 24.
630 917 716 971 udam
726 930 751 972 et
760 915 842 970 molle
852 916 936 970 latrem
947 936 985 982 es,
995 933 1066 967 rauna
1076 933 1146 968 nunc
1152 914 1345 987 properandus,
1355 927 1381 966 et
1389 917 1437 968 arri

392 998 540 1075 Finyenrlus
548 997 668 1071 sioefine
680 1011 746 1052 rota.
763 1027 799 1038 -
815 999 902 1069 Pergit
918 998 946 1048 in
961 994 1055 1060 eadem
1069 992 1196 1066 allegoria
1208 994 1241 1047 ab
1254 1008 1310 1046 arte
1322 994 1435 1067 figulini.

392 1105 428 1118 -
445 1077 532 1129 Ullum
544 1089 570 1130 et
581 1075 662 1129 molle
673 1077 760 1128 lutum
775 1079 816 1138 ἐι,-
832 1078 996 1129 conveniunt
1011 1074 1067 1127 hac
1079 1093 1140 1126 eum
1156 1075 1259 1148 iisque
1274 1092 1356 1146 supra
1372 1074 1435 1127 dista

392 1169 456 1211 sunt
467 1157 610 1210 viridi'nou
622 1167 694 1210 cocta
700 1155 797 1230 fidelia
809 1153 890 1218 limen
907 1173 996 1227 nsque
1009 1154 1073 1228 quid
1084 1153 1128 1206 hio
1140 1155 1227 1205 minus
1240 1167 1333 1227 aptum
1348 1169 1375 1207 et
1387 1173 1435 1206 non

392 1237 460 1291 bene
476 1237 610 1310 quadrans
627 1239 725 1309 Koeniq
741 1238 858 1290 inveniat
873 1235 962 1289 video.
977 1237 1091 1296 Lutum
1107 1232 1180 1305 apud
1198 1236 1307 1288 Latinos
1325 1235 1435 1290 solemne

391 1321 442 1372 fuit
451 1319 560 1372 verbum
570 1319 605 1372 ad
616 1317 802 1390 exprimendos
813 1335 911 1389 pravos
925 1335 1028 1382 mores,
1046 1313 1271 1387 quemadmodum
1286 1329 1378 1369 nostra
1391 1338 1435 1371 vox

391 1401 463 1453 boue.
476 1401 560 1451 Cicer.
575 1401 603 1450 in
613 1402 702 1453 Pison.
719 1418 726 1449 ε
744 1397 896 1452 ullomulns
910 1417 941 1450 ex
955 1397 1047 1468 argilla
1062 1410 1089 1447 et
1103 1394 1158 1448 luto
1172 1398 1260 1448 laetus
1274 1399 1433 1468 Epicureo.-

389 1482 499 1533 Abierat
509 1483 587 1534 etiam
597 1483 624 1532 in
636 1479 806 1552 proverbium
818 1478 905 1531 lutum
917 1497 962 1531 es:
977 1475 1099 1531 nonnihil
1112 1495 1143 1529 ex
1155 1474 1208 1528 boo
1219 1493 1300 1530 sensu
1312 1477 1341 1528 h.
1355 1477 1372 1528 Ι.
1384 1497 1434 1530 rer-

390 1558 455 1611 bnm
466 1558 581 1625 redolet,
593 1560 712 1630 quamvis
721 1571 762 1610 est
771 1557 806 1610 ad
817 1572 900 1610 artem
910 1557 1046 1630 ligulinam
1055 1558 1202 1627 proprium.
1216 1585 1253 1598 -
1266 1555 1349 1609 Nunc
1358 1577 1433 1618 nunc,-

389 1637 441 1690 lrae
455 1651 531 1690 aetate
545 1637 645 1692 scilicet
662 1657 743 1711 quam
759 1641 881 1690 maxime.
897 1667 934 1678 -
948 1635 1132 1708 Properandus
1148 1649 1174 1689 et
1183 1635 1347 1712 finqendtu,·
1362 1635 1385 1689 ἲν
1399 1633 1435 1690 be'

389 1717 451 1771 lusis
462 1716 663 1792 profinqendus
672 1737 789 1791 propere.
803 1745 836 1759 ·-
848 1717 911 1770 Acri
921 1729 978 1770 rota
984 1739 994 1778 ,·
1006 1718 1084 1769 eitius
1094 1729 1232 1782 currente3
1241 1735 1300 1769 acm
1312 1719 1383 1769 enim
1393 1717 1434 1769 tle·

390 1801 477 1869 signat
487 1797 618 1870 quidquid
629 1799 658 1850 lit
673 1800 839 1870 promptius;
855 1797 926 1849 unde
938 1797 1051 1848 adirem
1068 1797 1233 1849 transfertur.
1248 1825 1286 1836 —
1297 1795 1434 1869 Sinefim

390 1880 446 1929 sine
456 1896 533 1930 mora
541 1877 627 1929 donec
639 1877 801 1949 perficiatur.
815 1905 851 1916 -
863 1875 944 1944 Quod
955 1872 1151 1948 Iatinifirtpere
1160 1876 1267 1942 dicunt,
1281 1875 1354 1928 idem
1365 1877 1433 1928 simili

390 1955 545 2028 metaphora
558 1958 643 2009 Greci
658 1954 775 2012 mium,

424 2035 579 2101 Queruntur
593 2035 620 2088 h.
636 2036 654 2088 l.
669 2040 841 2108 interpretes,
856 2039 1031 2110 inprimisque
1045 2035 1220 2088 Casaubouus
1232 2035 1336 2090 diutius
1351 2036 1432 2088 eaden

390 2112 561 2168 similitudine
575 2118 691 2170 Persium
706 2119 840 2170 immorari
858 2131 886 2169 et
902 2116 1056 2186 tautologia
1071 2119 1148 2170 nimis
1162 2115 1310 2186 indulgere.
1331 2116 1367 2168 At
1378 2135 1432 2168 vero

389 2205 479 2264 potest
493 2196 611 2248 excusari
626 2198 787 2267 comparatio
802 2194 975 2268 productior,
990 2212 1023 2247 eo
1037 2192 1111 2265 quod
1125 2194 1257 2246 mouentis
1272 2205 1299 2246 et
1313 2195 1433 2266 castigan-

390 2273 423 2324 tis
434 2285 489 2340 est,
503 2273 596 2328 eadem
607 2276 703 2328 iterum
716 2289 795 2348 atque
805 2277 901 2330 iterum
912 2287 1048 2348 repetem
1062 2272 1135 2346 quod
1146 2275 1282 2344 ingeniose
1294 2285 1373 2326 notat
1382 2275 1432 2344 ipse

389 2352 573 2406 Cssaubonus.
593 2356 676 2407 lmmo
692 2357 770 2408 etiam
788 2374 839 2426 eqo
854 2355 968 2410 libenter
983 2356 1132 2426 suspicatus
1151 2355 1246 2406 luerim
1261 2355 1381 2406 Persium
1395 2352 1432 2404 hie

389 2429 424 2484 de
438 2431 567 2486 industria
581 2437 808 2506 comparationem
822 2436 966 2501 adbibere,
987 2449 1014 2490 et
1032 2433 1197 2507 producere,
1215 2447 1242 2487 et
1259 2432 1430 2506 amplificare,

391 2532 448 2585 que
462 2516 533 2568 foret
546 2518 573 2568 in
589 2515 688 2570 sobolis
704 2536 734 2569 ac
749 2516 974 2590 disputationibus
993 2516 1135 2585 solemnis,
1155 2534 1208 2588 quo
1226 2518 1309 2586 magis
1330 2515 1430 2568 haberet

390 2595 505 2647 veritatis
519 2613 550 2647 ao
563 2596 709 2648 festivitatis
724 2599 893 2669 praceptoris
907 2599 1001 2649 oratio.
1020 2597 1119 2648 Tritum
1138 2599 1208 2649 enim
1227 2595 1352 2648 eamdem
1369 2595 1430 2647 illam

390 2678 617 2746 comparationem
632 2676 700 2729 ridet
715 2694 822 2748 quoque
827 2716 837 2743 ‚
851 2676 916 2728 dum
930 2689 1057 2747 usurpat,
1071 2679 1221 2743 Lucienus,
1235 2675 1268 2728 de
1282 2679 1373 2730 Parus.
1388 2675 1429 2728 snb

390 2755 509 2821 initium,
524 2769 543 2808 t.
555 2758 593 2822 ll,
607 2775 668 2827 pag.
681 2756 747 2823 841,
762 2755 824 2809 edit.
839 2757 907 2809 lleiz.
922 2778 928 2806 ε
943 2754 1018 2809 'Anasi
1030 2755 1064 2823 pl
1080 2753 1224 2825 »adimpei
1239 2755 1338 2826 atrapei
1353 2753 1430 2826 χύτρα

390 2831 575 2903 diapsalmus,
588 2833 622 2900 pti
638 2833 719 2906 calpis
735 2833 938 2903 irsqbipysw.
957 2836 1042 2906 (sed,
1059 2851 1090 2890 ut
1104 2837 1178 2890 malae
1192 2835 1266 2906 olla,
1281 2855 1366 2910 quum
1378 2837 1430 2910 pul·

391 2926 494 2982 santur,
504 2933 537 2967 ne
549 2915 671 2986 pistillum
684 2915 816 2985 resonet.)
827 2916 924 2970 Ridere
937 2931 1026 2970 autem
1038 2929 1096 2971 ea'm
1107 2921 1338 2991 comparationem
1348 2919 1430 2972 Lucia·

391 3011 494 3045 numex
504 3013 536 3046 eo
546 2995 778 3056 manifestumne,
795 2995 869 3068 quod
884 2996 947 3050 huic
962 2997 1034 3066 loeo,
1047 3017 1102 3071 quo
1115 3017 1173 3052 eam
1186 2997 1324 3064 adhibuit,
1341 2997 1429 3049 nullan

391 3071 477 3123 lucem
489 3073 599 3139 afferat,
616 3088 694 3146 atque
709 3093 876 3148 peromnem
890 3076 1027 3150 dialogum
1039 3078 1130 3131 solitas
1146 3076 1287 3149 equalium
1298 3095 1430 3150 mineo-

390 3154 495 3205 tationis
506 3168 532 3206 et
542 3152 694 3206 subtilitatis
703 3155 803 3208 formas
812 3160 1005 3229 conquisivisse
1015 3157 1048 3210 ad
1057 3158 1199 3210 ridiculum
1206 3156 1339 3210 videatur.
1353 3159 1429 3226 Quam

390 3235 450 3285 trita
462 3253 525 3285 vero
540 3247 565 3286 et
579 3233 701 3288 obsoleta
715 3237 796 3289 fueris
808 3255 839 3290 ea
854 3241 1017 3310 comparatio
1032 3257 1064 3290 ex
1078 3251 1132 3290 arte
1145 3237 1233 3309 figlina
1247 3239 1351 3310 petita,
1364 3253 1430 3307 argu·

390 3325 480 3364 mento
493 3327 555 3366 sunt
566 3315 619 3366 loci
631 3328 751 3368 veterum
762 3336 848 3388 prope
859 3321 1000 3371 innumeri,
1013 3317 1079 3370 Plat.
1093 3321 1121 3371 in
1132 3317 1281 3382 Theaeteto,
1293 3316 1331 3370 id.
1345 3320 1371 3369 in
1381 3315 1430 3366 Plri

390 3391 468 3456 lebo;
483 3393 615 3446 Plutarch.
627 3394 660 3447 de
670 3395 877 3462 Adulatoribus;
892 3398 928 3450 id.
943 3401 970 3450 in
984 3411 1078 3452 octavo
1091 3399 1339 3471 Symposiacorum,
1350 3393 1428 3467 probl.

390 3472 440 3537 1113
452 3475 565 3546 Epictet.
576 3477 676 3548 passim
688 3495 719 3528 ao
731 3479 843 3549 sapius3
857 3481 950 3532 Horat.
961 3479 1018 3530 Art.
1033 3479 1095 3544 1643
1110 3478 1230 3531 Juvenal.
1243 3477 1292 3542 Ν,
1309 3475 1430 3544 1345&

391 3564 444 3604 ster
456 3555 484 3604 in
497 3555 535 3622 V,
550 3557 599 3624 403
615 3555 659 3608 Sil.
675 3555 756 3610 ltalia.
772 3557 819 3610 lib.
832 3560 882 3621 lV;
898 3573 949 3612 etc.
965 3571 1016 3611 etc.

425 3676 493 3730 Nor.
514 3677 563 3745 aq,
578 3677 620 3732 25.
634 3679 685 3732 Sed
698 3698 756 3732 rure
766 3693 877 3754 patemo
890 3681 938 3733 Est
949 3680 996 3732 tibi
1007 3681 1057 3753 far
1067 3679 1214 3744 modicum,
1232 3697 1331 3750 purum
1346 3689 1371 3730 et
1383 3676 1430 3730 sine

390 3755 448 3808 labe
465 3755 586 3810 sobnam.
605 3787 641 3799 -
658 3759 764 3812 Festum
779 3774 806 3814 et
820 3759 945 3814 fiduciam
958 3762 1079 3832 attingit,
1098 3762 1179 3831 quim
1194 3758 1350 3829 concipiunt
1363 3753 1430 3808 liberi

389 3857 421 3890 ex
435 3837 531 3908 opibus
544 3852 572 3892 et
584 3839 722 3894 nobilitate
740 3855 882 3913 parentum
896 3859 927 3894 ac
940 3843 1070 3912 majorum
1083 3859 1195 3894 suorum
1213 3861 1219 3890 :
1243 3857 1299 3890 rure
1315 3847 1428 3909 patenu-

390 3949 424 3957 -
443 3919 494 3970 Far
507 3920 652 3982 sinodicam,¹
666 3921 747 3974 verba
762 3922 956 3992 superbissimae
972 3921 1104 3973 modestia
1112 3961 1121 3988 ,
1137 3921 1202 3972 dum
1215 3920 1348 3992 pigritiam
1361 3931 1427 3968 suam

390 4011 497 4050 excusat
509 3999 614 4068 juvenis
631 4015 770 4072 parentum
783 3999 888 4072 opibus.
905 4030 941 4040 -
956 4001 1055 4052 Parum
1070 4011 1095 4052 et
1109 3999 1165 4052 siue
1177 3997 1235 4051 labe
1246 3996 1357 4050 salinum
1365 4017 1375 4057 ,·
1388 4009 1428 4066 per

390 4075 444 4129 hnc
459 4079 581 4149 exprimit
593 4079 762 4152 supellectilis
777 4081 933 4133 munditiem
947 4094 973 4132 et
987 4076 1180 4150 integritatem,
1194 4076 1265 4151 quod
1280 4076 1357 4128 bonis
1372 4073 1425 4124 arti·

389 4155 438 4208 bus
452 4161 579 4228 acquisita
595 4161 627 4211 sit
641 4180 676 4212 ,ao
689 4163 744 4212 sine
760 4160 871 4214 macttls.
889 4165 979 4213 llorat.
994 4159 1045 4212 0d.
1061 4161 1099 4226 ll,
1118 4161 1162 4224 16,
1182 4161 1211 4214 13
1227 4177 1300 4230 sqq:
