3038 4932
429 466 491 530 nx
514 465 657 530 mano
681 467 730 529 tv
755 464 900 554 sautu.
950 450 955 464 ⁴
1120 462 1182 544 345

618 596 709 664 XVI.

145 717 260 780 Haeret
269 686 444 778 verticulis
450 708 601 778 'adfixum
611 713 647 778 in
658 715 841 803 posteriore
854 791 856 794 ¹

146 827 242 888 Parte
250 873 262 907 ,Ι
271 835 373 913 atque
382 818 548 902 articulis,
563 818 706 892 utnobis
718 818 797 887 talu'
810 843 993 913 genusque.

614 943 725 1006 XVII.-

146 1059 190 1124 Hi
201 1079 273 1150 prae
284 1079 320 1123 sc
331 1071 467 1148 portant
479 1059 630 1148 ingentes
640 1080 784 1124 munere
797 1059 906 1148 pisces

144 1169 299 1257 Triginta
309 1189 462 1234 numero.
561 1243 575 1256 ..

610 1263 731 1326 XVIII.
809 1275 811 1287 '

145 1382 202 1445 'ru
212 1392 344 1469 partem
355 1375 463 1444 laudis
475 1401 612 1470 caperes
622 1430 631 1458 ‚
643 1395 681 1444 tu
693 1375 813 1469 gaudia
824 1401 959 1445 mecum

146 1488 319 1555 Partisses.
583 1533 587 1542 ·

625 1584 711 1648 XIX.

151 1733 627 1751 ..............
647 1713 665 1750 ’.
696 1735 702 1749 .
729 1734 736 1749 .
764 1735 770 1749 .
797 1685 1038 1773 Neagitarem,

148 1798 235 1860 Nam
246 1809 285 1860 tu
298 1793 472 1886 pessulus,
488 1792 580 1861 hunc
592 1789 738 1876 uectem,¹
753 1789 862 1886 possis
875 1817 981 1862 cuneo
993 1796 1077 1886 ipso.

634 1916 705 1978 XX.

149 2030 298 2120 Longior
310 2027 365 2097 hic
376 2053 478 2124 quam
491 2053 586 2122 grus,
600 2055 681 2122 grue
693 2045 762 2097 tnta
773 2054 879 2125 quum
892 2029 980 2098 volat
991 2029 1081 2098 olim.

626 2155 713 2218 XXI.

149 2269 373 2334 Concursaret
383 2291 480 2358 agros
491 2320 500 2348 ,
512 2267 639 2336 catillus
650 2320 659 2349 ,
671 2269 843 2362 fetumque
855 2267 1012 2337 ferarum.

619 2395 725 2456 XXII.

151 2509 335 2600 Quumque
346 2505 401 2574 hic
412 2521 481 2574 tam
491 2507 658 2575 formosus
670 2509 790 2590 homo,
803 2532 842 2576 ac
853 2526 886 2575 te
897 2507 1009 2599 dignu'
1019 2505 1162 2599 puellus.

614 2631 734 2694 XXIII.

154 2743 281 2812 Sufficit
293 2744 372 2812 huic
385 2772 392 2812 :
407 2745 509 2813 clavis
520 2745 701 2814 fulmentas
715 2762 874 2840 quattuor
884 2745 995 2814 addet.

188 2965 257 3017 XVI.
278 2965 405 3019 Nonius:
428 2967 502 3018 Genu
518 2966 656 3019 masculini
698 2987 747 3038 gos
768 2969 924 3037 παροῳωδῶς
938 2983 1029 3040 pravos
1044 2965 1128 3016 dictos
1145 2963 1198 3015 hoc

152 3043 264 3112 generis.
273 3044 365 3094 Festus
372 3065 378 3095 ε
386 3045 452 3098 —V
449 3043 568 3096 enicutas
575 3063 655 3116 quum
699 3045 792 3098 Lucilii
802 3060 828 3098 et
839 3045 884 3098 illo
898 3045 1002 3098 Laberii
1010 3063 1087 3097 versu
1097 3061 1129 3094 ex
1137 3043 1199 3094 Ful-

154 3119 223 3172 dixit
242 3121 375 3186 Lucilius,
397 3122 521 3174 articulos
545 3121 657 3194 intelligi
701 3125 793 3178 Ionicis
803 3125 917 3196 probare
924 3125 1031 3175 nititur:
1046 3126 1160 3176 sUtrum
1170 3135 1199 3172 tu

154 3196 251 3249 voluit·
347 3235 349 3242 ·
648 3233 650 3240 ·
700 3203 772 3256 hunc
783 3223 874 3274 gruem
887 3203 1047 3256 balearicum
1065 3221 1098 3253 an
1111 3199 1200 3252 homi-

191 3277 273 3328 xvtt.
294 3277 396 3333 Servius
418 3281 446 3330 P.
461 3280 591 3352 Danielis·
613 3283 655 3334 sic
700 3301 758 3334 nem
774 3295 849 3352 putas
862 3283 958 3334 esset„

154 3359 240 3409 Varro
247 3357 351 3410 Manio:
362 3381 373 3406 a
384 3361 464 3412 Lecto
473 3374 555 3412 strato
562 3360 655 3414 mutel·
735 3361 805 3411 XXI.
822 3360 925 3412 Nonius
941 3381 948 3410 s
967 3356 1052 3410 Catuli
1058 3395 1067 3421 ,
1085 3375 1140 3409 non
1157 3375 1201 3408 so-

155 3436 508 3504 lam‚lucernam,caeteras
522 3459 563 3494 res
578 3441 656 3512 liujus
702 3438 757 3490 lum
784 3457 878 3490 canum
910 3437 1084 3501 diminutive,
1111 3454 1201 3488 verum
1304 3494 1308 3498 ,

151 3516 223 3568 modi
232 3537 287 3588 prce
297 3532 449 3589 seportant.
459 3520 566 3572 Plautus
576 3520 657 3572 dandi
702 3519 820 3568 omnium
845 3516 997 3568 animalium
1025 3514 1200 3586 appellantur.

152 3613 213 3646 casn
226 3595 291 3646 dixit
305 3597 333 3646 in
348 3595 473 3647 l’oenulo:
488 3597 651 3649 «Trecentos
736 3598 817 3650 XXII.
832 3598 924 3649 Festus
934 3618 941 3648 ι
951 3594 1040 3649 Puettt
1045 3635 1054 3662 ,
1067 3615 1114 3668 per
1122 3597 1202 3648 dimi-

153 3693 274 3728 nummos
280 3674 647 3748 Philippospnrtutpraesibin
696 3680 833 3730 nutionem
846 3696 859 3728 a
872 3679 961 3747 pueris
977 3676 1042 3730 dicti
1054 3691 1124 3730 sunt.
1138 3678 1202 3728 No-

186 3756 276 3806 XVIII.
295 3756 397 3806 Nouius
413 3775 419 3805 ε
434 3757 561 3823 Purtt’ret,
581 3776 650 3827 pro:
697 3757 755 3808 nius
766 3776 773 3806 s
785 3752 905 3822 Puellos,
918 3773 1025 3825 pueros.
1035 3755 1200 3814 Priscianus,

154 3838 302 3905 partiretur.
697 3832 742 3884 lib.
755 3835 806 3896 vt,
818 3830 923 3904 puellus
936 3845 963 3883 et
978 3830 1079 3903 puella.

190 3911 258 3964 XIX.
281 3913 386 3966 Nonius
410 3937 416 3965 ι
445 3915 529 3969 Vectis
550 3917 652 3986 generis
736 3912 830 3964 XXIII.
848 3913 951 3966 Nonius
967 3933 972 3961 :
987 3909 1143 3972 mitatem,
1160 3907 1203 3958 le-

158 3988 304 4043 masculini.
704 3984 1203 4052 minine;varroneutrumrutmenn
1262 4005 1266 4010 ·

191 4069 248 4121 XX.
261 4073 382 4123 Nonius:
399 4073 496 4138 Grues,
511 4089 606 4142 genere
619 4073 659 4124 fe·
705 4083 767 4122 sunt
790 4074 936 4134 καττύματα.
959 4066 990 4118 Id
1013 4078 1067 4131 est,
1089 4075 1204 4135 quatuor

154 4147 263 4198 minino.
271 4148 287 4198 J
290 4148 461 4200 .Guilelmius
472 4147 592 4202 homines
602 4148 660 4198 lon·
706 4148 785 4200 clavis
796 4148 937 4200 fulmentas
949 4145 1035 4197 addet.
