2940 4932
300 477 347 540 ΙΝ
373 475 584 542 SsTtttsM
608 477 880 542 SECUNDAM.
1072 501 1110 564 9¹

207 598 249 648 zui
256 597 367 656 stanter,
377 595 412 654 nl
420 598 463 661 μὶν
475 594 554 652 ἐσθλὰ
563 599 604 648 eui
614 600 749 662 ιῦχομίιως
758 600 798 648 nei
807 596 924 652 sistrimu

192 668 270 732 Ἀμμ
280 669 349 718 nstv·
359 665 394 717 ‘rei
404 665 498 734 liffltnei
507 671 547 720 ul
557 670 693 734 εὐχομένοις
701 671 841 738 dealem!

265 761 361 819 Jupiter,
370 775 384 804 o
393 762 457 808 nobis
464 793 470 812 ,
478 772 589 808 ueremur
595 763 640 810 sire
649 775 775 820 precamus,

266 827 296 870 Da
303 828 372 880 bonu
381 841 430 883 quse
438 827 496 870 mala
505 838 556 872 sunt
566 841 637 873 errore
646 830 770 888 petentibus
778 843 832 874 aroe.

68 941 106 952 -
115 913 234 983 Quemvis
243 923 267 964 te
274 911 362 964 albata
370 913 467 986 ropars‘t
472 935 482 976 ,·
489 913 555 966 altis
563 912 650 970 indoti
657 915 773 970 vesrthos
783 930 858 972 erant
868 917 915 987 qui
924 914 1118 978 sscnficsbsns,

68 1013 103 1044 eo
114 990 185 1064 quod
194 991 239 1044 ille
249 991 352 1044 candor
361 995 472 1049 vestiunt
485 995 567 1050 suini
576 995 707 1064 significet
717 997 895 1053 innocentiam
905 999 1057 1067 gratiorque
1066 994 1117 1048 dits

68 1091 127 1126 esse
139 1072 279 1124 habeatur.
292 1073 347 1124 Cic.
358 1072 391 1124 de
402 1073 530 1144 Leggst:
547 1073 642 1128 «color
651 1074 726 1128 albus
734 1078 867 1148 precipue
875 1079 932 1130 Deo
940 1075 1114 1129 choruscat*

67 1151 163 1204 Ridere
177 1154 256 1204 istam
272 1155 356 1224 ipsum
373 1154 528 1224 opinionem
542 1153 641 1204 Noster
653 1153 766 1221 videtur,
785 1157 807 1206 si
820 1173 911 1208 vorsus
927 1157 1043 1210 aninum
1057 1171 1117 1206 vere

67 1235 163 1364 sentqo.
174 1233 252 1284 conf.
265 1233 357 1284 Horat.
369 1233 422 1283 Sat.
434 1227 471 1298 11,
484 1249 513 1298 a,
528 1233 571 1294 61;
586 1231 665 1284 Ovid.
678 1235 756 1286 Trist.
770 1234 810 1302 Π,
821 1235 875 1288 653
886 1253 958 1308 sqq.;
969 1231 1068 1288 Tibull.
1079 1234 1117 1296 ΙΙ,

70 1329 115 1378 r,r
151 1329 212 1385 sqq.

101 1431 173 1482 Nor.
193 1429 237 1494 4ι.
255 1429 342 1482 Poscis
357 1447 433 1499 opens
451 1429 535 1482 nervis
548 1445 691 1501 corpusque
698 1427 783 1501 fidele
798 1441 913 1484 senectae.
925 1457 962 1470 -
973 1430 1051 1484 Nunc
1066 1429 1120 1495 nait

67 1509 172 1560 Persius
186 1505 221 1558 de
234 1524 332 1577 genere
343 1505 496 1574 hominurn,
509 1509 554 1577 qui
569 1525 685 1562 errorem
701 1507 783 1562 aliurn
799 1510 827 1562 ia
839 1510 907 1560 votis
920 1519 1022 1575 errem,
1038 1523 1120 1576 quum

66 1587 117 1658 ipsi
132 1605 184 1639 sus
195 1599 256 1638 rota
271 1585 321 1638 sibi
336 1585 476 1640 destruunt
487 1588 622 1641 contraris
633 1586 691 1640 ritae
704 1591 817 1642 ratione.
830 1587 910 1655 Quod
922 1586 1037 1660 quidest
1048 1583 1121 1638 eliud

67 1666 117 1718 nisi
131 1684 233 1718 numen
249 1665 375 1717 irridere?
391 1677 483 1718 notum
496 1680 536 1719 est
548 1669 617 1718 enim
630 1668 781 1720 Graecorum
797 1682 975 1740 preceptum:
992 1665 1036 1718 rer
1052 1665 1122 1732 χιΐμ

67 1742 220 1812 τπιφὶροπα
231 1741 322 1798 lrirrir
336 1741 413 1811 τῦχιι
424 1747 502 1800 retur
517 1745 569 1816 (sic
582 1747 719 1800 fortunam
733 1750 842 1816 invoca,
857 1761 886 1800 ut
900 1750 1001 1800 interea
1013 1763 1121 1797 manum

68 1825 101 1876 nh
111 1845 197 1899 opere
207 1845 262 1877 non
273 1825 550 1898 amoveas).—-Posois
560 1847 635 1902 opem
646 1830 741 1890 nervis,·
751 1831 859 1881 concisa
870 1828 971 1880 locutio
981 1845 1032 1899 pro
1040 1827 1123 1900 poscis

69 1925 142 1978 opem
159 1907 283 1972 deornm,
299 1920 329 1960 nt
345 1907 392 1959 tibi
406 1908 520 1960 tribuant
535 1910 588 1961 nim
604 1928 758 1978 neruorum,
777 1923 827 1963 etc.
841 1939 878 1949 -
889 1909 999 1976 Nervis,
1015 1909 1076 1979 quia
1095 1907 1120 1957 in

69 1985 156 2037 nervis
174 1986 340 2055 potissimum
356 1989 477 2038 consistit
494 1985 576 2039 robur
593 1989 721 2060 corporis.
739 1989 814 2042 Unde
833 1991 912 2041 etiam
930 1987 1000 2062 apud
1016 1987 1121 2039 Graeaos

70 2063 209 2132 κυροῦσθαι
221 2084 272 2136 pro
277 2064 396 2138 firmari,
411 2065 572 2139 quodetiam
583 2067 764 2141 metaphorice
777 2071 934 2122 transfertur
947 2067 979 2121 ad
993 2069 1120 2120 animum.

69 2171 105 2181 -
114 2143 262 2218 Corpnsque
271 2141 357 2216 fidele
372 2157 491 2213 senectae,
506 2145 605 2199 dictum
624 2145 770 2220 elegantius
787 2169 838 2222 pro
855 2168 945 2222 corpus
958 2149 1000 2202 oui
1013 2165 1121 2220 penna·

70 2235 150 2276 neunt
163 2243 214 2276 suoe
224 2226 290 2278 vires
301 2225 343 2278 vel
356 2229 384 2276 in
398 2238 506 2279 senecta.

105 2339 175 2391 Nor.
197 2341 239 2407 42.
255 2341 330 2409 Esto,
344 2362 392 2418 ape
400 2368 407 2395 :
415 2345 460 2396 sed
464 2344 577 2413 prandes
583 2346 683 2417 patinoe
694 2355 828 2417 tucetaque
837 2364 927 2399 crassa.
935 2343 1052 2413 —Esto,
1064 2360 1120 2416 ape.

73 2417 172 2471 Probet
186 2417 230 2472 his
240 2421 326 2474 verbis
338 2423 394 2474 voti
410 2441 511 2494 genus,
524 2424 693 2496 ostenditque
707 2443 756 2495 per
770 2423 835 2476 deos
849 2423 929 2478 licere
941 2426 997 2475 voti
1010 2440 1121 2492 compos

73 2499 257 2570 liatpreoutor.
265 2531 300 2540 -
308 2503 424 2555 Grandes
431 2503 544 2574 patinoe,·
553 2521 584 2554 ea
592 2523 642 2556 vox
651 2505 751 2575 putinoe
757 2543 767 2570 ,
778 2524 793 2555 a
803 2524 889 2574 graeco
901 2498 1011 2555 nmine
1019 2499 1060 2554 vel
1072 2500 1122 2560 Ee·

72 2575 157 2644 reisue,
170 2577 291 2650 designat
302 2599 385 2650 genus
400 2580 498 2648 lancis,
512 2581 539 2634 in
553 2601 606 2653 qua
621 2602 686 2635 esca
698 2582 917 2654 apponebantur;
928 2581 955 2632 h.
966 2581 984 2630 l.
997 2597 1047 2650 pro
1059 2578 1123 2648 ipsis

72 2657 147 2709 escis.
170 2687 206 2697 —
229 2657 374 2733 Tucetaque
389 2679 485 2721 orassn,·
503 2661 646 2731 opiparum
665 2673 722 2712 erat
740 2659 870 2712 ferculum
890 2658 968 2710 nobis
987 2659 1122 2728 ignotum.

71 2741 171 2790 Vocem
191 2759 249 2793 esse
270 2741 397 2794 Gallicam
414 2755 516 2793 veteres
533 2755 642 2794 monent
659 2743 757 2806 critici3
778 2743 869 2810 graecis
888 2740 1030 2812 exponitur
1049 2729 1124 2804 ζωμδε

72 2818 170 2884 erexit,
185 2821 259 2893 quod
272 2825 358 2874 firmat
368 2841 419 2874 vox
430 2839 520 2875 crasso.
537 2821 670 2875 Arnobius
684 2823 788 2876 ridetur
802 2841 885 2896 genus
898 2823 1015 2873 minutiis
1026 2821 1123 2870 sartum

73 2900 237 2972 intelligere‚
251 2917 276 2954 et
290 2903 395 2954 nverbo
406 2904 487 2956 tundo
496 2907 568 2955 vocis
579 2906 705 2976 originem
718 2917 847 2976 repetere.
862 2903 903 2954 cf.
916 2905 1007 2954 Horat.
1022 2901 1074 2953 Sat.
1087 2899 1123 2961 ll,

75 2997 102 3047 s,
114 2981 163 3050 953
177 2984 238 3034 lua.
251 2986 296 3048 IV,
310 2984 355 3036 131
368 2999 426 3055 sqq.

106 3097 174 3148 Nor.
193 3097 237 3162 43.
249 3098 373 3149 Annuere
383 3097 422 3150 lu's
430 3115 532 3168 superos
542 3109 651 3165 vetuere,
659 3099 803 3171 Jovenrque
810 3095 1124 3164 morantur.-His‚votis

74 3179 131 3228 tuis.
141 3177 310 3230 -Annuere
320 3197 422 3250 superos
434 3190 550 3240 vetuere,·
562 3180 706 3249 magnesia
717 3177 923 3245 estimationis,
936 3196 988 3250 qus
1001 3185 1084 3227 tuceta
1099 3187 1124 3225 et
1199 3227 1208 3238 .

71 3255 169 3325 potinoe
178 3255 308 3309 dicuntur
317 3273 474 3330 superorum
484 3255 614 3328 impedire
624 3257 970 3329 potestatem-«lovemque
980 3268 1122 3316 morantur,

74 3335 224 3406 impediunt
236 3339 377 3408 quominus
393 3335 440 3388 tibi
452 3335 536 3388 facilis
552 3357 606 3389 esse
616 3337 718 3408 possit,
731 3339 832 3389 etiamsi
844 3335 914 3390 velit.
932 3335 1029 3390 Sensus
1043 3337 1125 3388 totius

73 3414 125 3466 loci
133 3437 139 3466 ι
148 3413 219 3488 qula
229 3415 361 3486 tuusacit,
372 3419 511 3488 quominus
521 3419 574 3469 voti
586 3415 717 3469 damneris
724 3439 733 3477 ,·
746 3414 908 3487 lepidissima
918 3434 979 3467 vero
990 3429 1029 3467 est
1039 3415 1124 3465 forma

75 3496 214 3546 orationis.
226 3520 263 3534 --
273 3496 351 3546 Gonl.
367 3497 459 3547 Horat.
476 3499 512 3562 ΙΙ,
529 3496 559 3561 3,
577 3496 627 3550 ass
643 3513 715 3568 sqq.;
732 3497 844 3564 Diogen.
860 3494 945 3544 Laert.
960 3491 993 3544 de
1006 3494 1125 3562 Diogene

75 3574 187 3645 Cynica
201 3573 331 3629 (stenem.
343 3575 484 3628 Alexandr.
495 3576 617 3630 Str-omns.
631 3575 748 3640 lib.v11;
762 3577 868 3626 Maxim.
879 3575 952 3647 Tyr.;
963 3572 1078 3625 Timoth.
1092 3571 1125 3622 ad

75 3655 222 3708 Ecclesiam
237 3655 341 3708 Cathol.
354 3657 401 3709 lib.
412 3661 438 3710 l:
455 3647 747 3723 alneonsnl'tissimnm,
761 3657 813 3722 nit,
832 3673 863 3708 so
878 3654 1059 3708 stultissimum
1070 3665 1125 3718 ast,

76 3733 102 3784 id
111 3734 245 3806 quosdam
256 3754 342 3805 agere,
350 3749 394 3804 ιιι,
402 3737 474 3809 qnod
482 3739 580 3790 affectu
590 3757 620 3790 ac
628 3752 691 3790 roto
700 3736 803 3803 volunt,
811 3735 926 3814 idipsum
935 3755 964 3790 re
974 3747 1054 3806 atque
1065 3745 1125 3786 actu

78 3814 147 3868 nolle
156 3817 308 3869 rideantur.
321 3841 332 3864 r

115 3929 179 3982 Nor.
200 3930 244 3996 44.
257 3931 320 3983 Rem
330 3944 427 4000 ,statere
436 3941 540 4006 exoptas
548 3949 610 3986 eoeso
623 3935 697 4002 bove,
710 3935 922 4006 Mercuriumque
931 3927 1124 4002 Arnesn'sfibrn.

82 4033 115 4046 -·
122 4008 244 4081 Sequitur
255 4011 364 4064 alterum
378 4011 526 4086 exemplum
539 4012 613 4065 abiis
623 4015 749 4086 petitum,
759 4015 804 4085 qui
814 4012 981 4084 amplissimis
992 4007 1126 4061 sacrificiis

81 4105 173 4156 greges
188 4107 249 4144 snos
258 4091 351 4145 volunt
366 4111 478 4163 augere,
494 4111 575 4164 quom
588 4107 674 4146 tamen
687 4113 742 4147 non
751 4095 837 4166 possit
848 4093 917 4157 lieri,
931 4092 994 4163 quin
1008 4093 1065 4161 ipsa
1075 4089 1126 4142 ire-

82 4171 171 4236 quonti
185 4173 343 4228 mactatione
358 4173 562 4226 minuantur.-
571 4177 638 4228 Caso
653 4176 728 4235 boum
742 4193 815 4246 aeque
829 4189 859 4226 ac
866 4170 951 4244 fibra,
966 4189 1016 4243 pro
1028 4168 1126 4242 saen‘fi-
