2970 4936
356 515 407 579 lN
431 513 643 580 SATIRAM
667 514 901 582 TERTlAM.
1091 521 1150 585 123

362 648 764 706 vninrpanobene,euipaamua

362 714 463 772 Splendet
470 715 493 760 in
500 729 576 760 menet
583 717 644 761 tenui
651 719 754 760 nuncu.

136 824 204 874 Nor.
229 821 272 872 ²6.
292 816 386 888 (Quid
400 817 539 888 mearam)
560 816 705 890 cultrixque
717 817 777 889 foci
794 835 881 871 usura
896 818 1007 892 patella.
1027 849 1063 858 -
1084 819 1153 902 Quid

102 903 217 954 memes?
234 896 403 951 Parenthesis
423 899 545 964 ironica,
565 916 617 970 qua
636 897 760 950 stolidam
775 899 879 969 juvenis
898 900 925 950 in
943 900 1057 952 fortunae
1074 899 1152 956 bonis

101 981 222 1035 fidutiam
240 977 368 1050 exprimit
385 980 519 1049 magister.
537 1006 573 1018 -
592 975 717 1039 Patellu3
738 988 855 1050 epatere
867 977 953 1040 dicte3
967 997 1013 1031 ves
1028 996 1082 1050 quo
1095 979 1153 1033 Diis

101 1060 255 1114 domesticis
270 1057 419 1111 delibandis
434 1057 516 1130 dapes
530 1059 725 1112 offerebantur.
745 1059 806 1110 Heu
822 1056 923 1131 patella
935 1057 1039 1111 ridetur
1057 1060 1152 1112 temeri

99 1141 176 1196 solita
190 1142 219 1191 in
233 1140 314 1206 foco,
328 1152 358 1190 ut
372 1151 515 1211 propterca
527 1137 631 1191 dicatur
643 1137 738 1192 cultrix
742 1137 818 1211 soci;
832 1139 883 1192 nisi
896 1157 945 1210 per
958 1137 1007 1192 bes
1021 1127 1100 1195 voces
1114 1140 1153 1190 in·

97 1219 243 1292 telliqimus
256 1219 310 1272 hac
322 1217 424 1293 patella
436 1219 488 1272 coli
502 1220 574 1274 Deos
586 1221 613 1271 in
619 1220 693 1292 foco.
706 1247 742 1259 -
755 1219 865 1280 Secum
881 1221 943 1289 quia
954 1238 1009 1272 non
1023 1220 1056 1271 sit
1066 1233 1153 1272 metus

97 1321 131 1354 ue
144 1301 340 1372 patrimonium
352 1297 458 1352 deficiat
469 1299 509 1366 vel
524 1313 637 1372 propter
650 1301 784 1372 inopiam,
798 1298 839 1352 vel
852 1312 964 1372 propter
976 1297 1153 1372 irreligiosita-

96 1396 168 1444 tem;
182 1383 241 1434 sine
256 1399 319 1433 cetra
333 1397 496 1451 possessum.
513 1378 556 1432 Sic
571 1379 644 1452 apud
658 1381 818 1433 Horatium:
838 1397 973 1434 nsccurum
988 1378 1078 1432 olus.-

131 1497 203 1547 Iior.
224 1511 269 1564 ²7·
284 1495 345 1548 Hoc
355 1495 435 1549 sctis?
446 1513 482 1546 aa
492 1493 584 1547 decem
591 1493 745 1566 pulmarum
757 1509 875 1566 rumpere
886 1492 976 1546 uentu.
990 1521 1028 1532 -
1040 1489 1099 1544 Hoc
1114 1509 1154 1544 sa·

96 1576 150 1629 tis?
163 1573 240 1644 Quid
251 1575 311 1626 uie?
322 1576 409 1646 inquit
420 1573 524 1627 Stoicus
535 1587 685 1644 preceptor
695 1593 702 1624 ι
714 1573 757 1624 An
770 1574 856 1626 nescis
867 1574 919 1625 trie
931 1587 989 1625 esee
999 1588 1097 1642 genera
1108 1570 1154 1622 bo·

24 1655 28 1666 ’
96 1671 212 1719 nerum,
223 1653 328 1719 uisui,
341 1655 477 1724 corporis,
493 1655 621 1714 furtiuum
636 1653 760 1724 equibus
776 1655 856 1705 enimi
871 1652 942 1705 bone
957 1653 994 1704 ite
1009 1649 1154 1716 excellunt,

97 1749 128 1786 at
137 1733 327 1786 sohdicircrs
335 1733 408 1784 bona
418 1747 578 1786 narentur.
589 1733 665 1786 'lune
676 1733 757 1804 igitur
767 1732 835 1785 adeo
845 1751 936 1785 emens
946 1750 991 1795 es,
1002 1744 1032 1784 ut
1040 1731 1154 1782 fortune

97 1833 227 1881 nunes,
242 1829 304 1886 que
318 1831 353 1866 en
367 1817 394 1864 in
407 1814 486 1866 bonis
500 1812 634 1866 censenda
648 1815 701 1865 sint
715 1832 771 1866 non
783 1816 909 1866 convenit
923 1814 992 1865 inter
1006 1814 1154 1884 sapientes,

98 1895 134 1948 ed
147 1895 229 1947 bette
243 1893 388 1947 vivendum
401 1906 480 1966 putes
493 1893 543 1946 tibi
556 1911 613 1946 esse
626 1895 708 1947 satis?
724 1896 763 1946 lta
777 1894 875 1966 exponi
888 1892 969 1946 debet
981 1893 1058 1952 sctis,-
1072 1893 1154 1946 Stoici

99 1977 170 2027 enim
180 1975 216 2026 ad
224 1975 309 2026 linem
319 1976 406 2026 omnia
416 1974 551 2042 referunt,
563 1987 593 2024 ut
601 1992 671 2044 saepe
680 1975 845 2038 monuimus;
858 1991 940 2046 quare
948 1975 1009 2025 satu
1018 1989 1074 2025 esse
1083 1969 1154 2024 idem

96 2055 170 2106 valet
185 2073 215 2106 ac
229 2072 282 2125 pro
297 2070 402 2105 summo
417 2052 490 2104 bono
502 2054 613 2105 censeri.
628 2053 755 2105 Praterca
765 2051 848 2105 babet
860 2051 959 2124 aliquid
970 2051 1093 2103 festivum
1106 2047 1154 2102 boc

98 2135 178 2200 sctis,
196 2151 280 2204 quum
293 2151 344 2204 pro
359 2133 467 2184 summis
485 2131 563 2184 bonis
583 2131 666 2184 relate
685 2133 785 2183 fuerint
799 2132 912 2185 salinum
931 2145 957 2184 et
972 2129 1093 2204 patella,
1111 2149 1153 2182 res

99 2211 240 2265 vilissimae.
251 2242 289 2252 -·
299 2209 344 2262 An
356 2212 444 2263 deceat
453 2209 608 2283 pulmonem
619 2229 739 2282 rumpere
751 2212 833 2265 ventis
845 2225 912 2276 etc.;
925 2231 959 2264 an
971 2213 1106 2283 sapienter
1116 2210 1154 2261 fa·

1 2291 2 2340 i
99 2294 152 2360 cis,
168 2289 242 2362 quod
254 2303 365 2362 propter
376 2288 541 2341 nobilitatem
553 2291 657 2362 generis
669 2291 708 2340 tui
720 2288 818 2341 attollis
830 2291 955 2360 spiritus?
967 2291 1077 2360 Largius
1087 2287 1154 2339 hau-

100 2373 174 2422 riunt
188 2371 311 2442 spiritum
327 2372 372 2441 qui
385 2367 560 2440 superbiunt,
575 2381 655 2440 atquc
666 2370 861 2429 intumescun13
875 2367 937 2418 inde
949 2369 1029 2418 sumit
1043 2366 1154 2418 locutio-

1 2431 2 2488 l
103 2470 183 2516 nem,
195 2449 346 2523 pulmonem
359 2466 477 2521 rumpere
489 2449 577 2501 veritis.
590 2461 626 2489 ’-
636 2449 780 2518 Rumpere,
796 2449 889 2518 soepius
902 2447 1000 2498 dicitur
1010 2464 1061 2518 pro
1074 2463 1155 2516 supra

1 2585 2 2596 ,
103 2531 216 2584 modum
225 2531 342 2603 implere.
357 2531 456 2583 Noster
467 2532 493 2582 in
505 2533 542 2598 V,
558 2531 589 2583 13
603 2553 609 2580 :
626 2547 766 2600 «racipere
779 2527 877 2581 buccas
888 2552 899 2576 r
911 2549 917 2589 ;
932 2529 1004 2596 Virg.
1019 2529 1116 2596 Georg.
1129 2529 1154 2594 1,

102 2612 159 2685 49:
177 2636 189 2660 ι
202 2623 325 2684 mpemat
337 2611 434 2664 horrca
448 2629 558 2664 messes.
570 2635 582 2659 ι

136 2728 206 2780 sor.
222 2725 264 2780 28.
279 2727 424 2780 &amau
432 2727 503 2798 quod
513 2725 595 2778 Tusco
606 2743 709 2778 ramum
722 2721 859 2778 millesime
867 2721 958 2774 duis?
967 2749 1004 2760 —
1014 2722 1155 2774 Stemmata

104 2808 202 2870 Turum
211 2825 318 2861 suma
329 2807 456 2862 nobilitas
467 2805 657 2873 cotindicstur,
669 2804 743 2878 quod
755 2823 863 2857 avorum
876 2816 903 2855 et
913 2820 1073 2875 proavorum
1086 2803 1154 2853 serie

1 2881 2 2940 i
101 2909 183 2962 supra
199 2888 347 2942 Romulum
360 2889 506 2961 urbemque
521 2887 659 2942 conditam
675 2885 836 2940 ascendetur
849 2903 934 2957 usque
949 2885 984 2936 ed
1000 2885 1153 2936 Hetrusccs.

1 2991 2 3010 1
100 2999 138 3010 -—
148 2971 264 3022 &mum
276 2969 366 3032 elucris,¹
376 2969 525 3041 elegantius
541 2984 621 3040 quem
635 2970 657 3020 si
670 2967 793 3034 dixisset,
807 2966 877 3018 ducis
890 2967 1074 3035 originem-
1087 2961 1155 3014 stit-

100 3051 203 3114 tecua·
215 3051 252 3103 erl
263 3050 433 3104 millesimum
443 3049 566 3122 gradum.
578 3053 637 3104 Hoc
645 3062 674 3103 et
685 3060 812 3120 sequente
822 3063 900 3100 versu
910 3045 1052 3116 (trabeate)
1062 3063 1154 3096 casum

1 3181 2 3186 ,
100 3130 216 3185 sucendi
229 3133 321 3203 posint
333 3149 385 3204 pro
397 3131 578 3197 nominativo,
595 3129 667 3202 quod
676 3129 773 3182 Grecis
782 3128 869 3200 poetis
880 3141 907 3180 et
917 3127 1016 3179 Latinis
1026 3123 1154 3177 familiare

1 3211 2 3250 ἶ
100 3227 158 3279 est,
172 3226 198 3265 et
212 3211 288 3283 apud
301 3214 375 3284 ipsos
388 3211 479 3265 solute
490 3213 620 3266 cretionis
632 3213 775 3282 scriptores
787 3227 895 3281 quoqne
907 3209 1027 3260 recurrit.
1042 3204 1153 3270 Plinius,

1 3367 2 3370 Ἴ
100 3291 139 3343 de
151 3291 280 3344 Cicerone
293 3291 406 3362 loquens
419 3313 426 3341 :
444 3315 454 3338 ι
467 3293 569 3344 Primus
583 3292 672 3362 patriae
686 3307 783 3361 parens
798 3286 938 3359 appellate,
952 3309 963 3332 a

131 3459 194 3504 Vas.
210 3473 248 3519 ²9.
262 3445 1153 3520 Censoremtuumvetquoducteaasrtuust-Sicedunttott218070;

1 3548 2 3597 ς
100 3531 190 3577 babent
198 3543 255 3576 reru
263 3527 326 3576 8055
338 3538 361 3574 et
373 3527 434 3590 8273
446 3527 615 3584 censorumque
627 3534 704 3582 tuum,
716 3525 780 3587 quod
790 3525 866 3586 ipsum
875 3521 948 3582 recipi
959 3531 1044 3583 potest.
1057 3517 1153 3581 Reperi-

1 3621 2 3666 q
101 3615 137 3646 ιιι·
148 3615 247 3663 qnoque
259 3600 412 3645 &nmium
426 3605 490 3643 tuum
500 3611 546 3642 m
557 3595 620 3661 quod
631 3595 746 3649 embron,-
760 3607 812 3654 quae
825 3591 894 3638 lectio
907 3589 1030 3636 uiuniieste
1044 3597 1153 3648 corrupte

1 3675 2 3720 l
101 3685 148 3730 cet,
160 3674 182 3720 si
195 3672 292 3736 quidem
304 3682 453 3719 recurrerent
463 3669 531 3716 timul
543 3667 659 3716 metuet

1 3945 3 3978 l

1 3984 3 4002 l

1 4006 3 4024 l

134 3781 204 3833 Nor.
226 3799 268 3851 ²9·
286 3782 455 3834 Cmsorcmae
467 3789 538 3830 tuum
551 3775 593 3830 vel
603 3776 673 3848 quod
685 3775 798 3826 trabeate
810 3771 925 3826 salutas?
937 3803 973 3812 -
986 3769 1100 3823 Sensus:
1114 3760 1155 3819 vel

107 3881 169 3913 eone
181 3863 231 3916 tibi
245 3860 351 3934 places,
367 3845 441 3934 quod
454 3879 552 3932 genere
565 3861 600 3912 sis
615 3857 750 3929 equestri?
764 3855 870 3927 Spectat
885 3867 973 3906 eutem
988 3851 1021 3904 ad
1035 3851 1153 3922 equitum

108 3942 328 3994 transvectionem
345 3960 435 3993 corum
451 3943 568 3994 Censore
585 3956 645 3990 cum
658 3937 804 4006 insignibus
818 3933 898 4006 hujus
912 3933 1025 3996 ordinis,
1039 3926 1153 3991 annulo,

107 4022 203 4087 trabea,
220 4040 309 4092 equo,
322 4019 448 4091 phaleris.
464 4019 543 4074 Conl.
557 4013 739 4082 Liv.1x,'46;
753 4017 832 4067 Dion.
843 4013 974 4066 Halicarn.
987 4011 1035 4075 lV,
1050 4028 1080 4072 a;
1096 4005 1152 4058 val.

104 4101 292 4170 ttu.11‚2‚9.
307 4101 382 4152 Alex.
391 4099 424 4152 ab
432 4100 505 4152 Alex.
514 4099 551 4168 V,
563 4098 608 4164 18,
617 4095 760 4150 Romulum
770 4097 885 4168 primum
894 4096 981 4146 trabea
987 4108 1064 4142 usum
1073 4089 1154 4140 luisse

106 4179 181 4248 dicit,
196 4197 221 4235 et
237 4182 333 4255 triplex
347 4183 438 4234 trabea
452 4199 535 4252 genus
549 4177 695 4250 distinguit.
710 4177 924 4229 Transvectionis
941 4191 1040 4224 morem
1053 4169 1100 4220 diu
1113 4171 1152 4220 in-
