3038 4932
403 449 453 512 tn
477 447 689 512 samara
713 425 915 512 sarran.
1115 449 1181 512 283
1260 519 1261 530 Ν

135 575 201 628 mibi
212 573 344 627 heredem
356 573 482 638 instituo,
497 588 577 640 quem
588 581 618 620 tu
630 567 917 642 dedignaris—Exit,
928 568 967 634 lit,
978 567 1107 638 probetur
1116 587 1182 628 esse.

135 687 172 698 -
182 659 269 728 Prope
279 658 366 728 major
375 652 535 713 avunculus,·
558 650 661 705 scilicet
675 651 749 722 quasi
766 651 849 701 frater
865 651 922 720 ejus
940 649 1032 721 proavi
1051 650 1096 719 qui
1110 662 1184 700 tenne

136 737 205 790 lilius
216 738 274 807 ipae
288 748 341 800 est,
353 753 417 806 ergo
429 747 455 786 et
466 735 554 804 major
564 729 707 784 avunculus
722 729 795 781 mibi.
814 730 904 800 Major
913 727 1058 781 audaculus
1069 741 1108 780 est
1119 747 1184 801 pro-

135 820 193 888 prie
204 815 278 887 apud
287 817 392 867 Festum
405 813 525 884 aliosque
534 811 601 880 juris
616 822 737 861 auctores
747 807 907 874 avunculus,
920 809 961 859 avi
972 819 1018 859 aut
1027 807 1184 880 avite3apnd

136 897 246 948 Sueton.
261 896 329 964 Aug.
350 912 378 964 7,
393 893 484 944 matris
496 889 669 953 avunculus,
688 887 716 939 lt.
737 887 755 940 l.
770 886 911 960 quemdam
929 888 956 937 in
971 884 1080 937 modum
1099 898 1185 938 trans-

136 976 228 1026 fertur.
243 975 336 1043 ltaque
348 970 413 1022 dixit
424 987 525 1041 prope.-
548 969 585 1020 sic
600 965 669 1019 ridet
685 966 758 1018 illam
773 965 883 1037 legitimi
892 963 1002 1017 haeredis
1016 964 1187 1017 exclamatio-

137 1071 218 1106 nem:
239 1052 379 1124 Properties
400 1061 486 1109 ten¹oe3
499 1050 553 1113 sic,
568 1047 660 1100 eorum
675 1045 812 1099 stultitiam
831 1047 877 1117 qni
893 1045 970 1098 nimis
986 1057 1089 1097 tument
1104 1058 1186 1098 stem-

137 1147 217 1185 mate.
238 1131 316 1184 Conf.
330 1126 535 1194 lureuabvlll,
551 1143 611 1198 sps.

168 1289 231 1334 Vsu.
243 1287 283 1334 61.
298 1287 346 1346 Qui
352 1288 416 1348 prior
426 1299 463 1339 es,
475 1298 518 1329 cur
529 1296 564 1327 me
575 1285 599 1327 ἐκ
609 1283 706 1329 decursu
719 1280 825 1344 lampado
834 1282 907 1344 ρωοὺ
914 1281 926 1326 i
934 1305 964 1316 -·
975 1281 1012 1326 Sic
1022 1279 1102 1326 ierunt
1112 1281 1186 1326 MMS.

137 1362 184 1406 mei
197 1359 297 1405 Codices
305 1392 312 1412 ,
321 1358 395 1420 8070,
410 1355 487 1418 827&
502 1355 534 1401 sic
545 1354 628 1416 legunt
640 1353 796 1417 probatissimi
804 1352 917 1410 editores,
928 1353 1188 1415 interquochcnip‚-

140 1433 233 1478 ilsbcut
244 1429 304 1486 8048
315 1441 339 1476 et
347 1429 407 1476 8055
415 1443 504 1491 poscas,
515 1425 580 1488 quod
591 1427 664 1488 magis
674 1424 761 1489 placuit
775 1425 914 1472 casaubono
926 1425 1039 1487 aliisque;
1051 1425 1115 1486 prior
1120 1423 1191 1470 lectio

139 1502 245 1564 probam
256 1501 329 1562 magis
343 1511 379 1546 est
389 1497 515 1545 latinitatis.
528 1523 557 1534 -
565 1495 664 1557 Quidam
676 1496 773 1544 Codices
787 1498 900 1559 scripsere
912 1494 1031 1559 lampade5
1044 1495 1085 1542 sed
1097 1495 1165 1542 male.

173 1637 244 1688 Nor.
259 1635 304 1686 61.
319 1633 370 1704 Qui
379 1631 453 1705 prior
463 1651 503 1696 es,
520 1651 567 1685 cur
578 1651 621 1683 me
635 1632 663 1683 itt
677 1632 785 1684 decursu
797 1630 921 1703 lampada
933 1631 1072 1703 poscisi—
1081 1631 1141 1682 llaec
1155 1627 1189 1681 ad

140 1714 285 1788 legitimum
295 1712 438 1780 haeredem,
450 1716 525 1785 qnasi
536 1712 636 1766 diceret
645 1732 651 1761 ι
660 1730 708 1763 cur
715 1730 757 1762 me
765 1713 805 1763 vis
815 1711 863 1777 tibi
871 1707 974 1762 tradere
984 1711 1081 1762 victum
1093 1727 1190 1775 meum,

140 1795 199 1845 ritae
210 1795 299 1846 facem
310 1804 454 1862 antequam
464 1792 587 1854 vixerim;
605 1788 652 1842 sed
662 1788 726 1842 dixit
737 1808 785 1860 per
799 1791 908 1861 figuram
922 1788 993 1860 apud
1003 1790 1125 1860 antiquos
1138 1789 1190 1840 usi·

141 1874 310 1938 tadssimam,
337 1870 446 1923 ductam
464 1889 479 1922 a
500 1869 586 1936 ludis,
610 1869 644 1922 de
665 1868 760 1941 quibus
780 1882 855 1922 vetus
878 1866 1057 1920 scholiastes-t
1082 1890 1094 1914 ι
1110 1868 1192 1938 Apud

141 1951 273 2018 Athenas,
298 1969 379 2022 quum
396 1951 507 2020 juvenes
526 1949 605 2002 ludos
626 1967 707 2000 cursu
725 1947 913 2014 celebrabant,
938 1950 983 2019 qui
1005 1949 1091 1999 victor
1108 1960 1193 2014 esset,

141 2033 242 2102 primus
257 2030 347 2082 facem
365 2027 490 2095 tollebat,
508 2025 604 2080 deinde
616 2029 734 2100 sequenti
750 2026 887 2091 tradebat,
901 2037 927 2078 et
945 2025 1079 2079 secundus
1096 2027 1191 2078 tertios

142 2109 264 2161 similiter
282 2126 388 2174 omnes,
402 2106 487 2159 donec
501 2110 662 2160 currentium
682 2125 808 2160 uumerus
828 2107 1009 2178 impleretur.-
1027 2105 1101 2158 Alius
1119 2103 1193 2156 modi
1276 2101 1281 2112 ’

143 2184 309 2240 fuisseillam
329 2185 511 2239 decursionem
527 2205 558 2238 ex
573 2185 625 2238 boc
646 2187 774 2256 conjicies
793 2186 854 2237 loco
873 2187 992 2238 Ciceron.
1015 2184 1057 2236 Ad
1076 2187 1192 2236 Herenn.

141 2269 184 2320 Νι
192 2290 203 2315 ι
212 2269 277 2319 Non
287 2268 370 2333 enim,
386 2265 607 2338 quemadmodum
617 2269 644 2316 in
654 2265 786 2338 palaestra,
799 2267 844 2336 qni
857 2264 936 2318 toedas
948 2262 1068 2316 ardentes
1081 2263 1191 2334 accipit,

60 2365 64 2375 ·
141 2346 255 2400 celerior
266 2359 308 2400 est
325 2347 443 2399 incursu
460 2348 604 2414 continno,
622 2363 701 2418 quam
719 2344 763 2397 ille
782 2349 828 2416 qni
845 2344 936 2408 tradit;
951 2347 989 2395 ita
1001 2342 1094 2395 melior
1107 2345 1192 2413 impe-

143 2440 217 2480 rator
227 2445 315 2479 novus
328 2430 375 2499 qui
394 2430 490 2498 accipit
509 2429 665 2492 exercitum,
680 2443 758 2499 quam
773 2425 817 2477 ille
837 2426 883 2496 qui
901 2422 1027 2476 decedit:
1049 2437 1193 2494 propterea

143 2507 216 2580 quod
230 2506 390 2581 defutiqcttts
410 2525 499 2560 conor
515 2507 561 2558 dat
581 2504 791 2576 inteqrofacem3
812 2504 896 2556 at'hic
913 2505 1014 2574 peritus
1033 2505 1193 2572 imperator,

143 2588 267 2659 imperito
280 2589 432 2638 exercitum.
446 2611 458 2634 n
472 2585 549 2640 Unde
563 2583 686 2656 colligas,
702 2602 756 2635 non
769 2586 884 2655 primum
896 2581 1031 2634 sustulisse
1044 2582 1130 2632 facem
1148 2583 1194 2650 qui

143 2671 229 2720 victor
247 2680 332 2734 esset,
358 2685 437 2738 quern
452 2665 567 2718 traderet
586 2666 749 2738 insequenti,
768 2675 807 2731 et,
827 2675 857 2714 ut
873 2666 909 2715 ait
927 2674 1004 2715 vetns
1018 2659 1195 2726 scholiastes,

145 2765 237 2800 rerum
252 2765 344 2800 cursus
356 2750 473 2801 tenuisse
487 2765 548 2799 cum
563 2745 628 2799 taeda
648 2745 751 2798 ardenti
765 2763 913 2811 cursorem,
934 2742 1020 2794 donec
1040 2741 1195 2814 defutiqottts

151 2826 262 2879 traderet
273 2828 431 2909 inteqrffissx
444 2845 498 2898 qno
512 2829 611 2898 optime
626 2807 896 2896 duciturmetuphoda
908 2823 943 2875 ad
957 2824 1035 2874 vitam
1046 2819 1193 2873 hominum.

145 2905 237 2971 Plato,
251 2907 292 2958 Dc
308 2907 387 2978 [seqq.
405 2907 553 2972 «γυναῖκα
566 2904 606 2956 asti
619 2900 766 2972 impiecrree
780 2903 888 2970 areidae,
903 2898 1009 2971 tedrirrtp
1023 2899 1144 2967 asprata
1156 2896 1195 2952 cit

144 2983 194 3046 βίη
208 2984 383 3052 rapatttomr
397 2985 476 3040 ἄλλοις
489 2983 518 3052 i}
532 2987 608 3038 aaut
619 2983 807 3055 (Sttsct'pieates
820 2993 846 3036 et
855 2984 991 3036 educantes
1005 2982 1097 3036 liberos
1106 2999 1196 3051 quem-

144 3064 296 3118 admodum
309 3064 337 3116 ia
353 3064 422 3130 ludis
440 3063 582 3136 lampada,
597 3066 635 3116 ita
654 3063 781 3116 trudentes
795 3064 878 3116 vitam
893 3063 921 3114 ia
935 3063 1017 3116 cicera
1031 3060 1092 3115 aliis
1103 3059 1194 3130 alios).

146 3142 251 3194 Lucret
267 3144 307 3208 Il,
321 3143 372 3211 78:

350 3283 418 3339 Inque
426 3281 486 3326 breti
498 3283 569 3338 spatio
580 3291 692 3326 mutantes
703 3279 766 3324 saecla
778 3280 918 3324 animantum

349 3349 387 3404 Et,
399 3349 461 3406 quasi
469 3363 579 3401 ourwrcs,
588 3351 647 3392 vitat·
656 3349 762 3404 tampade
772 3349 869 3392 uadunt.

151 3473 203 3544 Qui
213 3474 289 3546 prior
303 3492 342 3535 es,-
361 3475 434 3526 varie
455 3477 672 3546 interpretantur.
697 3473 872 3526 Casaubonus
890 3485 917 3524 et
933 3473 1030 3543 Ktenig
1049 3471 1199 3542 intelligunt

148 3551 181 3605 dc
196 3551 284 3624 gradu
295 3551 468 3620 hereditatis,
485 3571 539 3625 quo
549 3555 624 3626 prp'or
636 3556 670 3606 sit
683 3555 775 3606 Manio
787 3553 917 3624 legitimus
930 3549 974 3602 ille
988 3551 1068 3603 barres
1081 3551 1199 3603 avarissi-

149 3649 223 3698 mus,
248 3648 366 3704 quocnm
380 3635 435 3704 agit
452 3635 564 3687 Persius.
577 3637 691 3686 Prataeus
704 3634 783 3686 vertit
802 3645 854 3684 :tu
868 3649 945 3695 vero,
968 3631 1085 3704 legitime
1104 3629 1199 3694 haeres,

151 3731 231 3785 quum
244 3716 335 3766 senior
348 3719 433 3768 mesia
445 3727 471 3768 et
485 3729 551 3768 natu
569 3717 668 3785 major,
690 3733 738 3767 cur
751 3734 766 3767 a
778 3735 820 3767 me
833 3714 1012 3766 haereditatem
1030 3731 1134 3785 speras,
1154 3711 1199 3781 qui

152 3811 208 3845 sum
219 3796 313 3865 junior
328 3808 354 3847 et
367 3795 396 3846 in
409 3813 488 3849 cursu
500 3797 648 3868 posterior?
662 3796 756 3868 Neque
767 3795 830 3847 huic
842 3795 1054 3866 interpretationi
1068 3801 1200 3862 repugnat

153 3889 212 3928 aetas
223 3877 314 3944 Persii,
329 3877 446 3948 quiante
458 3891 577 3930 exactam
586 3879 751 3948 juventutem
764 3891 804 3930 cst
816 3890 946 3930 mortuus.
955 3877 1044 3928 Potuit
1053 3875 1200 3945 igitnrjure

153 3957 308 4028 exprobrare
324 3958 408 4011 aridis
418 3958 583 4026 heredibus,
598 3960 670 4030 quod
683 3979 710 4012 se
723 3958 795 4011 bona
807 3977 854 4010 sus
868 3971 994 4028 rogarent
1007 3969 1068 4008 ante
1079 3967 1200 4024 tempus,

155 4049 296 4109 antequam
311 4039 391 4090 vitam
408 4059 514 4092 omnem
525 4039 672 4092 decurrerit
684 4061 690 4092 t
704 4057 750 4092 cur
769 4057 811 4090 me
827 4040 856 4090 in
870 4038 985 4091 decursu.
999 4033 1053 4087 Sed
1067 4052 1100 4086 ea
1113 4035 1200 4104 potuit

156 4113 240 4168 dicere
251 4120 280 4170 in
290 4131 376 4170 totum
390 4122 509 4187 Persius,
524 4139 579 4172 non
593 4121 701 4192 proprie
714 4119 747 4171 de
761 4137 804 4182 se;
818 4120 853 4172 ita
865 4130 896 4170 ut
907 4116 936 4168 id
947 4113 1075 4187 significet
1087 4135 1094 4166 :
1105 4113 1199 4168 omitto
