3148 4950
462 478 781 545 romanorun
805 445 987 547 nosris.
1183 481 1244 550 521

201 633 279 676 nov.
294 605 337 674 ad
352 605 459 674 Plaut.
473 605 495 673 l.
512 605 566 691 l.).
581 604 722 676 Videtur
737 604 793 674 hic
811 630 885 675 esse
904 614 1049 676 Annaeus
1059 611 1247 678 Cornutus:

199 743 303 824 quani
321 716 452 794 obrem
471 715 575 784 verba
589 719 693 785 Persii
711 719 775 785 Sat.
791 723 833 798 V,
853 715 911 802 15,
931 741 1007 813 quae
1027 717 1090 786 sub
1106 742 1250 812 persona

199 832 337 898 Cornuti
351 829 634 921 pronunciantur:

563 1050 690 1068 .......
702 1007 850 1091 pallentes
867 1007 975 1074 radere
989 1028 1090 1068 mores

249 1141 252 1146 ·
298 1107 415 1167 Doctus
428 1118 459 1166 et
472 1106 609 1188 ingenuo
624 1105 749 1189 culpam
761 1105 892 1187 defigere
906 1106 996 1183 ludo,
1023 1095 1026 1108 ¹

199 1270 244 1334 ita
257 1282 337 1356 puto
354 1264 563 1358 accipienda,
576 1282 615 1334 ut
627 1265 718 1334 dicat
728 1270 897 1334 Cornutus
908 1317 917 1348 ,
930 1289 966 1334 se
985 1269 1137 1336 Persium
1153 1265 1250 1336 disci-

198 1377 318 1471 pulum
331 1402 430 1446 suum
444 1380 479 1445 in
498 1365 683 1446 scribendis
694 1380 806 1447 Satiris
820 1380 1024 1460 exercuisse,
1040 1396 1073 1447 et
1083 1377 1148 1448 hac
1159 1382 1251 1448 occa·

134 1503 141 1520 ’
198 1490 291 1555 sione
308 1486 493 1569 interdum,
507 1486 599 1556 velut
612 1485 757 1580 exempli
772 1511 888 1570 causa,
903 1492 1025 1558 Sauras
1036 1491 1245 1581 scripsisse.»
1317 1525 1320 1537 ι

196 1599 357 1667 -Satira
372 1599 469 1664 Gavii
486 1601 574 1684 (non
597 1598 707 1663 Galbii
726 1596 778 1664 vei
801 1598 912 1677 Gabii,
935 1621 1012 1691 quae
1035 1601 1149 1691 ignota
1170 1616 1250 1667 sunt

196 1712 347 1802 gentium
362 1711 516 1796 nomina)
531 1711 640 1790 Bassi,
658 1709 745 1776 forte
761 1704 849 1801 ejus,
871 1731 973 1804 quern
985 1707 1152 1803 Trajunus
1165 1714 1249 1777 Pon·

196 1821 268 1886 ticae
283 1819 432 1912 praefecit
443 1843 511 1888 orae
526 1818 610 1906 (vid.
631 1817 715 1886 Plin.
733 1823 792 1910 Ep.
807 1823 853 1900 X,
879 1820 937 1898 18,
954 1835 986 1886 et
1006 1822 1069 1907 32)
1091 1818 1249 1889 laudatur

120 1915 123 1924 ’
195 1926 305 1998 eidem
322 1928 496 2022 Fulgentic
518 1928 576 1997 lib.
601 1935 633 2011 1,
647 1953 724 2021 pag.
743 1953 826 2020 179:
848 1929 1015 1997 “Veruina
1024 1926 1128 2023 jaculi
1141 1952 1248 2022 genus

193 2037 351 2132 longum,
365 2039 458 2133 quod
476 2039 576 2106 alicui
594 2052 739 2105 verutum
757 2040 944 2108 nominant.
963 2042 1088 2108 Gavius
1110 2044 1247 2120 Bassus,

194 2152 315 2218 Satira:
339 2152 483 2218 Verviua
504 2146 748 2231 confodiende,
768 2172 837 2217 non
857 2165 889 2218 te
913 2153 1011 2218 nauci
1036 2151 1161 2217 facio.»
1184 2150 1247 2219 Sed

193 2259 404 2329 Wernsdorf.
433 2259 503 2354 jam
527 2258 615 2327 bene
635 2261 767 2327 monuit
797 2258 819 2326 l.
847 2259 870 2327 l.
894 2285 971 2353 pag.
999 2243 1247 2350 19,'vocabulo

193 2372 306 2439 Satt'rae
330 2374 608 2442 commentarium
632 2371 772 2440 fortasse
794 2370 1022 2442 miscellarum
1045 2373 1245 2442 observatio·

192 2508 276 2552 num
292 2484 447 2567 indicari,
462 2483 580 2577 quales
594 2485 685 2550 Bassi
704 2483 827 2550 fuerint
841 2480 917 2550 iibri
931 2483 974 2550 de
987 2486 1055 2553 Diis
1075 2485 1164 2552 etde
1181 2487 1246 2552 ori-

192 2596 268 2687 gine
285 2593 479 2676 verborum,
495 2592 674 2688 dequibus
694 2593 760 2662 vid.
776 2592 924 2662 Macron
941 2597 1007 2662 Sat.
1027 2599 1055 2678 Ι,
1075 2621 1111 2686 93
1125 2599 1168 2676 ΙΙ,
1187 2600 1244 2679 14,

192 2705 490 2788 atGett.11,t;v‚
509 2708 626 2796 73X1,
646 2729 694 2794 17.

240 2817 364 2882 Rabirii
376 2818 516 2886 Satiram
529 2813 605 2903 (sed
621 2813 792 2909 qualemi)
813 2832 982 2884 memorat
995 2815 1085 2884 idem
1103 2813 1245 2907 Fulgen-

191 2926 258 2993 tius
277 2924 300 2993 l.
316 2924 338 2992 Ι.
355 2951 429 3018 pag.
448 2929 509 2994 183
526 2925 605 3013 (ubi
622 2927 658 2992 in
675 2924 877 3019 quibusdam
897 2925 994 2993 codd.
1014 2929 1150 2994 Rubrius
1164 2925 1245 3017 legi·

191 3038 275 3122 tur),
296 3037 476 3103 Abstemius
495 3039 670 3104 observans.
687 3037 838 3106 Rabirius
857 3042 891 3102 in
906 3037 1030 3104 Satira:
1046 3039 1242 3104 Abstomium

191 3147 365 3212 merulento
381 3150 468 3238 fupit
491 3147 652 3214 Metbenia
674 3171 796 3216 nomen.
811 3147 921 3240 Vulgo
940 3165 1075 3242 putant,
1092 3155 1117 3216 C
1149 3146 1243 3216 Rabi-

191 3257 280 3322 rium
298 3253 480 3346 designari,
502 3273 636 3348 poetam
655 3257 788 3348 epicum
802 3274 837 3323 et
850 3258 1038 3325 secundum
1050 3283 1071 3326 a
1084 3257 1241 3350 Virgili03

193 3361 235 3430 de
251 3387 318 3458 quo
334 3364 402 3430 vid
417 3362 534 3432 Vellei.
556 3369 599 3446 fl,
617 3367 678 3447 36;
697 3364 793 3432 Ovid.
809 3369 869 3457 Ep.
886 3390 927 3434 ex
943 3372 1048 3434 Ponto
1062 3373 1117 3448 lV
1137 3369 1175 3488 ib
1183 3373 1243 3451 ,53

192 3474 377 3562 atQuintil.
391 3480 439 3558 X,
460 3501 470 3542 ι
481 3502 558 3567 9,0.

238 3591 384 3658 seriores
403 3588 629 3682 Satirographi
650 3588 744 3657 fuere
762 3506 1244 3685 LApuleins,quemy'ide1n

192 3698 333 3771 Floridis
347 3724 421 3792 pag.
438 3702 521 3784 346,
535 3717 569 3768 et
582 3727 614 3793 p.
631 3726 676 3768 m.
693 3704 775 3784 363,
788 3700 865 3768 edit.
880 3702 1032 3771 Elmenh.

204 3813 419 3891 Tetradius,
435 3814 573 3880 Ausonii
590 3811 837 3905 burdigalensis
854 3817 1000 3898 amicus,
1018 3838 1118 3910 aquo
1129 3817 1243 3884 Satirae

115 3951 117 3956 ·
193 3920 409 4012 ejusetsales
421 3920 622 3990 laudantur
615 3947 649 3989 1n
663 3925 767 4016 Epist.
778 3929 848 3991 XV.

239 4033 359 4100 Cutina
373 4037 490 4102 Dacius
503 4035 663 4117 Albi‚nus
681 4034 846 4104 Praefectis
870 4036 956 4104 Urbi
982 4052 1016 4104 et
1040 4036 1170 4104 Tusciae
1192 4061 1243 4104 re-

193 4145 372 4236 pruritibus
400 4150 549 4216 Honorio
573 4165 607 4215 ct
635 4145 825 4216 Theodosio
846 4147 1023 4230 secundo.
1050 4164 1110 4216 aut
1131 4151 1242 4242 potius
