2986 4924
341 418 389 479 ru
414 415 625 481 sturnini
648 414 882 497 Qutnrtu.
1070 423 1134 489 205

607 540 636 584 lti
645 540 697 583 satis
706 541 763 585 estsl
837 534 843 550 ⁸

289 611 347 654 llum
357 609 451 654 cuno&
460 621 521 664 ega,
529 606 597 652 vitam
606 607 734 663 laniantque
744 606 800 651 tueri

289 677 427 722 lncolnmcm
437 676 527 734 possim.

83 802 165 854 -Ut
183 815 215 854 ut
230 797 281 866 sit,
295 812 368 852 certe
380 809 419 850 est
432 815 493 849 reru
511 794 591 848 lectio
607 805 690 848 centos
707 795 775 848 mili
786 812 902 869 purpura
916 810 942 850 et
958 798 1059 856 locutio
1075 817 1135 861 vere

83 886 228 948 Persicus,
248 877 337 932 audax
356 897 453 950 nempe
473 887 499 928 et
514 873 611 929 brevis.
632 876 721 928 Minos
743 889 831 928 tamen
848 877 945 947 probat
962 881 1069 954 Koenig,
1091 892 1136 958 qui

83 963 205 1036 exempla
216 963 324 1026 omniu,
338 959 434 1033 quibus
447 957 539 1012 locum
550 954 688 1009 illustrarit
701 967 790 1008 noster
804 956 975 1012 Casaubonus
991 965 1087 1034 rejicit,
1106 983 1136 1021 ut

84 1043 180 1096 inlimae
194 1041 374 1103 auctoritatis,
391 1049 521 1110 putatque
535 1033 602 1088 illud
621 1037 710 1107 potius
725 1037 899 1088 recentiorum
915 1037 994 1112 hujus
1010 1047 1091 1098 moris
1111 1057 1137 1099 et

84 1125 199 1178 instituti
219 1125 482 1192 interpretamentum
500 1118 598 1184 irrisae,
618 1133 696 1187 qnam
716 1136 807 1170 veram
828 1138 944 1173 causam.
961 1126 1053 1198 ltaque
1073 1126 1136 1199 legit

84 1215 178 1256 eontra
189 1201 271 1254 fldem
278 1199 361 1252 MMS.
373 1211 412 1263 ct,
423 1211 452 1249 ut
462 1199 567 1268 opinor,
577 1208 670 1248 contra
679 1197 815 1249 veritatem
827 1215 922 1270 :quum
929 1201 1026 1272 pauido
1035 1218 1133 1273 custos,

83 1302 164 1356 ernam
173 1299 296 1355 purpura
307 1279 386 1333 cessit.

118 1425 189 1476 Nor.
204 1421 250 1474 31.
266 1413 400 1493 Bellaque
410 1415 544 1470 ntccinctis
556 1415 664 1469 Laribus
676 1416 774 1468 donata
786 1416 920 1488 pependit.
930 1449 966 1460 -
976 1419 1073 1486 Baua,-
1086 1421 1137 1478 tuit

83 1505 197 1556 inruere
207 1499 281 1572 apud
293 1501 445 1566 Romanos,
460 1511 491 1550 ut
503 1499 579 1570 pueri
593 1493 693 1548 lullum
707 1509 830 1568 gererent
842 1497 870 1548 in
885 1511 1010 1569 pectore,
1028 1522 1135 1558 auream

84 1574 343 1650 nobiles,scoitcam
355 1578 470 1632 libertini
482 1595 513 1629 ac
524 1595 670 1650 pauperes,
681 1577 836 1629 referentem
848 1595 910 1643 cor,
922 1593 952 1631 nt
964 1579 1021 1635 aliis
1034 1583 1135 1656 placet,

83 1665 183 1726 formu
192 1662 323 1733 imagine,
333 1671 362 1712 ut
374 1658 447 1722 aliis;
457 1675 511 1731 qno
521 1659 576 1709 riso
587 1655 668 1708 corde
678 1655 712 1707 ad
722 1667 814 1708 sentus
823 1675 967 1730 generosos
980 1681 1137 1717 revocaren⁴

84 1758 135 1796 tur.
154 1739 237 1793 Bulla
249 1757 358 1812 quoque
370 1737 404 1792 ad
415 1734 602 1810 propellendas
614 1737 806 1788 incantationes
817 1750 844 1788 et
855 1737 954 1790 fascina
967 1758 998 1792 ex
1011 1745 1137 1813 opinione

85 1822 155 1894 vulgi
167 1820 284 1874 valebat.
300 1822 341 1874 De
354 1821 436 1871 moris
449 1820 505 1890 ejus
520 1818 621 1889 origine
640 1817 724 1870 fusius
737 1815 840 1870 disserit
854 1818 973 1872 Macrob.
991 1820 1037 1873 lib.
1050 1826 1076 1890 l,
1091 1824 1137 1878 Sa.

84 1902 181 1956 tur-nal.
193 1921 255 1974 cap.
267 1902 293 1955 6.
305 1899 364 1952 vid.
376 1901 431 1953 cic.
440 1903 515 1951 Verr.
527 1897 555 1964 l,
571 1896 621 1964 58,
631 1896 721 1970 ibique
730 1899 830 1950 Asson.
848 1897 900 1950 Tit.
911 1900 965 1952 Lis.
977 1901 1076 1968 XXVI,
1086 1905 1135 1966 36;

85 1983 168 2038 Plant.
179 1983 249 2035 llud.
265 1985 300 2035 tv
307 2019 316 2047 ,
329 1981 360 2050 4,
376 1998 440 2051 ¹²7⁵
456 1977 575 2032 Juvenal.
588 1981 625 2045 V,
642 1977 692 2044 164
705 1995 779 2049 sqq.;
796 1990 822 2030 et
832 1977 908 2046 xm,
924 1978 976 2044 333
990 1983 1056 2036 Plin.
1071 1985 1134 2057 Maj.

85 2063 212 2129 mill,
228 2077 258 2125 ¹3
271 2059 404 2112 Plutarch.
417 2060 443 2111 in
453 2059 553 2127 Queat.
564 2057 671 2110 (lentur.
684 2057 759 2109 llum.
769 2078 777 2120 ;
788 2059 906 2130 interpp.
921 2059 954 2112 ad
966 2059 1069 2116 Petron.
1085 2065 1134 2130 60;

85 2143 162 2196 Alex.
175 2141 209 2195 ab
222 2141 298 2193 Alex.
310 2142 350 2206 ll,
372 2158 419 2210 ¹9³
433 2138 472 2190 ld.
491 2138 520 2190 C.
537 2136 579 2190 25.
595 2166 631 2178 -
647 2137 791 2192 Succinctis
803 2137 926 2201 Laribus,·
943 2142 1019 2196 lares
1039 2142 1076 2197 dii
1089 2145 1137 2198 do·

85 2224 188 2276 mestici
208 2233 300 2286 erant,
322 2221 394 2291 genii
412 2215 556 2284 custodes,
579 2236 668 2270 manes
688 2215 826 2288 majorum.
856 2219 1091 2277 constituebantur
1109 2226 1138 2279 in

86 2303 218 2368 atrio,e1
229 2317 303 2364 cera,
317 2297 410 2352 babitu
425 2299 668 2370 peregrinantium,
686 2294 801 2369 pellibus
817 2299 905 2351 amicti
922 2302 1036 2369 caninis,
1057 2317 1136 2378 atque

87 2385 166 2435 etiam
177 2397 240 2432 cum
256 2395 323 2430 cane
341 2379 445 2430 comite.
455 2377 516 2431 vid.
529 2372 656 2432 fusiorem
667 2374 701 2430 de
714 2374 767 2429 hoc
779 2377 923 2431 Britannici
938 2394 1037 2433 notam.
1055 2383 1137 2437 Vetus

85 2463 218 2531 interpres
231 2455 268 2509 ed
284 2457 312 2509 b.
327 2456 344 2508 l.
371 2458 459 2530 aquia
475 2456 579 2510 Gabino
595 2457 689 2509 habitu
706 2457 848 2528 cinctuque
864 2457 901 2508 dii
915 2471 1023 2530 penates
1040 2463 1138 2516 forma·

86 2539 201 2602 bantur,
214 2534 332 2589 obvoluti
346 2549 408 2607 toga
420 2555 501 2607 super
515 2535 658 2588 humerum
674 2537 824 2602 sinistrum,
843 2535 935 2590 dextro
955 2539 1060 2592 nudo.»
1075 2541 1136 2594 vul.

86 2618 119 2671 de
134 2615 256 2670 laribus.
269 2615 363 2688 Virgil.
374 2615 475 2669 AEneid.
485 2618 532 2680 ttt,
545 2613 596 2670 255
606 2639 613 2680 ;
623 2614 708 2668 Plaut.
720 2617 793 2667 Trio.
803 2618 830 2685 1,
844 2634 854 2669 r
865 2638 873 2680 ;
887 2619 1007 2672 Juvenal.
1019 2618 1137 2692 x11‚89;

86 2695 196 2751 Sueton.
210 2697 279 2767 Aug.
291 2697 336 2750 31.
349 2694 428 2748 Plura
440 2696 472 2748 de
484 2695 596 2748 Laribus
609 2694 681 2766 apud
697 2695 786 2746 Burm.
797 2693 832 2747 ad
843 2695 920 2750 Ovid.
938 2697 1009 2750 Fert.
1027 2700 1067 2766 V,
1089 2718 1137 2754 ton

86 2796 147 2850 sqq.
162 2789 189 2830 et
204 2774 274 2849 apud
287 2775 401 2829 Brouclt.
415 2789 442 2829 et
453 2775 533 2848 Vulp.
550 2771 583 2828 ad
602 2777 720 2848 Propert.
737 2779 786 2840 tv,
809 2793 839 2843 t,
857 2777 915 2830 131.
927 2779 1079 2832 -Donatn
1090 2799 1138 2853 pe-

85 2856 196 2930 pendit,·
209 2855 305 2909 bullam
316 2877 377 2910 curn
389 2868 514 2927 praetexta
526 2854 634 2908 Laribus
647 2854 839 2908 consecrabunt
851 2853 1046 2926 adolescentes,
1056 2879 1137 2932 quum

88 2950 176 3009 togam
194 2952 329 2992 sumerent
344 2937 459 3004 virilem,
476 2932 701 3009 quemadmodum
715 2934 809 3009 puelle
825 2956 928 3010 puppas
940 2942 1039 2992 Veneri
1055 2939 1139 2994 dona·

87 3015 159 3070 bant.
173 3019 287 3090 Respice
301 3016 335 3070 ad
350 3018 404 3070 Sat.
419 3017 459 3084 lt,
473 3030 531 3068 not.
544 3033 587 3086 70.

121 3164 189 3216 Non.
205 3161 249 3214 32.
268 3163 355 3235 Quum
372 3159 463 3214 blandi
477 3159 641 3212 comites-
656 3156 777 3224 Scilicet,
792 3159 894 3211 crutodc
908 3159 1012 3213 tandem
1027 3175 1138 3229 remoto,

89 3242 268 3296 succedebant
280 3245 307 3295 in
323 3245 380 3312 ejus
397 3240 484 3292 locum
496 3251 523 3291 et
535 3237 686 3290 assidebant
699 3237 782 3290 nobili
799 3237 963 3292 adolescenti
976 3243 1081 3295 comites
1093 3245 1140 3316 qui

89 3320 292 3376 blandiebantur
304 3334 330 3375 et
342 3319 531 3394 indulgebant,
543 3320 611 3372 servi
624 3338 733 3391 nempe,
745 3332 936 3386 assentatores,
952 3321 1071 3388 sodales,
1090 3323 1140 3394 ipsi

90 3407 165 3456 ctiam
179 3403 335 3476 pdagogi,
345 3403 410 3455 facti
421 3421 435 3454 e
446 3400 601 3454 custodibus
611 3399 770 3472 pedissequi.
788 3401 899 3453 Comites
909 3399 1007 3453 dicitnr
1015 3403 1065 3475 ipsi
1076 3405 1141 3455 Per-

91 3483 128 3534 sio
141 3482 174 3536 de
185 3485 218 3536 iis
230 3481 329 3554 quibus
341 3481 453 3534 traditus
465 3493 521 3534 erat
532 3478 689 3532 adolescens
700 3478 925 3552 preceptoribus,
937 3481 988 3548 111,
1001 3499 1016 3551 7
1028 3503 1034 3534 e
1050 3501 1140 3540 sunus

93 3563 126 3613 ait
139 3564 276 3614 comitum.
288 3585 301 3609 r
314 3563 364 3614 Hic
375 3560 558 3633 metaphorice
568 3572 595 3612 et
606 3558 756 3612 alludendo.

124 3709 191 3762 llcr.
206 3711 259 3775 32,
281 3709 325 3764 33.
345 3711 463 3783 Totoque
478 3711 586 3782 impune
596 3709 699 3763 Subura
712 3709 836 3762 Permisit
848 3711 964 3780 sparsim
979 3710 1068 3766 oculos
1078 3717 1139 3787 jam

94 3789 214 3841 eordidtu
238 3789 327 3842 umbo.
343 3817 379 3828 -
395 3789 494 3840 Subura
501 3811 510 3851 ,·
535 3790 608 3841 ricus
634 3787 709 3839 urbis
729 3789 973 3860 frequentissimus,
992 3791 1038 3844 rin
1061 3809 1141 3844 sacrte

94 3871 242 3938 proximus,
263 3869 300 3921 ob
321 3868 499 3922 inhabitantes
520 3869 598 3941 lupas
621 3869 735 3921 infamis.
759 3871 852 3940 ltaque
871 3883 1037 3940 praetextatos
1056 3871 1089 3924 ab
1107 3891 1139 3924 eo

95 3946 230 4015 arcebant,
248 3965 396 4021 ecntmque
411 3947 504 4001 oculor
524 3966 540 4001 a
555 3961 682 4001 contactu
698 3967 786 4001 rerum
800 3947 985 4020 pudendarum
1001 3951 1141 4004 inviolatos

95 4027 269 4081 ammam.
284 4030 360 4101 Toga
376 4045 439 4080 vero
452 4027 533 4081 virilis
549 4043 682 4102 assumpta
697 4029 777 4081 dabat
793 4039 950 4100 potestatem
967 4028 1055 4080 locum
1072 4029 1140 4083 infa-

96 4122 163 4157 mem
176 4107 355 4178 inp-odiendi,
367 4123 393 4162 et
408 4125 581 4183 quocumque
593 4108 631 4161 ibi
648 4107 739 4163 tierent
750 4107 925 4181 inspiciendi:
938 4110 1055 4181 permisit
1069 4127 1141 4183 spon·
