3148 4950
390 512 506 577 AULI
530 511 688 576 PERSII
715 513 882 578 FLACGI
906 513 1029 579 VITA.
1167 515 1231 604 475

189 636 414 698 cumferuntur.
427 636 453 694 A
464 655 599 716 quorum
612 635 760 717 opinione
772 635 914 716 equidem
925 647 989 696 tarn
1001 635 1095 719 longe
1106 637 1234 714 absum,

188 750 223 797 ut
232 749 351 818 putem,
365 733 504 796 Persium
512 735 683 814 antiquitus
694 733 787 794 nullis
796 732 918 794 scholiis
929 733 1024 794 fuisse
1037 736 1232 809 instructum,

190 856 286 916 quum
295 832 418 894 iisnihil
426 853 503 916 opus
517 846 592 893 essct
604 831 864 914 aequalibusejus,
876 835 989 915 quibus
1001 849 1031 895 et
1042 838 1172 916 cognitas
1188 857 1234 897 res

189 947 219 993 et
229 932 376 993 sermonis
389 932 468 990 ratio
481 933 588 991 notior
599 946 673 991 erat.
687 932 772 1008 Quin
783 933 944 1014 probabile
957 947 1014 1008 est,
1027 955 1067 994 ue
1082 936 1235 1018 Hierony-

188 1050 276 1088 mum
288 1026 413 1109 quidem
428 1026 564 1087 codicem
578 1047 674 1087 manu
686 1041 844 1087 exaratum
858 1030 953 1088 Persii
965 1029 1088 1090 scholiis
1100 1029 1235 1090 ditatum

188 1137 328 1186 nutante
344 1124 452 1185 oculos
466 1121 612 1183 babuisse
627 1139 680 1182 aut
698 1124 896 1205 cognovisse,
919 1125 1056 1206 alioquin
1073 1139 1134 1186 tam
1151 1147 1234 1186 acer-

188 1221 264 1281 bum
289 1221 327 1281 de
352 1221 538 1281 obscuritate
562 1219 644 1280 illius
665 1218 817 1300 judicium
841 1241 904 1280 uon
925 1221 1052 1282 tulisset.
1076 1223 1182 1303 Neque
1201 1222 1234 1283 in

188 1319 325 1395 scholiis,
339 1332 374 1379 ut
387 1341 472 1379 nunc
484 1333 572 1392 sunt,
587 1317 688 1379 ullum
704 1319 899 1400 antiquitatis
910 1319 1073 1400 vestigium
1089 1334 1234 1402 apparet3
1279 1353 1281 1362 ·

188 1416 334 1497 pleraque
352 1427 424 1474 sunt
444 1411 617 1493 ejusmodi,
640 1413 898 1495 tat-unusquisque
911 1435 976 1473 non
992 1413 1083 1496 plane
1097 1416 1235 1498 ineptus,

187 1513 266 1572 lecto
278 1511 384 1593 aliquo
399 1510 485 1587 loco,
502 1510 608 1571 eadem
626 1508 753 1571 allinere
764 1523 882 1592 posset,
898 1512 972 1591 quia
991 1509 1070 1571 nihil
1088 1511 1123 1570 iis
1139 1512 1234 1584 inest,

187 1609 275 1691 quod
288 1630 352 1670 non
367 1609 439 1690 ipsis
453 1609 583 1670 auctoris
598 1608 697 1670 verbis
711 1610 924 1682 continentum
944 1629 1042 1690 pauca
1060 1623 1184 1669 tanturn
1200 1631 1235 1668 ox

187 1706 294 1788 aliquo
310 1705 510 1787 grammatico
523 1727 590 1766 non
605 1707 697 1785 niuis
714 1718 832 1766 vetusto
850 1717 962 1767 temere
977 1704 1120 1788 decerpta
1138 1706 1235 1766 videri

187 1816 327 1886 possunt.
348 1803 404 1864 Sed
424 1806 526 1865 nescio
547 1825 611 1885 quo
632 1803 697 1862 fato
721 1803 753 1862 id
776 1803 919 1865 accidisse
940 1803 1058 1880 dicam,
1081 1816 1115 1864 ut
1129 1802 1235 1864 nullus

187 1901 273 1960 locus
283 1899 467 1961 difficultate
479 1902 583 1981 aliqua
597 1902 725 1981 insignis
738 1901 853 1982 aliquid
871 1900 947 1960 lucis
961 1914 1068 1961 unctus
1080 1903 1119 1959 sit
1129 1921 1164 1960 ex
1177 1899 1235 1959 illis

188 1994 329 2073 scholiis3
345 2019 420 2058 nam
439 1998 486 2058 vel
501 1999 633 2058 omnino
648 1997 752 2072 silent,
767 1997 814 2057 vel
831 2019 866 2057 ea
883 1997 1054 2079 explicant,
1073 1999 1107 2056 iu
1123 1997 1235 2078 quibus

189 2115 281 2154 uerno
295 2093 420 2155 haereat.
435 2094 644 2156 Nihilominus
659 2109 762 2156 tamen
776 2116 810 2156 ea
823 2093 939 2156 scholia
951 2095 1104 2156 utilissima
1117 2097 1151 2154 in
1166 2095 1237 2154 Per-

189 2193 269 2259 sium
287 2193 398 2274 passim
414 2194 508 2254 etiam
520 2213 539 2252 a
553 2191 735 2254 doctissimis
747 2193 819 2252 viris
833 2206 992 2254 vocantur.
1007 2194 1123 2252 Verum
1136 2211 1235 2272 quum

190 2289 221 2347 in
246 2290 475 2370 antiquioribus
501 2290 688 2350 editionibus
711 2287 830 2349 scholia
856 2289 1051 2372 proferantur
1075 2289 1234 2371 pleniora,

189 2406 283 2466 quam
298 2408 351 2462 ea,
370 2407 438 2470 quse
451 2385 652 2449 Casaubouus
669 2387 793 2447 editioni
806 2406 866 2447 suae
884 2385 1008 2468 adjecit,
1021 2385 1234 2466 nonnullaque

189 2503 206 2541 a
218 2483 292 2542 viris
306 2483 402 2544 doctis
416 2485 531 2544 inedita
544 2483 709 2544 laudentur
722 2485 797 2544 etin
812 2482 1006 2544 bibliothecis
1021 2479 1122 2542 adbuc
1138 2482 1235 2541 laten-

189 2579 250 2656 tia,
264 2595 329 2642 tota
341 2583 398 2644 ista
408 2582 447 2644 de
460 2581 582 2654 scholiis
594 2583 761 2664 disputatio
772 2583 817 2656 ei,
833 2584 888 2663 qui
895 2581 1075 2645 melioribus
1087 2579 1234 2663 praesidiis

190 2680 355 2743 instructus
368 2696 426 2760 eat,
441 2681 646 2763 relinquenda
657 2682 749 2743 nobis
762 2682 894 2744 videtur.
