2986 4924
99 457 1139 492 ‘m'ass'ffl

241 699 249 728 κ
371 672 596 748 samaa
624 675 859 774 ourura

470 905 764 976 anennuaruu.

133 1117 278 1178 Liberum
294 1137 358 1176 esse
371 1115 447 1198 quid
462 1118 515 1194 sit,
534 1116 646 1198 vulgus
664 1115 832 1177 hominum
852 1139 964 1200 parum
983 1120 1145 1203 iutelligit:

98 1217 168 1278 nihil
185 1217 276 1279 aliud
292 1217 378 1278 euim
394 1215 534 1300 plerique
545 1216 652 1296 vident
666 1230 778 1298 praeter
785 1214 836 1298 jus
851 1219 982 1279 civitatis
996 1219 1148 1281 conditio-

98 1338 226 1398 nemque
244 1337 422 1389 servorum3
441 1315 615 1376 libertatern
626 1315 739 1390 animi,
759 1315 861 1396 qualis
875 1337 937 1376 esse
953 1315 1079 1394 debeat,
1094 1339 1147 1392 no-

98 1435 251 1497 quaquam
272 1412 473 1474 attendentes.
496 1415 533 1472 dt
551 1435 625 1477 vero
647 1412 770 1473 libertas
791 1415 822 1472 in
842 1434 880 1474 eo
902 1413 1029 1474 demum
1047 1422 1147 1499 posita

97 1525 151 1587 est,
169 1514 196 1572 si
214 1511 424 1596 cupiditatum
442 1509 520 1594 jugo
540 1532 628 1571 utens
648 1511 834 1587 exsolvatur,
853 1513 878 1570 si
897 1533 959 1572 sese
973 1515 1039 1595 ipsa
1056 1516 1149 1596 possi·

97 1611 161 1673 deat
178 1625 210 1674 et
230 1612 354 1672 ratione
370 1609 559 1671 moderetur.
577 1611 759 1670 Communis
774 1607 840 1670 hae
857 1608 918 1670 fuit
932 1613 1077 1672 omnium
1091 1609 1149 1672 ler-

98 1731 142 1770 me
164 1707 429 1792 philosophorum
455 1707 620 1781 doctrina;
650 1709 808 1790 praecipua
833 1721 938 1768 tamen
964 1709 1149 1770 Stoicorum.

98 1807 183 1867 Stoici
198 1827 312 1888 nempe
330 1803 456 1865 rationis
471 1803 550 1866 illud
565 1804 732 1888 imperium
747 1825 906 1871 summum
921 1819 1012 1887 atque
1027 1807 1152 1868 univer-

99 1923 160 1963 sum
183 1925 250 1964 esse
274 1901 458 1979 voluerunt,
482 1904 524 1962 ita
547 1914 671 1963 utnon
698 1903 730 1962 in
755 1903 877 1983 magnis
902 1903 1018 1979 modo,
1041 1925 1151 1965 verum

100 2005 186 2063 etiarn
201 2004 238 2062 in
251 2002 392 2063 minimis
405 2003 476 2060 vita·
491 2001 625 2076 actibus,
638 2001 701 2060 sive
712 2003 810 2062 animi
825 2002 903 2076 sint,
917 2001 981 2062 sire
996 2005 1151 2086 corporis,

100 2114 283 2162 exerceatur.
418 2170 421 2182 ι
845 2092 849 2098 ’

138 2201 258 2260 Persius
277 2199 383 2280 igitur,
404 2199 552 2258 stoicismi
572 2199 619 2258 sui
640 2199 721 2282 apud
744 2198 893 2281 populum
909 2201 1058 2282 interpres
1067 2200 1154 2276 ‚fRo-

102 2317 209 2360 manos
229 2295 315 2357 aliud
339 2311 464 2377 agentes
486 2295 654 2356 admonere
674 2297 787 2356 nititur
812 2318 890 2357 verae
912 2297 1070 2360 libertatis.
1096 2300 1151 2360 Sed

12 2477 13 2480 Ἴ
103 2395 279 2475 priusquam
295 2392 537 2476 disputationem
555 2393 654 2476 ipsam
674 2392 876 2484 ingrediatur,
891 2396 1033 2456 Cornuto
1053 2395 1154 2478 philo-

103 2490 217 2573 sopho,
239 2513 257 2550 a
275 2511 340 2572 quo
360 2490 545 2572 sapientiam
559 2510 648 2549 suam
663 2503 835 2572 acceperat,
856 2491 912 2571 qui
933 2510 964 2549 se
982 2507 1154 2572 susceperat

103 2588 382 2666 adolescentulum,
402 2605 432 2648 et
451 2610 589 2671 quocum
609 2588 686 2648 vixit
705 2586 923 2648 honestissima
945 2586 1154 2650 familiaritate

103 2688 300 2771 conjunctus,
315 2701 415 2770 grates
435 2687 604 2769 laudesque
619 2685 768 2770 persolvit
783 2685 998 2769 amplissimas.
1017 2688 1065 2749 sic
1078 2709 1156 2770 prm·

103 2785 182 2846 ludit
190 2782 341 2863 sermoni,
349 2807 414 2870 quo
425 2784 600 2845 doctrinam
611 2807 698 2846 suam
709 2806 780 2845 cum
791 2785 911 2845 civibus
921 2787 1154 2847 communicare

105 2882 185 2943 velit.

387 3335 611 3412 sarran
639 3335 874 3436 Qutaru

530 3549 736 3618 auatrmsss

151 3771 243 3832 Priori
259 3788 349 3856 parte
360 3773 477 3854 operis,
493 3771 648 3848 Cornuto,
663 3773 847 3854 preceptori
861 3793 935 3849 suo,
950 3740 1073 3854 gratitm
1090 3777 1157 3838 ani·

114 3871 359 3953 mnmsssignifieat
370 3870 553 3954 perfihancce
565 3871 681 3952 dialogi
694 3870 832 3933 formam
842 3871 1051 3934 laudatoriam
1063 3874 1156 3933 simul

113 3979 199 4048 atque
213 3972 368 4032 satiricum
383 3993 391 4031 ε
409 3982 536 4032 centum
550 3991 622 4046 ora,
637 3981 824 4051 centumque
835 3970 958 4052 linguas
972 3971 1071 4030 nostri
1085 3991 1158 4052 poe·

115 4077 152 4123 tte
167 4067 221 4127 sibi
239 4082 383 4152 exoptare
402 4068 516 4129 solent.
529 4114 538 4128 .
550 4112 578 4128 ..
596 4089 625 4143 1,
638 4065 666 4142 lt.
687 4099 727 4114 -
748 4067 832 4146 Quid
850 4065 910 4128 hoc
928 4067 969 4126 ad
987 4080 1033 4142 te,
1056 4067 1162 4128 Persi?

116 4159 203 4222 heca
214 4166 355 4226 Cornuto
367 4162 458 4246 objici
476 4179 578 4248 putes3
596 4186 673 4226 num
688 4179 722 4225 tu
738 4165 812 4246 quid
829 4164 927 4224 simile
943 4165 1073 4225 istorum
1090 4185 1162 4248 ope·

203 4267 265 4332 Ill.
979 4287 1016 4330 12
