<?xml version="1.0" encoding="UTF-8"?>
<!DOCTYPE html PUBLIC "-//W3C//DTD XHTML 1.0 Transitional//EN"
    "http://www.w3.org/TR/xhtml1/DTD/xhtml1-transitional.dtd">
<html xmlns="http://www.w3.org/1999/xhtml" xml:lang="en" lang="en">
 <head>
  <title>
</title>
<meta http-equiv="Content-Type" content="text/html;charset=utf-8" />
  <meta name='ocr-system' content='tesseract 3.04.00' />
  <meta name='ocr-capabilities' content='ocr_page ocr_carea ocr_par ocr_line ocrx_word'/>
</head>
<body>
  <div class='ocr_page' id='page_1' title='image "./sexdecimsatir00lemagoog_0601.png"; bbox 0 0 3116 4934; ppageno 0'>
   <div class='ocr_carea' id='block_1_1' title="bbox 404 439 1156 580">
    <p class='ocr_par' dir='ltr' id='par_1_1' title="bbox 404 439 1156 580">
     <span class='ocr_line' id='line_1_1' title="bbox 404 439 1156 580; baseline 0.003 -26"><span class='ocrx_word' id='word_1_1' title='bbox 404 490 629 556; x_wconf 80' lang='lat' dir='ltr'>nnmrro</span> <span class='ocrx_word' id='word_1_2' title='bbox 654 439 866 556; x_wconf 69' lang='lat' dir='ltr'>nonnr&#39;n.</span> <span class='ocrx_word' id='word_1_3' title='bbox 1090 491 1156 580; x_wconf 81' lang='lat' dir='ltr'>5s7</span> 
     </span>
    </p>
   </div>
   <div class='ocr_carea' id='block_1_2' title="bbox 111 611 1161 795">
    <p class='ocr_par' dir='ltr' id='par_1_2' title="bbox 111 611 1161 795">
     <span class='ocr_line' id='line_1_2' title="bbox 111 611 1161 697; baseline -0.001 -18"><span class='ocrx_word' id='word_1_4' title='bbox 111 621 221 679; x_wconf 70' lang='lat' dir='ltr'>conto?</span> <span class='ocrx_word' id='word_1_5' title='bbox 232 616 322 675; x_wconf 86' lang='lat' dir='ltr'>-Et</span> <span class='ocrx_word' id='word_1_6' title='bbox 340 613 421 676; x_wconf 77' lang='lat' dir='ltr'>lasne</span> <span class='ocrx_word' id='word_1_7' title='bbox 439 626 470 675; x_wconf 87' lang='lat' dir='ltr'>et</span> <span class='ocrx_word' id='word_1_8' title='bbox 484 635 552 696; x_wconf 81' lang='lat' dir='ltr'>quae</span> <span class='ocrx_word' id='word_1_9' title='bbox 572 611 717 697; x_wconf 79' lang='lat' dir='ltr'>praecedit</span> <span class='ocrx_word' id='word_1_10' title='bbox 734 633 842 674; x_wconf 84' lang='lat' dir='ltr'>vocem</span> <span class='ocrx_word' id='word_1_11' title='bbox 862 611 983 676; x_wconf 75' lang='lat' dir='ltr'>dedecm</span> <span class='ocrx_word' id='word_1_12' title='bbox 1000 627 1161 678; x_wconf 78' lang='lat' dir='ltr'>maniacus</span> 
     </span>
     <span class='ocr_line' id='line_1_3' title="bbox 111 710 800 795; baseline -0.006 -19"><span class='ocrx_word' id='word_1_13' title='bbox 111 729 157 776; x_wconf 84' lang='lat' dir='ltr'>cst</span> <span class='ocrx_word' id='word_1_14' title='bbox 171 733 339 775; x_wconf 86' lang='lat' dir='ltr'>esermone</span> <span class='ocrx_word' id='word_1_15' title='bbox 354 724 465 795; x_wconf 83' lang='lat' dir='ltr'>quarto</span> <span class='ocrx_word' id='word_1_16' title='bbox 476 710 548 771; x_wconf 83' lang='lat' dir='ltr'>libri</span> <span class='ocrx_word' id='word_1_17' title='bbox 561 713 670 795; x_wconf 91' lang='lat' dir='ltr'>primi,</span> <span class='ocrx_word' id='word_1_18' title='bbox 683 728 727 772; x_wconf 82' lang='lat' dir='ltr'>vs.</span> <span class='ocrx_word' id='word_1_19' title='bbox 743 711 777 770; x_wconf 89' lang='lat'>51</span> <span class='ocrx_word' id='word_1_20' title='bbox 791 734 800 772; x_wconf 80' lang='lat' dir='ltr'>s</span> 
     </span>
    </p>
   </div>
   <div class='ocr_carea' id='block_1_3' title="bbox 296 857 890 934">
    <p class='ocr_par' dir='ltr' id='par_1_3' title="bbox 296 857 890 934">
     <span class='ocr_line' id='line_1_4' title="bbox 296 857 890 934; baseline 0 -16"><span class='ocrx_word' id='word_1_21' title='bbox 296 872 380 920; x_wconf 82' lang='lat' dir='ltr'>Ebrius</span> <span class='ocrx_word' id='word_1_22' title='bbox 390 882 414 919; x_wconf 85' lang='lat' dir='ltr'>ct</span> <span class='ocrx_word' id='word_1_23' title='bbox 423 885 531 932; x_wconf 66' lang='lat' dir='ltr'>magnam</span> <span class='ocrx_word' id='word_1_24' title='bbox 541 871 605 934; x_wconf 85' lang='lat' dir='ltr'>quod</span> <span class='ocrx_word' id='word_1_25' title='bbox 614 870 715 918; x_wconf 78' lang='lat' dir='ltr'>dedecus</span> <span class='ocrx_word' id='word_1_26' title='bbox 723 857 890 920; x_wconf 70' lang='lat' dir='ltr'>substetisse</span> 
     </span>
    </p>
   </div>
   <div class='ocr_carea' id='block_1_4' title="bbox 297 942 567 991">
    <p class='ocr_par' dir='ltr' id='par_1_4' title="bbox 297 942 567 991">
     <span class='ocr_line' id='line_1_5' title="bbox 297 942 567 991; baseline -0.011 0"><span class='ocrx_word' id='word_1_27' title='bbox 297 947 395 991; x_wconf 79' lang='lat' dir='ltr'>Noctem</span> <span class='ocrx_word' id='word_1_28' title='bbox 407 958 462 990; x_wconf 83' lang='lat' dir='ltr'>cum</span> <span class='ocrx_word' id='word_1_29' title='bbox 470 942 567 989; x_wconf 75' lang='lat' dir='ltr'>facibus.</span> 
     </span>
    </p>
   </div>
   <div class='ocr_carea' id='block_1_5' title="bbox 112 1082 1180 2348">
    <p class='ocr_par' dir='ltr' id='par_1_5' title="bbox 112 1082 1164 1444">
     <span class='ocr_line' id='line_1_6' title="bbox 156 1082 1161 1176; baseline 0 -24"><span class='ocrx_word' id='word_1_30' title='bbox 156 1093 220 1176; x_wconf 80' lang='lat'>167.</span> <span class='ocrx_word' id='word_1_31' title='bbox 235 1082 333 1176; x_wconf 76' lang='lat' dir='ltr'>Enqe,</span> <span class='ocrx_word' id='word_1_32' title='bbox 347 1113 432 1175; x_wconf 82' lang='lat' dir='ltr'>puer,</span> <span class='ocrx_word' id='word_1_33' title='bbox 449 1095 563 1174; x_wconf 85' lang='lat' dir='ltr'>sapias,</span> <span class='ocrx_word' id='word_1_34' title='bbox 581 1090 634 1152; x_wconf 76' lang='lat' dir='ltr'>dis.</span> <span class='ocrx_word' id='word_1_35' title='bbox 650 1093 734 1150; x_wconf 80' lang='grc' dir='ltr'>-Τό</span> <span class='ocrx_word' id='word_1_36' title='bbox 747 1093 845 1174; x_wconf 84' lang='lat' dir='ltr'>sapias</span> <span class='ocrx_word' id='word_1_37' title='bbox 859 1092 1009 1154; x_wconf 86' lang='lat' dir='ltr'>insertum</span> <span class='ocrx_word' id='word_1_38' title='bbox 1025 1093 1069 1154; x_wconf 76' lang='grc' dir='ltr'>διὰ</span> <span class='ocrx_word' id='word_1_39' title='bbox 1082 1099 1161 1174; x_wconf 76' lang='lat' dir='ltr'>picco</span> 
     </span>
     <span class='ocr_line' id='line_1_7' title="bbox 112 1182 1162 1270; baseline 0.001 -21"><span class='ocrx_word' id='word_1_40' title='bbox 112 1192 177 1250; x_wconf 88' lang='lat' dir='ltr'>sine</span> <span class='ocrx_word' id='word_1_41' title='bbox 196 1187 413 1270; x_wconf 89' lang='lat' dir='ltr'>conjunctione</span> <span class='ocrx_word' id='word_1_42' title='bbox 431 1190 612 1250; x_wconf 63' lang='lat' dir='ltr'>Horatiana?</span> <span class='ocrx_word' id='word_1_43' title='bbox 630 1199 675 1248; x_wconf 90' lang='lat' dir='ltr'>est</span> <span class='ocrx_word' id='word_1_44' title='bbox 694 1191 881 1264; x_wconf 83' lang='lat' dir='ltr'><strong>venustatis,</strong></span> <span class='ocrx_word' id='word_1_45' title='bbox 900 1182 936 1250; x_wconf 84' lang='lat' dir='ltr'>ut</span> <span class='ocrx_word' id='word_1_46' title='bbox 953 1192 987 1250; x_wconf 92' lang='lat' dir='ltr'>in</span> <span class='ocrx_word' id='word_1_47' title='bbox 1008 1188 1162 1252; x_wconf 81' lang='lat' dir='ltr'>choriam-</span> 
     </span>
     <span class='ocr_line' id='line_1_8' title="bbox 113 1282 1164 1369; baseline 0.002 -23"><span class='ocrx_word' id='word_1_48' title='bbox 113 1287 182 1347; x_wconf 89' lang='lat' dir='ltr'>bico</span> <span class='ocrx_word' id='word_1_49' title='bbox 198 1287 236 1346; x_wconf 84' lang='lat' dir='ltr'>ad</span> <span class='ocrx_word' id='word_1_50' title='bbox 254 1288 457 1363; x_wconf 84' lang='lat' dir='ltr'>Leuconoen,</span> <span class='ocrx_word' id='word_1_51' title='bbox 474 1287 572 1367; x_wconf 82' lang='lat' dir='ltr'>sapias</span> <span class='ocrx_word' id='word_1_52' title='bbox 591 1287 663 1344; x_wconf 85' lang='lat' dir='ltr'>vina</span> <span class='ocrx_word' id='word_1_53' title='bbox 674 1282 779 1365; x_wconf 85' lang='lat' dir='ltr'>liques,</span> <span class='ocrx_word' id='word_1_54' title='bbox 794 1283 855 1346; x_wconf 91' lang='lat' dir='ltr'>hoc</span> <span class='ocrx_word' id='word_1_55' title='bbox 872 1299 933 1361; x_wconf 87' lang='lat' dir='ltr'>est,</span> <span class='ocrx_word' id='word_1_56' title='bbox 946 1288 971 1346; x_wconf 89' lang='lat' dir='ltr'>si</span> <span class='ocrx_word' id='word_1_57' title='bbox 989 1290 1106 1369; x_wconf 80' lang='lat' dir='ltr'>sapias,</span> <span class='ocrx_word' id='word_1_58' title='bbox 1128 1300 1164 1348; x_wconf 93' lang='lat' dir='ltr'>ut</span> 
     </span>
     <span class='ocr_line' id='line_1_9' title="bbox 113 1384 390 1444; baseline -0.007 0"><span class='ocrx_word' id='word_1_59' title='bbox 113 1397 191 1444; x_wconf 88' lang='lat' dir='ltr'>recte</span> <span class='ocrx_word' id='word_1_60' title='bbox 207 1384 390 1444; x_wconf 82' lang='lat' dir='ltr'>Priscianus.</span> 
     </span>
    </p>

    <p class='ocr_par' dir='ltr' id='par_1_6' title="bbox 113 1476 1180 2348">
     <span class='ocr_line' id='line_1_10' title="bbox 153 1476 1180 1562; baseline 0.003 -25"><span class='ocrx_word' id='word_1_61' title='bbox 153 1479 231 1539; x_wconf 90' lang='lat' dir='ltr'>lbid.</span> <span class='ocrx_word' id='word_1_62' title='bbox 248 1480 302 1540; x_wconf 82' lang='lat' dir='ltr'>Dis</span> <span class='ocrx_word' id='word_1_63' title='bbox 315 1476 521 1562; x_wconf 80' lang='lat' dir='ltr'><em>depellentibus</em></span> <span class='ocrx_word' id='word_1_64' title='bbox 534 1497 645 1559; x_wconf 78' lang='lat' dir='ltr'>aquam</span> <span class='ocrx_word' id='word_1_65' title='bbox 656 1479 786 1538; x_wconf 82' lang='lat' dir='ltr'>Pereute.</span> <span class='ocrx_word' id='word_1_66' title='bbox 797 1513 836 1524; x_wconf 98' lang='lat'>-</span> <span class='ocrx_word' id='word_1_67' title='bbox 846 1481 898 1538; x_wconf 85' lang='lat' dir='ltr'>Dii</span> <span class='ocrx_word' id='word_1_68' title='bbox 906 1477 1078 1560; x_wconf 77' lang='lat' dir='ltr'><em>depellentes</em></span> <span class='ocrx_word' id='word_1_69' title='bbox 1091 1494 1164 1540; x_wconf 88' lang='lat' dir='ltr'>sunt</span> <span class='ocrx_word' id='word_1_70' title='bbox 1176 1519 1180 1534; x_wconf 56' lang='grc' dir='ltr'><strong><em>ι</em></strong></span> 
     </span>
     <span class='ocr_line' id='line_1_11' title="bbox 113 1575 1164 1658; baseline -0.002 -20"><span class='ocrx_word' id='word_1_71' title='bbox 113 1581 171 1638; x_wconf 67' lang='grc' dir='ltr'>θεοὶ</span> <span class='ocrx_word' id='word_1_72' title='bbox 187 1581 374 1658; x_wconf 65' lang='grc' dir='ltr'>ἀποτρόπαια,</span> <span class='ocrx_word' id='word_1_73' title='bbox 393 1577 448 1658; x_wconf 91' lang='lat' dir='ltr'>qui</span> <span class='ocrx_word' id='word_1_74' title='bbox 468 1575 507 1634; x_wconf 85' lang='lat' dir='ltr'>ab</span> <span class='ocrx_word' id='word_1_75' title='bbox 525 1575 632 1656; x_wconf 87' lang='lat' dir='ltr'>aliquo</span> <span class='ocrx_word' id='word_1_76' title='bbox 655 1576 792 1656; x_wconf 89' lang='lat' dir='ltr'>periculo</span> <span class='ocrx_word' id='word_1_77' title='bbox 809 1577 921 1643; x_wconf 72' lang='lat' dir='ltr'>,servati</span> <span class='ocrx_word' id='word_1_78' title='bbox 940 1576 1064 1637; x_wconf 88' lang='lat' dir='ltr'>fuerant</span> <span class='ocrx_word' id='word_1_79' title='bbox 1085 1577 1164 1637; x_wconf 85' lang='lat' dir='ltr'>soliti</span> 
     </span>
     <span class='ocr_line' id='line_1_12' title="bbox 113 1671 1164 1756; baseline 0 -22"><span class='ocrx_word' id='word_1_80' title='bbox 113 1675 171 1735; x_wconf 90' lang='lat' dir='ltr'>diis</span> <span class='ocrx_word' id='word_1_81' title='bbox 183 1677 358 1736; x_wconf 85' lang='lat' dir='ltr'>everruncis</span> <span class='ocrx_word' id='word_1_82' title='bbox 373 1695 487 1755; x_wconf 80' lang='lat' dir='ltr'>agnam</span> <span class='ocrx_word' id='word_1_83' title='bbox 504 1687 653 1747; x_wconf 85' lang='lat' dir='ltr'>mactare,</span> <span class='ocrx_word' id='word_1_84' title='bbox 670 1671 756 1753; x_wconf 85' lang='lat' dir='ltr'>cnjus</span> <span class='ocrx_word' id='word_1_85' title='bbox 771 1676 812 1733; x_wconf 88' lang='lat' dir='ltr'>rei</span> <span class='ocrx_word' id='word_1_86' title='bbox 827 1673 964 1756; x_wconf 82' lang='lat' dir='ltr'>exempla</span> <span class='ocrx_word' id='word_1_87' title='bbox 981 1674 1063 1756; x_wconf 85' lang='lat' dir='ltr'>apud</span> <span class='ocrx_word' id='word_1_88' title='bbox 1083 1675 1164 1735; x_wconf 81' lang='lat' dir='ltr'>Lati-</span> 
     </span>
     <span class='ocr_line' id='line_1_13' title="bbox 114 1771 1165 1855; baseline -0.001 -23"><span class='ocrx_word' id='word_1_89' title='bbox 114 1793 171 1832; x_wconf 91' lang='lat' dir='ltr'>nos</span> <span class='ocrx_word' id='word_1_90' title='bbox 187 1787 278 1855; x_wconf 82' lang='lat' dir='ltr'>poeta</span> <span class='ocrx_word' id='word_1_91' title='bbox 299 1784 434 1849; x_wconf 83' lang='lat' dir='ltr'>exstant,</span> <span class='ocrx_word' id='word_1_92' title='bbox 457 1771 625 1846; x_wconf 84' lang='lat' dir='ltr'>Plautum,</span> <span class='ocrx_word' id='word_1_93' title='bbox 647 1772 822 1830; x_wconf 80' lang='lat' dir='ltr'>Horatium.</span> <span class='ocrx_word' id='word_1_94' title='bbox 845 1771 1028 1830; x_wconf 85' lang='lat' dir='ltr'>Graecorum</span> <span class='ocrx_word' id='word_1_95' title='bbox 1042 1791 1165 1854; x_wconf 89' lang='lat' dir='ltr'>quoqne</span> 
     </span>
     <span class='ocr_line' id='line_1_14' title="bbox 113 1866 1165 1948; baseline -0.002 -19"><span class='ocrx_word' id='word_1_96' title='bbox 113 1869 207 1930; x_wconf 86' lang='lat' dir='ltr'>fuisse</span> <span class='ocrx_word' id='word_1_97' title='bbox 222 1869 361 1930; x_wconf 86' lang='lat' dir='ltr'>eamdem</span> <span class='ocrx_word' id='word_1_98' title='bbox 375 1868 630 1929; x_wconf 85' lang='lat' dir='ltr'>consuetudinem</span> <span class='ocrx_word' id='word_1_99' title='bbox 647 1890 682 1926; x_wconf 89' lang='lat' dir='ltr'>ex</span> <span class='ocrx_word' id='word_1_100' title='bbox 696 1866 753 1927; x_wconf 89' lang='lat' dir='ltr'>hoc</span> <span class='ocrx_word' id='word_1_101' title='bbox 771 1868 838 1928; x_wconf 90' lang='lat' dir='ltr'>loco</span> <span class='ocrx_word' id='word_1_102' title='bbox 855 1867 1074 1948; x_wconf 78' lang='lat' dir='ltr'>intelligimus3</span> <span class='ocrx_word' id='word_1_103' title='bbox 1091 1870 1165 1948; x_wconf 90' lang='lat' dir='ltr'>quia</span> 
     </span>
     <span class='ocr_line' id='line_1_15' title="bbox 114 1965 1167 2048; baseline -0.003 -20"><span class='ocrx_word' id='word_1_104' title='bbox 114 1989 178 2028; x_wconf 91' lang='lat' dir='ltr'>non</span> <span class='ocrx_word' id='word_1_105' title='bbox 192 1967 401 2030; x_wconf 84' lang='lat' dir='ltr'>dubitandum</span> <span class='ocrx_word' id='word_1_106' title='bbox 417 1982 476 2043; x_wconf 89' lang='lat' dir='ltr'>est,</span> <span class='ocrx_word' id='word_1_107' title='bbox 493 1989 509 2027; x_wconf 92' lang='lat' dir='ltr'>e</span> <span class='ocrx_word' id='word_1_108' title='bbox 525 1966 848 2038; x_wconf 86' lang='lat' dir='ltr'>Menandro·tractum</span> <span class='ocrx_word' id='word_1_109' title='bbox 861 1987 922 2028; x_wconf 86' lang='lat' dir='ltr'>esse</span> <span class='ocrx_word' id='word_1_110' title='bbox 935 1966 1018 2048; x_wconf 91' lang='lat' dir='ltr'>quod</span> <span class='ocrx_word' id='word_1_111' title='bbox 1031 1965 1081 2024; x_wconf 83' lang='lat' dir='ltr'>hic</span> <span class='ocrx_word' id='word_1_112' title='bbox 1093 1965 1167 2046; x_wconf 74' lang='lat' dir='ltr'>legi·</span> 
     </span>
     <span class='ocr_line' id='line_1_16' title="bbox 114 2064 1166 2149; baseline -0.002 -23"><span class='ocrx_word' id='word_1_113' title='bbox 114 2079 165 2126; x_wconf 88' lang='lat' dir='ltr'>tur</span> <span class='ocrx_word' id='word_1_114' title='bbox 183 2067 266 2149; x_wconf 82' lang='lat' dir='ltr'>apud</span> <span class='ocrx_word' id='word_1_115' title='bbox 283 2068 439 2141; x_wconf 86' lang='lat' dir='ltr'>Persium,</span> <span class='ocrx_word' id='word_1_116' title='bbox 456 2087 551 2146; x_wconf 86' lang='lat' dir='ltr'>quare</span> <span class='ocrx_word' id='word_1_117' title='bbox 567 2066 680 2125; x_wconf 86' lang='lat' dir='ltr'>frustra</span> <span class='ocrx_word' id='word_1_118' title='bbox 701 2066 863 2146; x_wconf 85' lang='lat' dir='ltr'>quaesitum</span> <span class='ocrx_word' id='word_1_119' title='bbox 880 2087 898 2124; x_wconf 89' lang='lat' dir='ltr'>a</span> <span class='ocrx_word' id='word_1_120' title='bbox 918 2064 1095 2141; x_wconf 89' lang='lat' dir='ltr'>nonnullis,</span> <span class='ocrx_word' id='word_1_121' title='bbox 1111 2086 1166 2124; x_wconf 90' lang='lat' dir='ltr'>cur</span> 
     </span>
     <span class='ocr_line' id='line_1_17' title="bbox 114 2163 1165 2246; baseline -0.002 -24"><span class='ocrx_word' id='word_1_122' title='bbox 114 2185 227 2246; x_wconf 79' lang='lat' dir='ltr'>agnam</span> <span class='ocrx_word' id='word_1_123' title='bbox 244 2163 294 2224; x_wconf 92' lang='lat' dir='ltr'>hic</span> <span class='ocrx_word' id='word_1_124' title='bbox 311 2166 481 2224; x_wconf 88' lang='lat' dir='ltr'>nominarit</span> <span class='ocrx_word' id='word_1_125' title='bbox 496 2165 632 2238; x_wconf 86' lang='lat' dir='ltr'>Persius,</span> <span class='ocrx_word' id='word_1_126' title='bbox 654 2165 866 2246; x_wconf 85' lang='lat' dir='ltr'>potiusquam</span> <span class='ocrx_word' id='word_1_127' title='bbox 884 2176 920 2223; x_wconf 92' lang='lat' dir='ltr'>ut</span> <span class='ocrx_word' id='word_1_128' title='bbox 931 2164 1078 2222; x_wconf 81' lang='lat' dir='ltr'>Horatius</span> <span class='ocrx_word' id='word_1_129' title='bbox 1091 2181 1165 2244; x_wconf 90' lang='lat' dir='ltr'>por·</span> 
     </span>
     <span class='ocr_line' id='line_1_18' title="bbox 114 2261 784 2348; baseline -0.001 -27"><span class='ocrx_word' id='word_1_130' title='bbox 114 2282 203 2336; x_wconf 90' lang='lat' dir='ltr'>eum,</span> <span class='ocrx_word' id='word_1_131' title='bbox 219 2262 261 2322; x_wconf 91' lang='lat' dir='ltr'>sic</span> <span class='ocrx_word' id='word_1_132' title='bbox 275 2262 325 2321; x_wconf 90' lang='lat' dir='ltr'>ille</span> <span class='ocrx_word' id='word_1_133' title='bbox 340 2263 437 2323; x_wconf 84' lang='lat' dir='ltr'>Satira</span> <span class='ocrx_word' id='word_1_134' title='bbox 451 2264 540 2321; x_wconf 84' lang='lat' dir='ltr'>tertia</span> <span class='ocrx_word' id='word_1_135' title='bbox 554 2261 626 2348; x_wconf 85' lang='lat' dir='ltr'>libri</span> <span class='ocrx_word' id='word_1_136' title='bbox 639 2261 784 2321; x_wconf 87' lang='lat' dir='ltr'>secundi:</span> 
     </span>
    </p>
   </div>
   <div class='ocr_carea' id='block_1_6' title="bbox 299 2423 921 2560">
    <p class='ocr_par' dir='ltr' id='par_1_7' title="bbox 299 2423 921 2560">
     <span class='ocr_line' id='line_1_19' title="bbox 301 2423 921 2488; baseline -0.002 -18"><span class='ocrx_word' id='word_1_137' title='bbox 301 2427 353 2470; x_wconf 87' lang='lat' dir='ltr'>Non</span> <span class='ocrx_word' id='word_1_138' title='bbox 365 2437 399 2469; x_wconf 82' lang='lat' dir='ltr'>cst</span> <span class='ocrx_word' id='word_1_139' title='bbox 409 2426 531 2488; x_wconf 83' lang='lat' dir='ltr'>perjurus,</span> <span class='ocrx_word' id='word_1_140' title='bbox 541 2441 619 2488; x_wconf 84' lang='lat' dir='ltr'>neque</span> <span class='ocrx_word' id='word_1_141' title='bbox 628 2424 734 2471; x_wconf 82' lang='lat' dir='ltr'>sordidus</span> <span class='ocrx_word' id='word_1_142' title='bbox 744 2423 848 2470; x_wconf 83' lang='lat' dir='ltr'>immolet</span> <span class='ocrx_word' id='word_1_143' title='bbox 857 2425 921 2485; x_wconf 65' lang='lat' dir='ltr'>spuis</span> 
     </span>
     <span class='ocr_line' id='line_1_20' title="bbox 299 2497 566 2560; baseline 0.004 -17"><span class='ocrx_word' id='word_1_144' title='bbox 299 2499 341 2543; x_wconf 85' lang='lat' dir='ltr'>llic</span> <span class='ocrx_word' id='word_1_145' title='bbox 353 2513 449 2560; x_wconf 83' lang='lat' dir='ltr'>porcum</span> <span class='ocrx_word' id='word_1_146' title='bbox 460 2497 566 2544; x_wconf 77' lang='lat' dir='ltr'>laribus.</span> 
     </span>
    </p>
   </div>
   <div class='ocr_carea' id='block_1_7' title="bbox 115 2635 1167 3195">
    <p class='ocr_par' dir='ltr' id='par_1_8' title="bbox 115 2635 1167 3010">
     <span class='ocr_line' id='line_1_21' title="bbox 115 2635 1166 2719; baseline -0.004 -25"><span class='ocrx_word' id='word_1_147' title='bbox 115 2637 205 2717; x_wconf 75' lang='lat' dir='ltr'>liqui</span> <span class='ocrx_word' id='word_1_148' title='bbox 223 2650 333 2718; x_wconf 84' lang='lat' dir='ltr'>praeter</span> <span class='ocrx_word' id='word_1_149' title='bbox 344 2658 467 2698; x_wconf 84' lang='lat' dir='ltr'>causam</span> <span class='ocrx_word' id='word_1_150' title='bbox 482 2639 639 2713; x_wconf 83' lang='lat' dir='ltr'>sacrificii,</span> <span class='ocrx_word' id='word_1_151' title='bbox 658 2660 727 2719; x_wconf 86' lang='lat' dir='ltr'>quae</span> <span class='ocrx_word' id='word_1_152' title='bbox 739 2637 846 2698; x_wconf 92' lang='lat' dir='ltr'>eadem</span> <span class='ocrx_word' id='word_1_153' title='bbox 860 2649 903 2697; x_wconf 86' lang='lat' dir='ltr'>est</span> <span class='ocrx_word' id='word_1_154' title='bbox 913 2635 976 2711; x_wconf 89' lang='lat' dir='ltr'>;.0b</span> <span class='ocrx_word' id='word_1_155' title='bbox 987 2645 1166 2716; x_wconf 81' lang='lat' dir='ltr'>superatum</span> 
     </span>
     <span class='ocr_line' id='line_1_22' title="bbox 115 2723 1167 2816; baseline -0.003 -24"><span class='ocrx_word' id='word_1_156' title='bbox 115 2735 212 2793; x_wconf 91' lang='lat' dir='ltr'>animi</span> <span class='ocrx_word' id='word_1_157' title='bbox 237 2735 396 2809; x_wconf 88' lang='lat' dir='ltr'>morbum,</span> <span class='ocrx_word' id='word_1_158' title='bbox 418 2723 533 2796; x_wconf 68' lang='lat' dir='ltr'>caetera¹</span> <span class='ocrx_word' id='word_1_159' title='bbox 550 2737 657 2796; x_wconf 86' lang='lat' dir='ltr'>omnia</span> <span class='ocrx_word' id='word_1_160' title='bbox 679 2736 819 2810; x_wconf 84' lang='lat' dir='ltr'>diversa,</span> <span class='ocrx_word' id='word_1_161' title='bbox 844 2755 942 2816; x_wconf 89' lang='lat' dir='ltr'>neque</span> <span class='ocrx_word' id='word_1_162' title='bbox 965 2734 1049 2794; x_wconf 90' lang='lat' dir='ltr'>enim</span> <span class='ocrx_word' id='word_1_163' title='bbox 1073 2731 1167 2792; x_wconf 92' lang='lat' dir='ltr'>iidem</span> 
     </span>
     <span class='ocr_line' id='line_1_23' title="bbox 115 2828 1167 2915; baseline -0.004 -25"><span class='ocrx_word' id='word_1_164' title='bbox 115 2846 187 2891; x_wconf 90' lang='lat' dir='ltr'>sunt</span> <span class='ocrx_word' id='word_1_165' title='bbox 201 2831 244 2890; x_wconf 96' lang='lat' dir='ltr'>dii</span> <span class='ocrx_word' id='word_1_166' title='bbox 260 2832 443 2915; x_wconf 83' lang='lat' dir='ltr'>depellentes</span> <span class='ocrx_word' id='word_1_167' title='bbox 455 2847 485 2892; x_wconf 88' lang='lat' dir='ltr'>et</span> <span class='ocrx_word' id='word_1_168' title='bbox 496 2834 588 2892; x_wconf 85' lang='lat' dir='ltr'>Lares</span> <span class='ocrx_word' id='word_1_169' title='bbox 594 2879 605 2908; x_wconf 76' lang='lat'>„</span> <span class='ocrx_word' id='word_1_170' title='bbox 618 2846 648 2890; x_wconf 87' lang='lat' dir='ltr'>et</span> <span class='ocrx_word' id='word_1_171' title='bbox 663 2835 739 2892; x_wconf 88' lang='lat' dir='ltr'>ritus</span> <span class='ocrx_word' id='word_1_172' title='bbox 750 2834 908 2892; x_wconf 82' lang='lat' dir='ltr'>Romanos</span> <span class='ocrx_word' id='word_1_173' title='bbox 922 2852 957 2890; x_wconf 87' lang='lat' dir='ltr'>ac</span> <span class='ocrx_word' id='word_1_174' title='bbox 970 2831 1093 2890; x_wconf 83' lang='lat' dir='ltr'>Graecos</span> <span class='ocrx_word' id='word_1_175' title='bbox 1105 2828 1167 2888; x_wconf 90' lang='lat' dir='ltr'>dis·</span> 
     </span>
     <span class='ocr_line' id='line_1_24' title="bbox 115 2929 673 3010; baseline 0.002 -23"><span class='ocrx_word' id='word_1_176' title='bbox 115 2948 250 3010; x_wconf 84' lang='lat' dir='ltr'>crepasse</span> <span class='ocrx_word' id='word_1_177' title='bbox 267 2931 299 2987; x_wconf 92' lang='lat' dir='ltr'>in</span> <span class='ocrx_word' id='word_1_178' title='bbox 314 2929 418 2989; x_wconf 92' lang='lat' dir='ltr'>multis</span> <span class='ocrx_word' id='word_1_179' title='bbox 432 2949 525 2988; x_wconf 87' lang='lat' dir='ltr'>nemo</span> <span class='ocrx_word' id='word_1_180' title='bbox 541 2929 673 3009; x_wconf 80' lang='lat' dir='ltr'>ignorat.</span> 
     </span>
    </p>

    <p class='ocr_par' dir='ltr' id='par_1_9' title="bbox 117 3021 1167 3195">
     <span class='ocr_line' id='line_1_25' title="bbox 160 3021 1167 3107; baseline -0.004 -24"><span class='ocrx_word' id='word_1_181' title='bbox 160 3047 224 3105; x_wconf 81' lang='lat'>¹72·</span> <span class='ocrx_word' id='word_1_182' title='bbox 240 3028 287 3084; x_wconf 87' lang='lat' dir='ltr'>Ne</span> <span class='ocrx_word' id='word_1_183' title='bbox 298 3047 391 3099; x_wconf 83' lang='lat' dir='ltr'>nunc,</span> <span class='ocrx_word' id='word_1_184' title='bbox 405 3047 495 3107; x_wconf 79' lang='lat' dir='ltr'>qrsum</span> <span class='ocrx_word' id='word_1_185' title='bbox 505 3037 670 3087; x_wconf 77' lang='lat' dir='ltr'>accerseret</span> <span class='ocrx_word' id='word_1_186' title='bbox 682 3024 755 3085; x_wconf 82' lang='lat' dir='ltr'>ultro</span> <span class='ocrx_word' id='word_1_187' title='bbox 766 3022 934 3107; x_wconf 85' lang='lat' dir='ltr'>Supplicat,</span> <span class='ocrx_word' id='word_1_188' title='bbox 952 3021 1115 3082; x_wconf 82' lang='lat' dir='ltr'>accedam?</span> <span class='ocrx_word' id='word_1_189' title='bbox 1129 3055 1167 3063; x_wconf 87' lang='grc'>-</span> 
     </span>
     <span class='ocr_line' id='line_1_26' title="bbox 117 3121 690 3195; baseline 0.003 -17"><span class='ocrx_word' id='word_1_190' title='bbox 117 3122 278 3194; x_wconf 83' lang='lat' dir='ltr'>Horatius,</span> <span class='ocrx_word' id='word_1_191' title='bbox 290 3121 351 3180; x_wconf 87' lang='lat' dir='ltr'>Sat.</span> <span class='ocrx_word' id='word_1_192' title='bbox 365 3123 399 3195; x_wconf 83' lang='lat'>3,</span> <span class='ocrx_word' id='word_1_193' title='bbox 410 3121 464 3181; x_wconf 91' lang='lat' dir='ltr'>lib.</span> <span class='ocrx_word' id='word_1_194' title='bbox 481 3144 538 3180; x_wconf 92' lang='lat' dir='ltr'>sec.</span> <span class='ocrx_word' id='word_1_195' title='bbox 554 3143 598 3182; x_wconf 83' lang='lat' dir='ltr'>vs.</span> <span class='ocrx_word' id='word_1_196' title='bbox 613 3122 669 3182; x_wconf 82' lang='lat'>263</span> <span class='ocrx_word' id='word_1_197' title='bbox 684 3146 690 3180; x_wconf 93' lang='lat'><strong>:</strong></span> 
     </span>
    </p>
   </div>
   <div class='ocr_carea' id='block_1_8' title="bbox 304 3272 828 3386">
    <p class='ocr_par' dir='ltr' id='par_1_10' title="bbox 304 3272 828 3386">
     <span class='ocr_line' id='line_1_27' title="bbox 304 3272 828 3334; baseline 0.004 -19"><span class='ocrx_word' id='word_1_198' title='bbox 304 3303 401 3318; x_wconf 89' lang='grc'>......</span> <span class='ocrx_word' id='word_1_199' title='bbox 412 3273 460 3317; x_wconf 84' lang='lat' dir='ltr'>Nec</span> <span class='ocrx_word' id='word_1_200' title='bbox 469 3288 532 3318; x_wconf 89' lang='lat' dir='ltr'>nunc</span> <span class='ocrx_word' id='word_1_201' title='bbox 541 3289 614 3334; x_wconf 82' lang='lat' dir='ltr'>quum</span> <span class='ocrx_word' id='word_1_202' title='bbox 626 3289 662 3320; x_wconf 84' lang='lat' dir='ltr'>me</span> <span class='ocrx_word' id='word_1_203' title='bbox 673 3286 754 3329; x_wconf 84' lang='lat' dir='ltr'>vocet,</span> <span class='ocrx_word' id='word_1_204' title='bbox 768 3272 828 3319; x_wconf 84' lang='lat' dir='ltr'>ultro</span> 
     </span>
     <span class='ocr_line' id='line_1_28' title="bbox 304 3339 436 3386; baseline 0.015 -2"><span class='ocrx_word' id='word_1_205' title='bbox 304 3339 436 3386; x_wconf 76' lang='lat' dir='ltr'>Accedam?</span> 
     </span>
    </p>
   </div>
   <div class='ocr_carea' id='block_1_9' title="bbox 119 3469 1169 3748">
    <p class='ocr_par' dir='ltr' id='par_1_11' title="bbox 119 3469 1169 3748">
     <span class='ocr_line' id='line_1_29' title="bbox 162 3469 1169 3552; baseline -0.001 -23"><span class='ocrx_word' id='word_1_206' title='bbox 162 3474 225 3552; x_wconf 67' lang='lat'>174.</span> <span class='ocrx_word' id='word_1_207' title='bbox 241 3471 313 3545; x_wconf 84' lang='lat' dir='ltr'>llic,</span> <span class='ocrx_word' id='word_1_208' title='bbox 327 3469 388 3546; x_wconf 82' lang='lat' dir='ltr'>tic,</span> <span class='ocrx_word' id='word_1_209' title='bbox 400 3491 485 3552; x_wconf 85' lang='lat' dir='ltr'>quem</span> <span class='ocrx_word' id='word_1_210' title='bbox 496 3473 666 3551; x_wconf 74' lang='lat' dir='ltr'>querimus,</span> <span class='ocrx_word' id='word_1_211' title='bbox 678 3469 725 3531; x_wconf 81' lang='lat' dir='ltr'>liic</span> <span class='ocrx_word' id='word_1_212' title='bbox 736 3482 784 3530; x_wconf 87' lang='lat' dir='ltr'>est.</span> <span class='ocrx_word' id='word_1_213' title='bbox 795 3469 983 3529; x_wconf 90' lang='lat' dir='ltr'>-Omnino</span> <span class='ocrx_word' id='word_1_214' title='bbox 994 3469 1091 3529; x_wconf 83' lang='lat' dir='ltr'>alium</span> <span class='ocrx_word' id='word_1_215' title='bbox 1105 3471 1169 3528; x_wconf 88' lang='lat' dir='ltr'>llo·</span> 
     </span>
     <span class='ocr_line' id='line_1_30' title="bbox 119 3566 1169 3651; baseline -0.002 -24"><span class='ocrx_word' id='word_1_216' title='bbox 119 3570 187 3628; x_wconf 81' lang='lat' dir='ltr'>ratii</span> <span class='ocrx_word' id='word_1_217' title='bbox 203 3569 307 3629; x_wconf 91' lang='lat' dir='ltr'>locum</span> <span class='ocrx_word' id='word_1_218' title='bbox 318 3571 448 3651; x_wconf 84' lang='lat' dir='ltr'>respexit</span> <span class='ocrx_word' id='word_1_219' title='bbox 464 3590 498 3628; x_wconf 86' lang='lat' dir='ltr'>ex</span> <span class='ocrx_word' id='word_1_220' title='bbox 513 3569 652 3650; x_wconf 85' lang='lat' dir='ltr'>Epistola</span> <span class='ocrx_word' id='word_1_221' title='bbox 666 3569 704 3636; x_wconf 76' lang='lat' dir='ltr'>sd</span> <span class='ocrx_word' id='word_1_222' title='bbox 718 3570 869 3644; x_wconf 85' lang='lat' dir='ltr'>Seaevem,</span> <span class='ocrx_word' id='word_1_223' title='bbox 882 3567 964 3627; x_wconf 90' lang='lat' dir='ltr'>libro</span> <span class='ocrx_word' id='word_1_224' title='bbox 981 3567 1098 3650; x_wconf 89' lang='lat' dir='ltr'>primo;</span> <span class='ocrx_word' id='word_1_225' title='bbox 1116 3566 1169 3626; x_wconf 93' lang='lat' dir='ltr'>ubi</span> 
     </span>
     <span class='ocr_line' id='line_1_31' title="bbox 119 3665 783 3748; baseline 0 -24"><span class='ocrx_word' id='word_1_226' title='bbox 119 3665 288 3748; x_wconf 86' lang='lat' dir='ltr'>disputatio</span> <span class='ocrx_word' id='word_1_227' title='bbox 305 3687 371 3727; x_wconf 92' lang='lat' dir='ltr'>non</span> <span class='ocrx_word' id='word_1_228' title='bbox 384 3665 540 3726; x_wconf 86' lang='lat' dir='ltr'>dissimilis</span> <span class='ocrx_word' id='word_1_229' title='bbox 555 3667 597 3726; x_wconf 87' lang='lat' dir='ltr'>ita</span> <span class='ocrx_word' id='word_1_230' title='bbox 610 3666 783 3728; x_wconf 79' lang='lat' dir='ltr'>clauditur:</span> 
     </span>
    </p>
   </div>
   <div class='ocr_carea' id='block_1_10' title="bbox 303 3827 785 3962">
    <p class='ocr_par' dir='ltr' id='par_1_12' title="bbox 303 3827 785 3962">
     <span class='ocr_line' id='line_1_32' title="bbox 303 3827 785 3962; baseline 0 -20"><span class='ocrx_word' id='word_1_231' title='bbox 303 3859 348 3943; x_wconf 87' lang='lat' dir='ltr'>lllc</span> <span class='ocrx_word' id='word_1_232' title='bbox 357 3827 566 3960; x_wconf 65' lang='lat' dir='ltr'>esladllllrlqosm</span> <span class='ocrx_word' id='word_1_233' title='bbox 577 3896 643 3961; x_wconf 87' lang='lat' dir='ltr'>quod</span> <span class='ocrx_word' id='word_1_234' title='bbox 653 3897 785 3962; x_wconf 67' lang='lat' dir='ltr'>querimus.</span> 
     </span>
    </p>
   </div>
   <div class='ocr_carea' id='block_1_11' title="bbox 116 4035 1170 4220">
    <p class='ocr_par' dir='ltr' id='par_1_13' title="bbox 116 4035 1170 4220">
     <span class='ocr_line' id='line_1_33' title="bbox 117 4035 1165 4120; baseline -0.005 -21"><span class='ocrx_word' id='word_1_235' title='bbox 117 4037 174 4099; x_wconf 90' lang='lat' dir='ltr'>Sed</span> <span class='ocrx_word' id='word_1_236' title='bbox 186 4039 267 4120; x_wconf 81' lang='lat' dir='ltr'>apud</span> <span class='ocrx_word' id='word_1_237' title='bbox 280 4042 420 4100; x_wconf 90' lang='lat' dir='ltr'>Persium</span> <span class='ocrx_word' id='word_1_238' title='bbox 435 4061 499 4100; x_wconf 92' lang='lat' dir='ltr'>non</span> <span class='ocrx_word' id='word_1_239' title='bbox 515 4055 686 4101; x_wconf 85' lang='lat' dir='ltr'>necesseest</span> <span class='ocrx_word' id='word_1_240' title='bbox 696 4039 826 4100; x_wconf 87' lang='lat' dir='ltr'>scribere</span> <span class='ocrx_word' id='word_1_241' title='bbox 841 4038 906 4116; x_wconf 81' lang='lat' dir='ltr'>liic,</span> <span class='ocrx_word' id='word_1_242' title='bbox 922 4041 1018 4097; x_wconf 87' lang='lat' dir='ltr'>immo</span> <span class='ocrx_word' id='word_1_243' title='bbox 1034 4035 1165 4096; x_wconf 85' lang='lat' dir='ltr'>alterum</span> 
     </span>
     <span class='ocr_line' id='line_1_34' title="bbox 116 4133 1170 4220; baseline -0.002 -24"><span class='ocrx_word' id='word_1_244' title='bbox 116 4151 160 4197; x_wconf 86' lang='lat' dir='ltr'>est</span> <span class='ocrx_word' id='word_1_245' title='bbox 172 4151 310 4214; x_wconf 77' lang='lat' dir='ltr'>rectnm3</span> <span class='ocrx_word' id='word_1_246' title='bbox 325 4141 357 4199; x_wconf 92' lang='lat' dir='ltr'>in</span> <span class='ocrx_word' id='word_1_247' title='bbox 369 4141 516 4202; x_wconf 88' lang='lat' dir='ltr'>omnibus</span> <span class='ocrx_word' id='word_1_248' title='bbox 529 4141 625 4202; x_wconf 85' lang='lat' dir='ltr'>Persii</span> <span class='ocrx_word' id='word_1_249' title='bbox 642 4140 865 4201; x_wconf 81' lang='lat' dir='ltr'>imitationibus</span> <span class='ocrx_word' id='word_1_250' title='bbox 879 4149 966 4220; x_wconf 85' lang='lat' dir='ltr'>paret</span> <span class='ocrx_word' id='word_1_251' title='bbox 980 4156 1099 4218; x_wconf 86' lang='lat' dir='ltr'>semper</span> <span class='ocrx_word' id='word_1_252' title='bbox 1113 4133 1170 4195; x_wconf 79' lang='lat' dir='ltr'>sli-</span> 
     </span>
    </p>
   </div>
   <div class='ocr_carea' id='block_1_12' title="bbox 0 0 1573 4934">
    <p class='ocr_par' dir='ltr' id='par_1_14' title="bbox 0 0 1573 4934">
     <span class='ocr_line' id='line_1_35' title="bbox 0 0 1573 4934; baseline 0 0"><span class='ocrx_word' id='word_1_253' title='bbox 0 0 1573 4934; x_wconf 95' lang='lat' dir='ltr'> </span> 
     </span>
    </p>
   </div>
  </div>
 </body>
</html>
