3148 4950
365 483 430 548 sss
459 417 464 438 ¹
554 481 615 544 nu
638 478 731 544 sur.
759 476 963 556 uucuu,
991 477 1210 556 uonnrn,

364 609 536 684 verietate,
551 604 657 694 gratie
674 625 715 676 sc
735 603 896 683 novitate,
920 603 1092 693 ingenioso
1113 626 1334 694 personarum
1347 605 1403 674 de·

362 717 453 786 lectu
467 732 501 784 et
518 716 640 805 insigni
652 735 768 786 earum
784 711 950 804 cogitandi
966 710 1191 805 loquendique
1203 716 1405 806 proprietate

362 827 501 898 mirifice
519 824 664 894 delectet
675 833 696 892 ¹.
714 822 884 892 luvenalis
899 825 1019 914 saepius
1043 822 1192 894 docentis
1212 841 1271 890 eut
1294 823 1404 894 decla-

362 939 484 1008 mantis
499 952 608 1030 portes
623 937 782 1014 sustinet,
796 957 898 1027 quum
912 932 994 1000 alins
1009 933 1239 1028 colloquentes
1255 934 1402 1026 inducit:

363 1047 465 1141 hujus
484 1066 597 1118 tumen
616 1049 695 1116 artis
717 1047 906 1114 Horatiano·
922 1044 1091 1112 delectum
1111 1065 1308 1138 compensat
1327 1051 1403 1116 vivi·

363 1159 539 1228 dierorum
554 1156 769 1248 imaginibus,
786 1157 1026 1225 sententiarum
1044 1158 1182 1224 veritate
1198 1171 1232 1222 et
1244 1140 1405 1249 gravitate

363 1267 583 1362 dictionisque
596 1268 809 1360 proprietate.
825 1305 872 1317 -
883 1265 933 1334 Ab
947 1264 1064 1332 iisdem
1079 1268 1202 1357 poetis,
1219 1266 1279 1334 sed
1292 1293 1313 1334 e
1330 1273 1404 1334 Per·

362 1381 412 1448 sin
424 1395 457 1446 et
469 1377 633 1450 iuvenile
647 1377 783 1468 saepius,
804 1399 906 1469 quarn
927 1374 969 1444 ab
986 1377 1140 1459 Horatio,
1161 1373 1275 1444 induci
1296 1375 1405 1444 solent

362 1489 562 1571 adversarii,
585 1512 628 1557 ne
653 1487 730 1556 licto
752 1486 889 1580 quidem
911 1490 1045 1554 nomine
1066 1489 1221 1578 insigniti.
1242 1493 1325 1574 Quae
1349 1512 1404 1554 crs

363 1624 433 1669 non
444 1616 513 1682 eet,
526 1598 618 1693 quod
638 1597 734 1666 nobis
745 1596 938 1692 displiceat:
956 1621 1035 1674 unm
1049 1598 1223 1692 pulchrior
1235 1615 1285 1666 est
1295 1602 1404 1691 inungo

362 1729 397 1780 et
416 1712 600 1792 efficacior,
621 1734 696 1804 quae
718 1711 870 1804 personis
893 1712 1071 1782 enituntur.
1095 1712 1275 1787 Enimuero
1300 1711 1403 1777 multu

362 1837 547 1890 occurrunt
563 1820 638 1888 loce
658 1823 692 1888 in
713 1820 834 1913 quibus
848 1844 917 1889 non
933 1823 1012 1891 sutis
1030 1819 1227 1898 manifestus
1239 1837 1289 1888 est
1307 1821 1407 1888 dialo

364 1957 443 2024 gite,
457 1948 491 2000 et
511 1934 545 2000 iu
566 1929 668 1998 dubio
689 1934 855 2024 positum,
879 1947 993 2030 utrum
1007 1929 1124 2010 verba,
1141 1953 1216 2024 quae
1231 1929 1403 2022 leguntur,

364 2045 431 2110 sint
446 2040 629 2108 ¹adversarii
651 2039 779 2135 aliquid
796 2043 1015 2132 opponentis,
1029 2063 1074 2109 sn
1089 2056 1197 2132 poetae
1216 2043 1340 2110 ironice
1360 2039 1407 2108 lo

364 2154 509 2247 quentis.

409 2261 509 2348 Quod
528 2259 571 2330 ad
590 2258 750 2353 epistolas
771 2263 907 2342 attinet,
929 2262 1119 2336 Horatisnae
1138 2263 1283 2332 maxime
1300 2259 1406 2328 excel-

363 2373 439 2440 lunt
461 2373 664 2454 urbanitate,
687 2375 876 2465 argumenti
897 2373 1090 2464 prestantis
1114 2389 1147 2438 et
1171 2374 1294 2443 eximin
1317 2390 1404 2454 arte,

363 2508 431 2579 qua
452 2484 586 2553 eosdem
607 2507 695 2577 stepo
714 2509 767 2552 res
787 2486 876 2552 vorin
899 2486 1026 2554 ratione
1047 2499 1180 2564 motet,
1201 2482 1343 2553 lectores
1361 2483 1405 2550 di-

363 2596 468 2662 rersis
479 2592 677 2662 excursibus
689 2590 1044 2685 observationibusque
1060 2589 1112 2664 vel
1125 2589 1270 2659 delectat
1284 2590 1334 2658 vel
1351 2589 1406 2658 do-

363 2722 431 2786 cet,
444 2703 525 2772 utile
542 2701 632 2770 dulci
652 2705 811 2782 miscens,
831 2723 951 2772 sensus
967 2723 1047 2773 suos
1068 2705 1138 2770 sive
1156 2705 1277 2770 tectius
1290 2725 1406 2792 expro-

364 2819 424 2882 mit
449 2819 519 2882 sive
541 2814 697 2891 liberius,
719 2829 753 2880 et
777 2835 850 2889 eos,
874 2811 918 2880 ud
943 2835 1030 2906 quos
1054 2813 1184 2894 scribit,
1213 2811 1326 2880 laudet
1350 2811 1404 2880 vel

364 2928 486 3017 carpit,
501 2942 535 2991 et
549 2923 703 2992 hortatur
717 2920 770 2989 vel
786 2919 991 2992 dehortatur.
1008 2921 1100 2992 ldein
1117 2926 1273 2990 Horatius
1287 2926 1405 2990 sauros

363 3147 430 3238 psit
450 3147 542 3224 viris,
560 3146 690 3210 Persius
712 3158 747 3210 et
766 3141 939 3212 luvenalis
960 3145 1083 3233 ignotis
1103 3143 1173 3210 fere
1192 3158 1226 3210 et
1243 3143 1403 3216 obscuris.

363 3255 448 3324 lllud
462 3253 643 3348 plurimum
655 3255 732 3322 facit
744 3255 786 3324 ad
797 3253 898 3325 fidem
910 3258 1186 3334 etauctoritatem
1198 3255 1404 3348 augendum:

365 3365 428 3433 hoc
449 3388 528 3432 vero
549 3383 738 3456 temporum
761 3363 943 3433 diversitati
964 3362 1181 3432 tribuendum
1203 3381 1269 3445 est,
1295 3387 1406 3457 neque

364 3478 470 3570 puetis
482 3477 561 3543 vitio
574 3475 734 3545 dandum.
749 3473 846 3542 Multi
862 3489 1021 3565 praeterea
1032 3474 1200 3558 homines,
1213 3475 1406 3542 nominibus

363 3601 494 3652 tautum
513 3588 599 3661 noti,
613 3609 797 3678 eorumque
813 3583 951 3652 stultitia
966 3603 1025 3650 aut
1038 3583 1211 3676 turpitudo
1225 3610 1245 3652 a
1259 3588 1408 3652 triumvi-

363 3696 409 3762 ris
426 3693 489 3763 illis
502 3719 570 3763 uno
584 3695 653 3762 fere
665 3693 835 3788 alteroque
848 3694 966 3775 verbo,
981 3695 1173 3764 eluvenale
1186 3719 1265 3763 vero
1280 3698 1407 3788 passim

364 3809 530 3900 copiosius
547 3809 715 3876 notantur.
727 3810 798 3878 Huc
815 3809 941 3874 ratione
950 3827 1195 3901 nonnunquam
1210 3811 1259 3876 vis
1274 3809 1408 3876 satirica

364 3919 542 3999 minuitur;
566 3916 623 3984 ille
634 3914 779 3987 tenebrae
796 3915 910 4020 multis
926 3915 1144 3987 obducuntur
1158 3918 1256 4002 locis,
1273 3918 1316 3991 ed
1328 3941 1408 4012 quo-
1446 3900 1451 3907 ¹

365 4051 440 4094 rum
458 4029 656 4094 sententium
673 4028 805 4120 penitus
824 4025 1091 4120 perspiciendam
1103 4027 1288 4119 plurimum
1306 4028 1408 4096 refert
1430 4083 1433 4086 .

403 4179 424 4214 t.
439 4162 563 4216 Wleland
575 4163 609 4216 ed
618 4166 709 4216 Horat.
719 4163 772 4217 Sat.
783 4165 820 4230 11,
831 4181 860 4229 α,
876 4165 906 4227 3,
918 4162 934 4229 4
947 4176 973 4215 et
985 4165 1009 4218 5.
