2986 4924
379 445 430 508 IN
454 443 666 510 SATIRAM
690 445 932 528 QUINTAM.
1116 469 1189 536 ²17,

131 583 225 622 veruna
236 583 296 620 esee
304 577 332 620 et
341 565 439 638 Koenig
449 580 475 618 et
488 569 545 638 ipsa
556 569 626 620 ratio
636 567 699 620 satie
709 567 903 638 comprobant,
917 577 1038 622 nostrum
1050 567 1118 622 fallit
1130 571 1183 624 Ca·

132 647 285 700 awanam
294 648 340 718 qui
347 645 412 700 dicit
420 669 443 698 :s
452 646 583 700 Paulatim
591 665 697 718 semper
705 648 755 700 erit
764 647 813 699 tibi
820 660 881 702 aetas
891 649 1031 722 grandior,
1040 662 1066 702 et
1072 654 1182 723 propius

131 724 168 779 ad
178 740 278 780 metam
294 724 414 780 accedes.
426 749 438 775 s

166 849 236 901 ator.
252 866 295 918 70.
305 851 392 916 Nom,
405 851 523 922 quamuis
531 867 614 923 prope
627 861 663 916 te,
674 849 793 922 quemvis
808 862 909 903 temone
921 852 968 904 sab
983 860 1045 904 uno.
1058 853 1182 920 -Quod

131 927 317 997 superioribus
338 929 456 982 versibus
479 928 552 981 dedit
574 929 792 1002 intelligendum,
813 949 885 983 nunc
908 934 1002 1003 repetit
1025 947 1051 984 et
1071 933 1184 988 illustrat

131 1011 335 1080 comparatione
348 1007 444 1062 audaci
458 1021 485 1061 et
503 1008 587 1075 clara,
603 1011 695 1081 quales
710 1024 772 1063 sunt
789 1011 939 1064 Stoicorum
951 1024 978 1064 et
992 1009 1075 1065 nostri
1088 1028 1181 1086 poeta.

130 1089 193 1139 Haec
210 1101 252 1141 est
264 1091 430 1159 comparatio
444 1089 564 1140 instituta
576 1091 643 1141 iuter
657 1088 811 1142 hesternum
827 1088 897 1142 diem
915 1093 959 1163 qai
971 1093 1099 1163 contingit
1112 1113 1182 1147 aun-

130 1185 212 1238 quam
222 1171 384 1235 crastinum,
397 1181 423 1221 et
434 1181 521 1221 rotam
532 1170 688 1241 posterioris
700 1173 756 1222 axis
767 1172 795 1221 in
806 1186 900 1234 cuna,
910 1189 967 1242 quse
978 1174 1106 1244 contingit
1117 1193 1183 1228 nun·

129 1265 214 1321 quam
234 1262 321 1301 rotam
344 1247 546 1301 antecedentem
567 1250 661 1320 prioris
682 1251 750 1314 axis,
772 1253 892 1323 quamvis
910 1253 1030 1321 proxima
1048 1257 1097 1316 sit;
1118 1254 1181 1321 sed,

129 1347 184 1400 qno
205 1331 289 1399 magis
308 1327 407 1382 babeat
426 1331 512 1381 oratio
531 1329 721 1400 singularitatis
736 1348 767 1382 ac
781 1329 967 1403 roboris,ipse
978 1331 1077 1385 dicitur
1092 1336 1182 1389 Persio

127 1412 344 1481 procrastinatae
360 1426 417 1462 esee
436 1421 493 1462 rota
508 1411 649 1480 posterior,
670 1429 727 1482 quse
747 1429 829 1484 prope
849 1428 878 1463 se
898 1423 925 1464 et
942 1413 988 1466 sul
1006 1433 1060 1468 ano
1080 1427 1182 1470 ternaria

128 1503 280 1541 currentem
293 1501 381 1540 rotam
397 1489 599 1541 antecedentem
612 1491 782 1561 insequatur,
794 1509 883 1563 neque
894 1511 1011 1566 unquam
1028 1497 1182 1566 continflere

126 1569 223 1638 poesia
236 1569 368 1621 Craterum
379 1568 466 1619 forma
480 1569 688 1640 comparationis
697 1568 857 1622 viridissima
871 1571 996 1624 uon'sola
1007 1574 1111 1626 videtur
1123 1593 1182 1630 esse

127 1648 228 1714 Persii,
247 1665 339 1700 veram
355 1659 381 1698 et
400 1648 457 1719 ipsa
478 1649 659 1720 comparatio,
676 1666 757 1719 quaen
774 1647 840 1700 nulli
851 1662 921 1702 ante
938 1663 1059 1707 nostrum
1079 1657 1182 1708 auctori

126 1727 228 1780 retem
239 1727 597 1799 possamus.--Temonesub
609 1746 662 1780 uno
668 1748 678 1790 ,·
690 1727 759 1781 dnos
773 1730 844 1780 enim
857 1747 919 1784 axes
930 1750 998 1786 unus
1004 1735 1094 1805 jungit
1103 1743 1180 1786 terno.

160 1864 232 1914 Noa.
245 1878 288 1932 71.
304 1861 333 1917 V
329 1872 452 1914 merrtem
466 1880 517 1916 sese
524 1862 628 1933 frustra
642 1852 766 1916 sectabere
777 1863 911 1917 canthum.
928 1869 1026 1920 -Pro
1037 1879 1180 1920 currentem

125 1939 192 1993 dixit
208 1941 313 1994 felicius
327 1951 467 1994 vertentem
484 1961 544 1996 sese.
560 1972 597 1983 -
611 1944 714 1995 Frustra
724 1941 850 1996 sectabere
855 1967 864 2007 ,·
884 1959 926 2009 est
938 1961 1129 2020 onomatopaea.
1144 1979 1181 1989 -

127 2019 280 2082 Cantium
294 2019 450 2088 Quintilian.
469 2019 514 2073 lib.
535 2024 554 2074 l.
570 2023 633 2074 last.
650 2025 723 2076 Orat.
743 2041 803 2097 cap.
817 2023 852 2076 5:
866 2048 878 2072 ι
888 2026 1082 2080 barbarismum
1096 2027 1181 2100 pluri-

127 2097 179 2150 bus
193 2098 280 2150 modis
293 2101 455 2172 accipimus,
470 2118 552 2153 unum
564 2114 661 2172 gente,
677 2101 754 2172 quale
766 2104 859 2175 siquis
871 2105 964 2157 Afrum
977 2106 1018 2158 sel
1032 2109 1180 2179 Hispanum

128 2178 226 2242 Latine
245 2181 361 2231 orationi
375 2198 472 2232 nomen
487 2183 601 2248 inserat,
618 2193 647 2232 ut
658 2181 773 2249 ferram,
791 2203 845 2254 quo
864 2198 930 2237 rotae
946 2187 1111 2256 vinciuntur,
1126 2185 1180 2240 dici

127 2259 196 2311 solet
206 2260 320 2313 canthus
326 2299 336 2327 ,
348 2278 504 2332 quanquam
515 2279 564 2329 eo,
577 2274 705 2334 tanquam
716 2276 824 2335 recepto
835 2267 917 2317 utitur
925 2266 1037 2320 Persius.
1048 2290 1060 2316 s

160 2391 230 2445 Nor.
252 2409 296 2462 7²·
317 2392 402 2462 Quum
419 2404 477 2445 roto
487 2395 614 2465 posterior
626 2411 713 2446 cunas
724 2403 749 2444 et
760 2393 788 2445 ire
801 2412 850 2445 axe
865 2395 984 2448 secundo
997 2425 1033 2436 -
1048 2367 1178 2450 audacii-

127 2471 191 2524 sima
204 2484 245 2524 est
258 2471 362 2524 locutio
374 2483 533 2526 cancerata
550 2474 678 2546 posterior
695 2482 761 2539 etc.,
783 2486 811 2525 ut
829 2476 885 2544 jam
908 2476 1069 2529 monuimus.
1089 2476 1178 2530 Citant

127 2552 288 2624 interpretes
299 2551 350 2606 hos
363 2553 392 2604 C.
405 2553 536 2625 Symposii
548 2555 677 2608 venusin
689 2555 852 2624 AEniqmate,
865 2555 998 2619 Lxxvu;

314 2663 425 2716 Quattuor
433 2660 525 2718 equales
535 2670 626 2705 currunt
635 2675 661 2705 ex
671 2673 717 2706 arte
726 2675 824 2717 sorores,

315 2728 351 2772 Sic
363 2729 426 2784 qnasi
435 2739 555 2781 certantes,
566 2743 636 2784 quum
646 2730 746 2774 sitiebas
755 2731 859 2773 omnibns
868 2743 937 2788 unas,

314 2795 340 2836 lit
348 2809 416 2852 prope
425 2805 478 2840 suat
486 2796 581 2853 pariter,
591 2810 631 2840 nec
641 2811 663 2840 ee
673 2797 799 2853 contingere
808 2806 907 2855 poseant.

127 2885 275 2946 Contenin
291 2885 384 2937 eadem
399 2889 546 2956 sententia,
564 2889 657 2940 Horat.
672 2888 783 2959 Epistol.
799 2889 826 2954 l,
846 2906 877 2956 a,
893 2889 924 2957 lt
944 2909 984 2963 eq.
1000 2888 1077 2944 Oeid.
1092 2889 1178 2942 Meta-

124 2965 229 3037 morpls.
242 2965 306 3032 XV,
324 2983 443 3039 179eqq.

155 3087 217 3136 Vae.
231 3087 272 3151 73.
284 3086 398 3134 Libertate
408 3103 466 3151 opus
474 3096 521 3146 est,
536 3104 582 3134 non
593 3087 635 3135 boc
643 3105 713 3152 quom
724 3097 750 3135 ut
762 3089 857 3154 quisque
868 3087 959 3134 Velina.
969 3113 999 3126 -
1009 3088 1088 3137 Edunt
1099 3087 1175 3146 tota,

125 3155 198 3212 8055.
214 3159 279 3222 8070
292 3161 367 3206 MMS.
386 3159 483 3205 Codices
495 3175 501 3204 ι
511 3175 557 3204 non
568 3157 611 3206 ltoc
622 3169 648 3206 ut
656 3163 753 3226 quisque
767 3158 851 3206 Velina
855 3179 865 3217 ;
874 3175 1000 3223 suppressa
1015 3176 1099 3225 quam,
1110 3161 1176 3226 quod

125 3239 201 3274 umen
214 3229 374 3275 necessariam
388 3227 482 3275 videtur
491 3228 521 3274 ad
533 3231 742 3287 constructionem,
754 3245 832 3292 neque
846 3244 903 3275 vero
912 3231 1007 3276 omnino
1019 3231 1176 3276 neceesarium

125 3309 172 3344 est:
186 3299 308 3362 Siquidem
321 3301 417 3345 emeruit
428 3298 466 3346 rel
481 3301 560 3362 potius
576 3303 683 3348 emeritus
698 3311 732 3347 est
747 3301 793 3348 alio
809 3317 879 3348 sensu
896 3302 983 3363 acceipi
999 3313 1075 3366 potest
1090 3316 1117 3348 ee
1132 3317 1175 3364 ega

124 3371 214 3431 accepi,
227 3370 338 3416 restituto
349 3371 374 3415 in
388 3385 457 3417 versu
466 3387 543 3436 quom.
555 3370 615 3434 8273
630 3373 678 3419 edit
690 3387 735 3418 non
746 3370 797 3430 boc,
811 3387 857 3436 qua
868 3375 997 3438 utqur’eque
1011 3370 1108 3429 Velinog
1123 3388 1175 3437 quae
1208 3417 1210 3422 .

122 3437 191 3488 lectio
204 3453 230 3486 et
243 3443 295 3504 ipsa
304 3440 398 3504 probari
410 3453 496 3505 potest.
505 3467 538 3479 -
548 3445 634 3505 Recepi
646 3459 727 3508 quom,
746 3444 801 3506 qnia
814 3446 923 3491 convenit
935 3445 1008 3506 magis
1020 3444 1051 3492 ed
1063 3455 1174 3492 consau-

122 3513 224 3560 ctionem
234 3527 290 3560 cam
301 3515 409 3571 mersit,
421 3525 444 3560 et
454 3514 479 3561 ia
488 3515 562 3561 MMS.
574 3515 714 3579 quibusdam
724 3514 818 3578 legitur.

156 3638 226 3692 Noa.
248 3635 292 3706 73.
310 3637 439 3691 Libertate
458 3657 523 3710 opat
536 3651 588 3704 est,
607 3659 660 3693 non
676 3635 740 3708 boc,
759 3659 837 3713 qaam
854 3641 1007 3716 utquisque
1025 3640 1174 3696 Velina.-

123 3713 240 3768 Alteram
253 3734 326 3767 nunc
338 3718 444 3788 attingit
460 3732 562 3790 partera
575 3721 677 3792 operis,
696 3723 882 3774 tractationem
895 3739 990 3793 nempe
1005 3724 1082 3776 stoici
1097 3740 1174 3793 para-

124 3795 182 3847 doxi
194 3797 235 3848 De
245 3797 385 3850 libertate.
395 3826 431 3836 -
441 3799 568 3852 Libertate
580 3819 645 3872 opus
656 3813 708 3864 est,·
720 3799 821 3853 scilicet
830 3800 932 3853 bonurn
942 3800 1008 3853 illud
1021 3814 1061 3853 est
1071 3801 1173 3853 homini

126 3877 231 3926 omnino
243 3877 441 3942 necessarium,
460 3878 534 3950 quod
545 3882 625 3932 vitam
638 3881 718 3933 faciet
729 3881 849 3946 vitalem,
863 3881 935 3953 quod
947 3881 997 3935 sibi
1011 3881 1102 3934 deesse
1117 3882 1172 3932 Ro-

126 3957 192 4006 raani
204 3957 261 4026 ejus
275 3958 358 4008 aetatis
372 3960 487 4012 maxime
498 3959 633 4014 dolebant.
651 3965 686 4014 At
696 3964 801 4015 Persius
816 3961 895 4014 docet
904 3962 984 4015 aliam
997 3979 1053 4014 esee
1064 3960 1172 4012 liberta-

128 4043 175 4086 tem
189 4052 220 4086 ac
232 4035 337 4089 civilem
353 4048 434 4110 atque
449 4058 622 4112 corpoream,
636 4061 731 4115 nempe
748 4041 892 4096 libertatem
907 4043 1003 4107 animi,
1021 4058 1099 4111 quani
1119 4039 1171 4093 sibi

129 4111 181 4181 ipae
194 4115 298 4185 sapiens
313 4115 450 4188 provideat
463 4131 489 4171 et
506 4133 651 4192 comparet.
669 4121 711 4174 sic
723 4135 803 4193 poeta
814 4123 908 4175 amissa
925 4117 1062 4192 republica
1074 4135 1171 4172 conso·
