3026 4944
362 425 404 492 36
532 419 686 484 VARIAE
709 415 979 482 LECTIONES
1002 415 1064 479 ET
1087 414 1223 480 NOTAE

396 552 462 602 Nor.
472 547 513 600 ab.
521 541 702 617 Atpulcltrum
712 553 748 595 est
756 541 836 615 dtqtso
846 542 984 593 monstrari
987 578 997 606 ,
1007 539 1135 593 etdicier:
1145 539 1189 592 hie
1197 542 1400 596 esti—Tectur

360 651 389 686 se
398 630 478 682 Persii
487 626 649 679 adversarius
661 625 794 674 communi
803 640 891 673 amore
902 620 995 672 laudis.
1009 649 1045 660 —
1058 621 1200 673 Monstrat-i
1210 620 1307 696 dipito,
1316 640 1401 693 grece

359 704 614 761 transsumimus
627 703 692 769 Que
704 699 803 751 locutio
813 698 883 770 apud
895 717 944 750 nos
955 697 1069 750 dedecus
1081 697 1215 768 designat,
1227 696 1319 750 eadem
1329 699 1401 772 apud

358 792 481 860 antiquos
494 783 586 838 laudes
601 795 627 834 et
645 779 733 832 decus.
756 778 822 831 Plin.
839 779 922 849 Epist.
941 778 1018 842 XXI,
1039 776 1084 828 lib.
1102 778 1133 843 6,
1154 777 1265 848 loquens
1286 779 1320 830 de
1341 781 1401 832 vtr-

357 871 428 940 3inio
440 867 574 927 Romano,
586 858 651 912 dicit
661 877 734 923 eum,
746 874 853 928 operum
868 856 990 906 varietate
1001 853 1203 908 monstrubilem.
1216 885 1249 895 -
1259 855 1294 906 Et
1303 856 1399 908 dicier.-

359 947 460 998 bieest.
474 940 648 1012 Frequentior
663 936 707 988 illa
725 933 796 1006 apud
813 935 909 986 latinos
926 933 1046 985 locutio:
1070 934 1113 984 ltic
1134 931 1178 984 itte
1196 944 1238 986 est.
1257 935 1330 987 Hanc
1348 954 1400 1006 pro

358 1031 432 1098 signo
450 1027 524 1076 lamae
541 1021 630 1092 posuit
640 1011 755 1068 Persius.
771 1009 846 1070 Odere
863 1013 945 1069 ι’κιῒνος
955 1015 1064 1066 Lucian.
1077 1014 1167 1095 Semo.
1180 1027 1243 1065 torn.
1259 1015 1284 1081 Ι,
1295 1033 1354 1087 cap.
1370 1031 1401 1082 2,

358 1105 400 1158 ed.
411 1105 479 1157 Reiz.
500 1099 577 1152 conf.
593 1098 674 1149 Cicer.
685 1093 795 1146 Tuscul.
811 1091 856 1144 lib.
869 1093 901 1142 V.

388 1284 448 1328 Vsu.
460 1294 497 1341 ²9.
513 1277 568 1325 Yen'
575 1279 709 1323 cirratorum
718 1280 807 1319 centum
818 1271 983 1335 dictotefur'sse
994 1271 1039 1316 Pro
1049 1267 1117 1316 mltilo
1124 1270 1228 1333 pendes?
1238 1295 1270 1305 -
1280 1271 1359 1317 Utrius
1371 1285 1402 1316 ea

356 1351 492 1404 verbatim,
500 1347 652 1394 monitorisne
661 1378 667 1400 ,
675 1359 705 1388 an
713 1343 797 1397 Persii,
805 1356 853 1388 non
860 1341 914 1387 satis
921 1339 994 1402 liquet
1001 1355 1043 1402 per
1049 1341 1122 1401 ipssrn
1130 1341 1271 1396 emtionem
1282 1355 1359 1403 neque
1369 1339 1401 1387 ad

356 1424 402 1470 boc
411 1423 539 1485 quidquam
547 1431 581 1466 eat
590 1418 647 1464 lucit
657 1418 680 1461 in
690 1417 765 1461 ttMS.
778 1413 905 1460 codicibus.
918 1415 1033 1458 Ceterum
1041 1426 1079 1457 res
1088 1409 1151 1456 baud
1160 1413 1191 1457 ita
1201 1415 1277 1475 magni
1287 1414 1401 1460 momenti

356 1507 402 1550 ⁶¹¹3
417 1493 583 1553 cujuscumque
596 1490 658 1536 enim
673 1503 701 1533 es
713 1486 783 1533 rerba
798 1486 857 1540 sint,
871 1485 963 1532 satirica
973 1484 1080 1545 prolecto
1097 1495 1158 1529 sunt.
1174 1485 1297 1546 Receptam
1312 1486 1402 1531 ceteris

356 1566 482 1614 editoribus
495 1564 621 1611 lectionem
635 1559 729 1614 admisi,
742 1560 794 1605 usui
806 1571 894 1604 merem
909 1569 1005 1617 perenn
1021 1553 1093 1601 altera
1106 1569 1163 1600 vero
1177 1556 1271 1602 minime
1283 1554 1338 1602 mibi
1351 1555 1401 1602 dis-

356 1636 449 1701 plicent.

390 1745 457 1794 Nor.
472 1757 518 1810 29,
530 1740 572 1792 30.
586 1738 646 1789 Ten’
656 1739 809 1789 cirratorum
818 1744 924 1786 centum
934 1731 1121 1802 dictatafur'sse
1130 1732 1182 1783 Pro
1193 1730 1277 1784 nihilo
1284 1736 1402 1804 pendas?

356 1853 393 1865 —
404 1821 466 1876 Ten’
477 1839 525 1894 pro
536 1832 616 1872 te-ne.
627 1815 762 1886 Ejusmodi
771 1815 845 1867 elisio
854 1816 910 1885 jam
920 1831 974 1865 non
985 1811 1064 1864 semel
1077 1815 1196 1883 superius
1206 1816 1293 1883 posita
1304 1829 1351 1866 est.
1363 1845 1401 1855 -

357 1905 530 1964 Cis-retortam,
548 1913 692 1969 puerorum
710 1893 854 1959 nobilium,
872 1911 887 1944 a
906 1892 978 1944 cinis
994 1909 1060 1962 quos
1084 1891 1234 1942 calamistro
1256 1892 1402 1946 studiosius

355 1980 489 2051 fingebant
501 1993 656 2046 magnorum
669 1972 810 2024 domorum
823 1970 1024 2023 adolescentuli.
1037 1969 1151 2021 Martial.
1164 1972 1238 2041 Epig.
1250 1972 1299 2037 lX,
1312 1973 1360 2037 30,
1373 1989 1400 2042 7.

359 2085 370 2109 ι
379 2062 477 2115 ctmsa
485 2069 588 2108 caterve
596 2055 720 2124 magistri.
730 2050 987 2122 s-Dictetafuisse,
998 2049 1156 2101 lectionibus
1163 2053 1190 2100 in
1197 2048 1261 2123 ludo
1269 2050 1402 2104 dictandis

355 2143 501 2195 inservisse.
516 2138 634 2204 Quaeres
648 2152 703 2185 non
715 2134 764 2184 nisi
775 2131 966 2204 probatissimis
981 2129 1133 2181 auctoribus
1146 2132 1314 2202 contingere,
1327 2134 1402 2186 ideo.

357 2239 409 2293 que
417 2213 514 2270 honori
526 2234 582 2268 esse
594 2213 693 2266 debuit.
708 2213 800 2281 ltaque
815 2213 841 2262 in
854 2207 947 2262 scholis
956 2209 1048 2260 dictari
1058 2223 1104 2260 aut
1114 2210 1178 2280 legi,
1188 2210 1319 2263 interdum
1331 2232 1403 2266 eam-

356 2299 482 2352 demvim
494 2294 575 2348 habet
587 2313 617 2346 ac
629 2296 697 2345 inter
711 2293 825 2362 optimos
840 2291 949 2342 censeri.
962 2289 1029 2340 Hinc
1041 2288 1119 2354 dixit,
1132 2307 1181 2362 pro
1194 2289 1278 2343 nitito
1291 2293 1399 2362 pendas.

356 2381 489 2432 Honorem
503 2395 564 2430 vero
577 2375 650 2426 illum
660 2373 701 2425 vel
714 2383 869 2444 corruptum
881 2369 937 2421 ludi
947 2371 1251 2440 magistrorumjudicio,
1263 2372 1303 2424 vel
1314 2393 1363 2446 per
1371 2393 1404 2428 se,

357 2457 501 2510 obscurum
512 2453 612 2507 fastidit
621 2456 675 2522 jam
686 2466 747 2504 ante
757 2451 873 2504 Persium
885 2451 1024 2515 Horatius,
1037 2451 1113 2503 Satir.
1127 2451 1166 2517 X,
1180 2451 1227 2522 73,
1240 2451 1285 2503 lib.
1302 2469 1327 2504 t:

613 2543 722 2596 ...Neque
731 2550 750 2584 te
758 2550 783 2583 ut
791 2539 884 2581 miretur
891 2539 956 2580 turbt
964 2537 1060 2592 labores,

556 2608 675 2650 Contentus
682 2605 756 2662 paucis
764 2603 887 2646 lectoribus.
897 2607 928 2646 ln
936 2613 972 2646 tua
980 2605 1070 2648 demens

555 2671 639 2714 Vilibus
645 2671 668 2714 in
676 2671 732 2714 ludis
739 2669 822 2712 dietari
829 2669 926 2712 emmim
934 2669 1010 2713 melis!

354 2744 508 2804 Monentad
519 2745 591 2797 bunc
608 2746 685 2796 Persii
700 2744 790 2796 locum
805 2746 976 2815 interpretes,
993 2743 1037 2796 hic
1049 2746 1122 2815 tangi
1132 2746 1237 2800 occidte
1252 2748 1401 2816 Neronem,

355 2831 431 2897 cujus
445 2825 574 2887 carmine,
587 2823 649 2891 quia
666 2820 826 2892 imperabat,
843 2825 871 2872 in
883 2819 980 2872 scholis
995 2821 1206 2878 celebrabantur.
1225 2829 1261 2878 At
1273 2847 1335 2880 vero
1351 2847 1402 2881 ne-

355 2925 407 2978 que
418 2905 471 2956 hoc
485 2904 612 2956 exstitisse
627 2903 689 2953 satis
704 2914 822 2964 constat;
837 2920 938 2972 neque,
955 2915 985 2953 ut
998 2905 1126 2956 exstitimc
1139 2921 1287 2969 constaret,
1299 2909 1400 2962 ideirco

353 2989 489 3040 Neronem
502 2985 591 3055 potius
604 2999 683 3052 quam
699 2981 779 3032 aliurn
796 2981 941 3052 quemlibet
954 2985 1026 3054 tangi
1042 2983 1206 3041 crediderim.
1224 2989 1254 3040 ln
1269 2989 1400 3061 plurimos

352 3068 484 3122 sententia
495 3063 598 3117 videtur
608 3063 688 3115 fuisse
697 3065 812 3132 jactata,
824 3064 862 3115 uti
872 3075 914 3115 est
925 3063 996 3135 apud
1008 3067 1154 3118 Horatium.

387 3197 456 3247 Nor.
466 3192 579 3260 30-40.
590 3194 692 3244 Horum
701 3195 818 3247 omnium
825 3213 948 3247 versuum
955 3195 1034 3248 verba
1042 3195 1075 3248 ab
1082 3195 1139 3250 his:
1151 3199 1332 3252 Ecceinter....
1341 3219 1399 3255 esse

352 3277 445 3338 Persii,
455 3291 509 3324 non
519 3274 670 3338 monitoris,
681 3285 754 3344 patet
763 3292 794 3326 ex
803 3276 863 3344 ipso
872 3293 952 3327 sensu
961 3277 1007 3347 qui
1017 3279 1170 3328 enuntiatur
1179 3291 1205 3330 et
1214 3297 1245 3330 cx
1255 3297 1286 3330 ea
1295 3281 1399 3332 ratione

352 3374 405 3428 qua
419 3356 579 3418 enuntiatur,
595 3364 651 3402 tum
663 3369 694 3404 ex
708 3371 788 3406 versu
803 3353 847 3421 4ο.
863 3355 921 3406 Hoc
939 3357 1008 3406 enim
1024 3375 1100 3410 versu
1118 3375 1146 3410 se
1162 3356 1281 3410 locutum
1297 3378 1354 3413 esse
1370 3363 1398 3412 iu

350 3431 560 3507 precedentibus
574 3432 653 3484 docet
663 3445 757 3504 poeta,
768 3433 833 3486 dum
845 3434 986 3487 adversarii
999 3435 1179 3507 objectionem
1192 3440 1332 3509 praevertit.

384 3558 453 3610 Nor.
472 3556 522 3618 30,
536 3557 579 3628 St.
598 3557 665 3608 Ecce
682 3556 859 3628 interpretata
874 3570 1000 3631 querunt
1017 3557 1166 3612 Romulidae
1178 3561 1260 3612 sauri
1272 3560 1340 3632 quid
1353 3563 1398 3614 dia

348 3649 471 3711 poemata
483 3646 631 3686 nenent-
644 3636 784 3697 Ecce,·hac
793 3653 859 3689 voce
868 3639 952 3690 utitur
961 3656 1015 3690 non
1026 3638 1107 3692 semel
1117 3640 1219 3692 Persius
1231 3651 1261 3690 ut
1271 3639 1397 3692 viridiore

350 3717 491 3769 locutionis
514 3716 599 3767 forma
618 3728 644 3768 et
661 3715 782 3769 breviore
800 3719 919 3769 transitu.
937 3716 997 3768 Vid.
1019 3719 1102 3786 inira,
1119 3737 1143 3770 v.
1165 3719 1199 3790 69
1220 3718 1299 3790 hujus
1322 3722 1396 3772 satir.

351 3797 441 3848 «Ecce
449 3793 530 3846 modo
539 3793 632 3847 heroas
643 3813 764 3849 sensus...
772 3819 784 3843 ι
798 3795 857 3848 Vid.
869 3798 948 3848 etiarn
960 3796 1071 3848 alteram
1081 3800 1152 3850 satir.
1166 3798 1208 3850 31.
1225 3821 1236 3845 ι
1246 3800 1313 3850 Ecce
1322 3801 1395 3866 avia,

348 3890 395 3929 aut
402 3887 521 3927 metuens
528 3874 618 3927 dirum
626 3888 795 3928 matertera...
805 3899 816 3922 s
826 3903 861 3914 -
872 3876 1060 3948 Interpositis,
1070 3877 1194 3930 solemnis
1205 3877 1277 3952 apud
1287 3879 1396 3932 Latinos

347 3955 448 4009 locutio
456 3971 504 4025 pro
512 3955 581 4006 inter
587 3954 804 4024 epulandum,vel
813 3957 902 4026 potius
911 3974 961 4028 pro
969 3957 1104 4010 sublinem
1112 3960 1233 4023 convivii,
1242 3977 1334 4029 quum,
1338 3960 1396 4029 jam

347 4037 454 4089 remotis
470 4035 581 4099 mensis,
598 4037 659 4086 vino
674 4048 700 4086 et
714 4033 975 4088 confabulationibus
986 4036 1162 4104 indulgerent.
1178 4066 1214 4077 -—
1232 4035 1396 4102 Romulidae,

347 4132 495 4181 cognomen
502 4116 683 4166 Romanorum
690 4113 836 4167 honestius.
845 4116 917 4184 Virg.
926 4115 953 4165 in
960 4115 1100 4186 splendido
1109 4118 1177 4187 epici
1187 4117 1308 4169 carminis
1316 4115 1394 4182 loco,

347 4192 449 4248 AEneid.
461 4193 492 4260 8,
504 4193 571 4248 6382
