2986 4924
378 381 1313 409 vumwwuwwmwvmmmmmwowwmmmmm

608 889 680 973 AD
707 889 928 966 CAESIUM
953 887 1182 970 BASSUM.

822 1139 961 1157 “-

371 1287 546 1402 Auuovrr
554 1328 625 1426 jam
635 1325 755 1398 bruma
767 1331 841 1399 foco
852 1345 898 1414 te,
912 1337 1027 1415 Basse,
1042 1331 1184 1401 Sabino?

367 1450 486 1514 Jamne
498 1444 571 1539 lyra
583 1459 617 1512 et
627 1447 744 1510 tetrico
756 1445 872 1511 vivunt
884 1442 943 1510 tihi
954 1445 1085 1535 pectine
1098 1443 1256 1513 chordae?

366 1557 452 1624 Mire
464 1555 577 1648 opifex
587 1554 737 1620 numeris
748 1569 900 1620 veterum
913 1553 1094 1645 primordia
1106 1577 1247 1639 vocum,

367 1673 475 1760 Atque
486 1687 614 1732 merem
627 1664 804 1754 strepitum
818 1661 891 1730 fidis
903 1663 1087 1732 intendisse
1099 1667 1243 1750 Latinae,

366 1780 447 1843 Mox
454 1771 596 1867 juvenes
607 1774 732 1865 agitare
740 1767 851 1864 jocos,
865 1787 899 1840 et
909 1771 1030 1865 pollice
1042 1771 1184 1842 honesto
1384 1789 1396 1842 t
1478 1841 1479 1844 ,

365 1887 524 1978 Egregios
536 1881 655 1950 lusisse
667 1883 880 1951 senesPMihi
891 1907 983 1952 nunc
994 1887 1095 1978 Ligus
1107 1909 1166 1953 ora
1477 1871 1479 1878 ¹

365 1999 512 2087 lntepet‚
525 1993 748 2086 hibernatque
759 2016 873 2059 meum
884 2015 991 2074 mare,
1003 2017 1071 2088 qua
1082 1993 1169 2063 latus
1181 1998 1302 2088 ingens

364 2111 453 2174 Dant
464 2103 610 2198 scopuli,
622 2120 656 2172 et
668 2103 775 2170 multa
786 2101 878 2174 littus
890 2127 926 2170 se
939 2103 1024 2171 valle
1036 2121 1194 2198 receptat.

364 2219 473 2283 Lunai·
480 2228 608 2312 portum
621 2229 667 2282 est
679 2239 775 2310 operae
789 2239 979 2305 cognoscere,
991 2217 1089 2282 cives:

364 2332 429 2396 Cor
437 2325 534 2422 jubet
545 2324 610 2394 hoc
621 2330 920 2418 Eunt,postquam
933 2323 1107 2392 destertuit
1118 2349 1192 2396 esse
1329 2357 1396 2402 ‚u
1478 2399 1479 2428 i

364 2436 548 2506 Moeonides
560 2437 704 2523 Quintus
715 2457 846 2526 pavone
858 2457 899 2502 ex
911 2431 1133 2528 Pythagoreo.
1165 2511 1166 2516 ἵ
1478 2435 1479 2438 ’

481 687 493 714 .
577 607 882 736 sarran
923 563 1214 734 'saara

1476 1517 1479 1604 ⁴

630 2640 745 2682 SATIRAE
765 2639 865 2680 snm
886 2639 1144 2680 inuasurum.

403 2797 515 2854 Jsmne
525 2788 646 2874 hyemis
654 2801 796 2873 tempus,
814 2791 857 2850 mi
873 2793 976 2866 Basse,
994 2804 1024 2852 te
1040 2793 1193 2875 compulit
1205 2793 1245 2854 ad
1257 2794 1360 2857 focum
1372 2794 1398 2853 iu

365 2910 441 2971 agro
461 2901 515 2950 tuo
530 2887 666 2948 Sabino?
685 2889 796 2948 Jamne
812 2884 936 2948 citharae
958 2887 1048 2963 fides',
1066 2909 1168 2949 severo
1190 2893 1328 2953 excitatae
1345 2891 1397 2974 plo

364 2999 446 3063 etro,
465 2987 522 3048 tibi
540 2987 743 3063 reviviscunt,
761 2986 942 3048 admirande
960 2985 1083 3061 artifex,
1094 2989 1149 3068 qui
1167 2991 1308 3051 numeris
1324 3008 1400 3049 voces

363 3085 568 3160 discriminas,
588 3105 658 3167 quse
679 3098 749 3143 sunt
767 3085 869 3166 prima
890 3084 1040 3146 elementa
1059 3085 1185 3148 musicae
1209 3089 1301 3162 artis3
1320 3101 1399 3168 atque

364 3208 462 3248 mares
479 3183 612 3246 intendis
628 3185 768 3266 strepitus
791 3182 866 3267 lyrae
882 3183 1084 3257 Latinorum
1101 3183 1246 3266 idemque
1261 3207 1344 3247 nunc
1355 3182 1398 3267 ju·

362 3303 477 3344 venum
486 3281 570 3342 lusus
582 3284 692 3362 agitas,
706 3303 804 3356 nuuc,
817 3282 959 3362 graviore
968 3278 1076 3356 modo,
1090 3282 1174 3341 canis
1187 3302 1298 3342 senum
1308 3302 1353 3342 res
1364 3300 1399 3340 sa-

361 3380 481 3463 pienter
492 3377 606 3461 gestas?
616 3375 697 3437 Mihi
709 3399 781 3439 vero
791 3374 857 3458 jam
869 3377 998 3458 repetita
1004 3390 1049 3436 est
1058 3397 1113 3436 ora
1121 3375 1254 3460 Ligurius
1266 3377 1399 3461 tepidior,

361 3464 590 3558 hibernansque
606 3495 691 3534 mare
705 3473 812 3556 patriee
826 3493 902 3534 meoe
917 3473 1117 3555 contiguum,
1131 3494 1194 3554 quo
1211 3474 1244 3534 in
1258 3473 1327 3536 loco
1341 3493 1399 3533 sco·

362 3570 581 3654 puliyingentes
590 3569 685 3630 latera
697 3569 859 3651 objiciunt,
872 3582 902 3629 et
912 3569 996 3630 littus
1009 3571 1043 3628 in
1054 3568 1183 3651 longam
1199 3569 1400 3632 vallemredu·

361 3669 458 3728 citur:
475 3693 488 3724 a
498 3673 596 3728 Lunai
610 3679 735 3751 portum
748 3682 792 3727 est
808 3687 908 3749 operae
920 3688 1123 3748 cognoscere,
1141 3671 1255 3729 cives.»
1276 3670 1323 3732 Sic
1337 3668 1400 3727 lau·

360 3769 435 3829 dare
457 3765 554 3843 hanc,
574 3788 668 3847 quam
691 3767 813 3842 accolo,
832 3766 939 3826 urbem
961 3766 1041 3827 bene
1064 3787 1185 3828 memor
1204 3767 1265 3827 fert
1284 3767 1400 3828 animus

359 3867 478 3941 Ennio,
491 3878 654 3947 postquam
672 3865 826 3925 somniare
843 3864 933 3924 desiit
951 3885 982 3924 se
1005 3885 1065 3925 esse
1080 3865 1200 3926 factum
1217 3866 1398 3926 Homereum

360 3965 513 4041 Ennium,
523 3985 559 4024 ex
569 3965 624 4024 illo
632 3985 768 4046 pavone,
779 3963 812 4022 in
824 3983 918 4045 quem
926 3984 982 4046 per
993 3962 1280 4048 metempsychosim
1294 3965 1399 4044 migra·

359 4075 444 4124 verat
463 4064 569 4124 anima
587 4060 782 4144 Pythagorae}
802 4061 860 4122 Hic
877 4081 935 4143 ego
955 4060 1082 4142 delitui,
1100 4048 1184 4123 nihil
1199 4083 1308 4125 curans
1324 4058 1395 4144 quid
