3026 4944
737 489 1001 557 PROLOGUS.

490 616 790 711 Heliooniadasque
801 616 1027 711 pallidamque
1038 619 1181 686 Pirenen

491 728 562 796 lllis
574 731 879 821 remitto,quorom
890 731 1052 820 imagines
1064 727 1218 796 lambunt
1375 742 1391 793 5

489 838 631 906 Hederae
642 860 810 932 sequaces.
825 841 901 930 lpse
912 840 1147 932 semipaganus
1218 913 1222 928 ‚

489 948 541 1018 Ad
553 973 646 1016 sacra
658 965 773 1016 vatum
785 973 921 1017 carmen
932 949 1041 1017 affero
1049 965 1211 1016 nostrum

488 1061 570 1146 Quis
582 1056 749 1149 expedivit
759 1061 901 1150 psittaco
914 1083 1014 1126 suum
1029 1069 1148 1141 neira,

489 1172 648 1264 Pisasque
659 1168 775 1237 docuit
786 1170 888 1238 verba
899 1187 1014 1238 nostra
1025 1173 1159 1238 conari?

486 1281 645 1371 Magister
656 1283 737 1346 artis
748 1281 928 1374 ingenlque
939 1279 1077 1372 largitor

485 1393 612 1456 Venter
621 1416 633 1472 ,¹
641 1406 779 1481 negatas
790 1389 910 1457 artifex
921 1392 1017 1484 sequi
1027 1413 1137 1458 voces.

484 1498 583 1585 Quod
595 1501 623 1566 si
634 1497 743 1568 dolosi
755 1523 832 1592 spes
844 1499 1015 1568 refulserit
1024 1502 1172 1580 nummi,

484 1613 610 1677 Corvos
622 1627 737 1703 poetas
750 1627 783 1678 et
793 1614 938 1704 poetriae
950 1611 1053 1704 picas'

484 1720 626 1785 Contere
638 1718 754 1786 credas
766 1723 962 1810 Pegaseium
973 1719 1088 1788 melos.

345 1917 484 1977 favorem
499 1926 530 1974 et
545 1912 644 1975 undas
660 1914 784 1996 pallidae
799 1915 937 1998 nimphae
954 1917 1077 1976 Pirenes
1093 1935 1159 1975 non
1175 1934 1232 1997 ego
1247 1914 1324 1976 mihi
1340 1939 1387 1979 as·

345 2008 577 2084 sumo,sedillis
583 2009 725 2092 relinquo
734 2012 1006 2092 vatibus,quorum
1015 2023 1121 2071 statuae
1129 2009 1263 2071 frontem
1271 2011 1386 2073 habent

238 2161 242 2174 ,
344 2105 458 2168 hedera
473 2127 569 2188 usque
585 2120 615 2167 et
629 2127 726 2188 usque
741 2120 879 2189 serpente
895 2107 1074 2168 revinctam.
1092 2108 1197 2166 Homo
1214 2127 1282 2166 surn
1299 2128 1386 2189 poene

344 2204 490 2275 rusticus,
511 2223 569 2283 ego
590 2223 715 2284 quoque
734 2215 838 2262 tamen
858 2223 982 2264 carmen
1001 2203 1083 2263 addo
1101 2224 1205 2262 meum
1225 2205 1316 2264 sacris
1334 2226 1386 2266 va·

344 2313 413 2360 turn
431 2299 629 2360 carminibus.
653 2301 731 2362 Sunt
742 2303 820 2360 enim
834 2297 902 2360 olioe
916 2321 973 2374 res,
993 2312 1097 2382 praeter
1109 2315 1281 2362 memoratas
1290 2348 1302 2376 ‚
1320 2323 1385 2384 quoe

344 2410 456 2458 acuant
472 2399 631 2478 inpertiam.
651 2396 728 2473 Quis
741 2417 852 2479 nempe
866 2397 1019 2480 expedivit
1034 2393 1162 2480 psittaco
1177 2396 1333 2479 linguam,
1350 2413 1385 2458 ut

343 2496 559 2576 pronuntiaret
574 2514 682 2554 vocem
699 2493 779 2555 hanc
797 2496 857 2555 sibi
873 2497 960 2576 quasi
983 2498 1157 2578 propriam,
1178 2495 1293 2557 sanus?
1308 2497 1385 2572 Quis

343 2591 451 2654 docuit
463 2594 546 2674 picas
559 2605 676 2653 tentare
690 2591 783 2652 verba
796 2591 982 2653 hominum?
998 2591 1109 2667 fames,
1125 2613 1194 2674 quae
1209 2594 1328 2675 optima
1341 2608 1385 2654 est

343 2690 416 2750 artis
424 2691 584 2769 magistra,
591 2709 660 2770 quse
668 2687 798 2769 largitur
805 2689 980 2769 ingenium,
988 2687 1136 2770 docetque
1143 2709 1231 2750 voces
1242 2689 1355 2750 imitari
1366 2712 1384 2750 a

342 2797 453 2845 natura
469 2798 603 2865 negatas.
618 2784 711 2862 Quod
723 2785 748 2844 si
760 2805 828 2866 spes
839 2782 918 2843 lucri
930 2781 1093 2866 affulgeat,
1108 2783 1275 2867 fucumque
1290 2785 1385 2847 faciat

342 2880 453 2956 oculis,
471 2880 613 2942 homines
626 2880 675 2941 vel
688 2881 820 2940 maxime
834 2882 967 2963 imperiti
978 2925 987 2956 ,
997 2961 999 2966 Ι
1008 2883 1106 2943 corvis
1118 2895 1149 2943 et
1161 2885 1237 2966 picis
1251 2883 1382 2960 similes,

341 2975 417 3037 fient
425 2991 537 3060 poetae3
548 2990 578 3038 et
587 2979 630 3038 ita
637 2995 762 3054 canent,
773 2993 808 3038 ut
816 2978 923 3039 audire
932 2979 1036 3040 credas
1046 2963 1141 3040 melos
1150 2981 1381 3056 suavissimum,

342 3072 432 3154 quale
446 3074 545 3134 oritur
555 3094 591 3135 cx
602 3073 807 3156 Hippocrene.
