<?xml version="1.0" encoding="UTF-8"?>
<!DOCTYPE html PUBLIC "-//W3C//DTD XHTML 1.0 Transitional//EN"
    "http://www.w3.org/TR/xhtml1/DTD/xhtml1-transitional.dtd">
<html xmlns="http://www.w3.org/1999/xhtml" xml:lang="en" lang="en">
 <head>
  <title>
</title>
<meta http-equiv="Content-Type" content="text/html;charset=utf-8" />
  <meta name='ocr-system' content='tesseract 3.04.00' />
  <meta name='ocr-capabilities' content='ocr_page ocr_carea ocr_par ocr_line ocrx_word'/>
</head>
<body>
  <div class='ocr_page' id='page_1' title='image "./sexdecimsatir00lemagoog_0517.png"; bbox 0 0 3148 4950; ppageno 0'>
   <div class='ocr_carea' id='block_1_1' title="bbox 371 403 1204 491">
    <p class='ocr_par' dir='ltr' id='par_1_1' title="bbox 371 403 1204 491">
     <span class='ocr_line' id='line_1_1' title="bbox 371 403 1204 491; baseline -0.002 0"><span class='ocrx_word' id='word_1_1' title='bbox 371 426 454 491; x_wconf 73' lang='lat' dir='ltr'><strong>vna</strong></span> <span class='ocrx_word' id='word_1_2' title='bbox 477 423 645 490; x_wconf 73' lang='lat' dir='ltr'><strong>sarias</strong></span> <span class='ocrx_word' id='word_1_3' title='bbox 667 423 991 489; x_wconf 75' lang='lat' dir='ltr'><strong>aomanorum.</strong></span> <span class='ocrx_word' id='word_1_4' title='bbox 1146 403 1204 489; x_wconf 67' lang='lat' dir='ltr'><strong>ss.</strong></span> 
     </span>
    </p>
   </div>
   <div class='ocr_carea' id='block_1_2' title="bbox 170 546 1240 1310">
    <p class='ocr_par' dir='ltr' id='par_1_2' title="bbox 170 546 1240 1310">
     <span class='ocr_line' id='line_1_2' title="bbox 174 546 1211 644; baseline -0.004 -24"><span class='ocrx_word' id='word_1_5' title='bbox 174 569 271 620; x_wconf 87' lang='lat' dir='ltr'><strong>erant</strong></span> <span class='ocrx_word' id='word_1_6' title='bbox 291 556 460 636; x_wconf 89' lang='lat' dir='ltr'><strong>carmina,</strong></span> <span class='ocrx_word' id='word_1_7' title='bbox 483 570 518 618; x_wconf 92' lang='lat' dir='ltr'><strong>at</strong></span> <span class='ocrx_word' id='word_1_8' title='bbox 533 550 738 619; x_wconf 82' lang='lat' dir='ltr'><strong>differebant</strong></span> <span class='ocrx_word' id='word_1_9' title='bbox 757 566 956 642; x_wconf 77' lang='lat' dir='ltr'><strong>argumento</strong></span> <span class='ocrx_word' id='word_1_10' title='bbox 981 546 1120 644; x_wconf 86' lang='lat' dir='ltr'><strong>ejusque</strong></span> <span class='ocrx_word' id='word_1_11' title='bbox 1145 565 1211 616; x_wconf 91' lang='lat' dir='ltr'><strong>tra-</strong></span> 
     </span>
     <span class='ocr_line' id='line_1_3' title="bbox 174 645 1213 756; baseline -0.004 -24"><span class='ocrx_word' id='word_1_12' title='bbox 174 661 287 732; x_wconf 89' lang='lat' dir='ltr'><strong>ctandi</strong></span> <span class='ocrx_word' id='word_1_13' title='bbox 301 661 459 746; x_wconf 92' lang='lat' dir='ltr'><strong>consilio,</strong></span> <span class='ocrx_word' id='word_1_14' title='bbox 474 660 567 756; x_wconf 90' lang='lat' dir='ltr'><strong>quod</strong></span> <span class='ocrx_word' id='word_1_15' title='bbox 576 660 618 729; x_wconf 86' lang='lat' dir='ltr'><strong>ad</strong></span> <span class='ocrx_word' id='word_1_16' title='bbox 633 659 722 729; x_wconf 93' lang='lat' dir='ltr'><strong>solos</strong></span> <span class='ocrx_word' id='word_1_17' title='bbox 736 659 790 728; x_wconf 83' lang='lat' dir='ltr'><strong>vel</strong></span> <span class='ocrx_word' id='word_1_18' title='bbox 801 658 1018 753; x_wconf 90' lang='lat' dir='ltr'><strong>philosophos</strong></span> <span class='ocrx_word' id='word_1_19' title='bbox 1032 659 1086 727; x_wconf 90' lang='lat' dir='ltr'><strong>vel</strong></span> <span class='ocrx_word' id='word_1_20' title='bbox 1096 645 1213 752; x_wconf 78' lang='lat' dir='ltr'><strong>poetas</strong></span> 
     </span>
     <span class='ocr_line' id='line_1_4' title="bbox 170 769 1216 868; baseline -0.004 -25"><span class='ocrx_word' id='word_1_21' title='bbox 170 769 359 868; x_wconf 72' lang='lat' dir='ltr'><strong>=eorumque</strong></span> <span class='ocrx_word' id='word_1_22' title='bbox 381 798 527 857; x_wconf 87' lang='lat' dir='ltr'><strong>errores,</strong></span> <span class='ocrx_word' id='word_1_23' title='bbox 549 797 618 841; x_wconf 91' lang='lat' dir='ltr'><strong>non</strong></span> <span class='ocrx_word' id='word_1_24' title='bbox 639 771 683 840; x_wconf 93' lang='lat' dir='ltr'><strong>ad</strong></span> <span class='ocrx_word' id='word_1_25' title='bbox 703 775 779 840; x_wconf 71' lang='lat' dir='ltr'><strong>vitae</strong></span> <span class='ocrx_word' id='word_1_26' title='bbox 802 770 1003 868; x_wconf 85' lang='lat' dir='ltr'><strong>quotidianae</strong></span> <span class='ocrx_word' id='word_1_27' title='bbox 1023 796 1133 838; x_wconf 90' lang='lat' dir='ltr'><strong>mores</strong></span> <span class='ocrx_word' id='word_1_28' title='bbox 1156 770 1216 839; x_wconf 92' lang='lat' dir='ltr'><strong>ho-</strong></span> 
     </span>
     <span class='ocr_line' id='line_1_5' title="bbox 175 881 1215 980; baseline -0.004 -28"><span class='ocrx_word' id='word_1_29' title='bbox 175 910 319 980; x_wconf 89' lang='lat' dir='ltr'><strong>rumque</strong></span> <span class='ocrx_word' id='word_1_30' title='bbox 342 883 612 952; x_wconf 85' lang='lat' dir='ltr'>emendationem</span> <span class='ocrx_word' id='word_1_31' title='bbox 634 883 820 976; x_wconf 79' lang='lat' dir='ltr'><strong>spectabat3</strong></span> <span class='ocrx_word' id='word_1_32' title='bbox 842 907 953 976; x_wconf 91' lang='lat' dir='ltr'><strong>neque</strong></span> <span class='ocrx_word' id='word_1_33' title='bbox 975 881 1107 965; x_wconf 89' lang='lat' dir='ltr'><strong>dubito,</strong></span> <span class='ocrx_word' id='word_1_34' title='bbox 1134 884 1215 976; x_wconf 91' lang='lat' dir='ltr'><strong>quin</strong></span> 
     </span>
     <span class='ocr_line' id='line_1_6' title="bbox 175 990 1240 1090; baseline -0.006 -26"><span class='ocrx_word' id='word_1_35' title='bbox 175 998 290 1064; x_wconf 86' lang='lat' dir='ltr'><strong>rerum</strong></span> <span class='ocrx_word' id='word_1_36' title='bbox 301 1020 436 1090; x_wconf 91' lang='lat' dir='ltr'><strong>quoque</strong></span> <span class='ocrx_word' id='word_1_37' title='bbox 448 998 676 1063; x_wconf 79' lang='lat' dir='ltr'><strong>tractationem</strong></span> <span class='ocrx_word' id='word_1_38' title='bbox 689 1016 892 1085; x_wconf 77' lang='lat' dir='ltr'>magnopere</span> <span class='ocrx_word' id='word_1_39' title='bbox 904 993 1111 1085; x_wconf 85' lang='lat' dir='ltr'>discrepasse</span> <span class='ocrx_word' id='word_1_40' title='bbox 1122 990 1216 1060; x_wconf 90' lang='lat' dir='ltr'><strong>intel·</strong></span> <span class='ocrx_word' id='word_1_41' title='bbox 1238 1077 1240 1082; x_wconf 68' lang='lat'>,</span> 
     </span>
     <span class='ocr_line' id='line_1_7' title="bbox 175 1103 1217 1197; baseline 0 -27"><span class='ocrx_word' id='word_1_42' title='bbox 175 1103 345 1197; x_wconf 79' lang='lat' dir='ltr'><strong>ligaretur,</strong></span> <span class='ocrx_word' id='word_1_43' title='bbox 359 1107 386 1171; x_wconf 92' lang='lat' dir='ltr'><strong>si</strong></span> <span class='ocrx_word' id='word_1_44' title='bbox 399 1107 517 1196; x_wconf 73' lang='lat' dir='ltr'><strong>integri</strong></span> <span class='ocrx_word' id='word_1_45' title='bbox 530 1103 840 1197; x_wconf 86' lang='lat' dir='ltr'><strong>superessentSilli,</strong></span> <span class='ocrx_word' id='word_1_46' title='bbox 853 1127 916 1170; x_wconf 90' lang='lat' dir='ltr'><strong>nec</strong></span> <span class='ocrx_word' id='word_1_47' title='bbox 925 1107 1035 1195; x_wconf 89' lang='lat' dir='ltr'><strong>potius</strong></span> <span class='ocrx_word' id='word_1_48' title='bbox 1048 1126 1217 1194; x_wconf 86' lang='lat' dir='ltr'><strong>perpauca</strong></span> 
     </span>
     <span class='ocr_line' id='line_1_8' title="bbox 177 1211 1217 1310; baseline -0.005 -27"><span class='ocrx_word' id='word_1_49' title='bbox 177 1224 293 1283; x_wconf 84' lang='lat' dir='ltr'><strong>eorum</strong></span> <span class='ocrx_word' id='word_1_50' title='bbox 308 1216 511 1307; x_wconf 80' lang='lat' dir='ltr'><strong>fragmenta,</strong></span> <span class='ocrx_word' id='word_1_51' title='bbox 524 1240 600 1310; x_wconf 86' lang='lat' dir='ltr'><strong>quae</strong></span> <span class='ocrx_word' id='word_1_52' title='bbox 614 1231 764 1283; x_wconf 83' lang='lat' dir='ltr'><strong>exactam</strong></span> <span class='ocrx_word' id='word_1_53' title='bbox 781 1216 1063 1307; x_wconf 88' lang='lat' dir='ltr'><strong>comparationem</strong></span> <span class='ocrx_word' id='word_1_54' title='bbox 1078 1237 1147 1280; x_wconf 93' lang='lat' dir='ltr'><strong>non</strong></span> <span class='ocrx_word' id='word_1_55' title='bbox 1158 1211 1217 1278; x_wconf 88' lang='lat' dir='ltr'><strong>ad-</strong></span> 
     </span>
    </p>
   </div>
   <div class='ocr_carea' id='block_1_3' title="bbox 172 1417 1248 4182">
    <p class='ocr_par' dir='ltr' id='par_1_3' title="bbox 172 1417 1248 4182">
     <span class='ocr_line' id='line_1_9' title="bbox 177 1417 1221 1491; baseline -0.001 -25"><span class='ocrx_word' id='word_1_56' title='bbox 177 1418 419 1470; x_wconf 85' lang='lat' dir='ltr'><strong>narumSatiramm</strong></span> <span class='ocrx_word' id='word_1_57' title='bbox 428 1431 454 1470; x_wconf 86' lang='lat' dir='ltr'><strong>et</strong></span> <span class='ocrx_word' id='word_1_58' title='bbox 462 1420 536 1491; x_wconf 85' lang='lat' dir='ltr'><strong>quasi</strong></span> <span class='ocrx_word' id='word_1_59' title='bbox 542 1431 677 1489; x_wconf 87' lang='lat' dir='ltr'><strong>parentem</strong></span> <span class='ocrx_word' id='word_1_60' title='bbox 722 1417 772 1470; x_wconf 89' lang='lat' dir='ltr'><strong>bus</strong></span> <span class='ocrx_word' id='word_1_61' title='bbox 786 1419 926 1490; x_wconf 81' lang='lat' dir='ltr'><strong>perfricata</strong></span> <span class='ocrx_word' id='word_1_62' title='bbox 938 1418 1055 1469; x_wconf 80' lang='lat' dir='ltr'><strong>coerceri</strong></span> <span class='ocrx_word' id='word_1_63' title='bbox 1073 1429 1181 1486; x_wconf 83' lang='lat' dir='ltr'><strong>possent</strong></span> <span class='ocrx_word' id='word_1_64' title='bbox 1195 1429 1221 1466; x_wconf 80' lang='lat' dir='ltr'><strong>et</strong></span> 
     </span>
     <span class='ocr_line' id='line_1_10' title="bbox 172 1494 1220 1568; baseline -0.003 -22"><span class='ocrx_word' id='word_1_65' title='bbox 172 1494 367 1563; x_wconf 83' lang='lat' dir='ltr'><strong>judicaverunt.</strong></span> <span class='ocrx_word' id='word_1_66' title='bbox 391 1500 458 1550; x_wconf 87' lang='lat' dir='ltr'><strong>Nam</strong></span> <span class='ocrx_word' id='word_1_67' title='bbox 484 1511 510 1549; x_wconf 87' lang='lat' dir='ltr'><strong>et</strong></span> <span class='ocrx_word' id='word_1_68' title='bbox 534 1499 678 1568; x_wconf 76' lang='lat' dir='ltr'><strong>gravissimi</strong></span> <span class='ocrx_word' id='word_1_69' title='bbox 723 1497 814 1549; x_wconf 88' lang='lat' dir='ltr'><strong>salutis</strong></span> <span class='ocrx_word' id='word_1_70' title='bbox 837 1496 948 1568; x_wconf 72' lang='lat' dir='ltr'><strong>publicae</strong></span> <span class='ocrx_word' id='word_1_71' title='bbox 972 1515 1051 1548; x_wconf 87' lang='lat' dir='ltr'><strong>causa</strong></span> <span class='ocrx_word' id='word_1_72' title='bbox 1078 1494 1220 1546; x_wconf 88' lang='lat' dir='ltr'><strong>emendari.</strong></span> 
     </span>
     <span class='ocr_line' id='line_1_11' title="bbox 178 1574 1223 1648; baseline 0.002 -24"><span class='ocrx_word' id='word_1_73' title='bbox 178 1585 310 1640; x_wconf 78' lang='lat' dir='ltr'><strong>auctores,</strong></span> <span class='ocrx_word' id='word_1_74' title='bbox 321 1574 445 1627; x_wconf 85' lang='lat' dir='ltr'><strong>Horatius</strong></span> <span class='ocrx_word' id='word_1_75' title='bbox 455 1587 480 1627; x_wconf 84' lang='lat' dir='ltr'><strong>et</strong></span> <span class='ocrx_word' id='word_1_76' title='bbox 490 1574 677 1644; x_wconf 86' lang='lat' dir='ltr'><strong>Quintilianus,</strong></span> <span class='ocrx_word' id='word_1_77' title='bbox 722 1577 872 1630; x_wconf 84' lang='lat' dir='ltr'><strong>Graecorum</strong></span> <span class='ocrx_word' id='word_1_78' title='bbox 883 1591 972 1629; x_wconf 86' lang='lat' dir='ltr'><strong>contra</strong></span> <span class='ocrx_word' id='word_1_79' title='bbox 986 1577 1116 1648; x_wconf 57' lang='lat' dir='ltr'><strong>Samios,</strong></span> <span class='ocrx_word' id='word_1_80' title='bbox 1125 1575 1223 1627; x_wconf 85' lang='lat' dir='ltr'><strong>dicaci·</strong></span> 
     </span>
     <span class='ocr_line' id='line_1_12' title="bbox 178 1651 1221 1719; baseline 0.004 -19"><span class='ocrx_word' id='word_1_81' title='bbox 178 1651 322 1704; x_wconf 85' lang='lat' dir='ltr'><strong>inventioni</strong></span> <span class='ocrx_word' id='word_1_82' title='bbox 338 1671 383 1704; x_wconf 88' lang='lat' dir='ltr'><strong>eas</strong></span> <span class='ocrx_word' id='word_1_83' title='bbox 399 1654 578 1706; x_wconf 78' lang='lat' dir='ltr'><strong>Romanorum</strong></span> <span class='ocrx_word' id='word_1_84' title='bbox 594 1652 678 1705; x_wconf 81' lang='lat' dir='ltr'><strong>vindi·</strong></span> <span class='ocrx_word' id='word_1_85' title='bbox 721 1656 1133 1719; x_wconf 83' lang='lat' dir='ltr'><strong>tatialaudecontenta‚nontam</strong></span> <span class='ocrx_word' id='word_1_86' title='bbox 1142 1656 1221 1706; x_wconf 88' lang='lat' dir='ltr'><strong>risum</strong></span> 
     </span>
     <span class='ocr_line' id='line_1_13' title="bbox 178 1735 1222 1808; baseline 0.003 -26"><span class='ocrx_word' id='word_1_87' title='bbox 178 1747 254 1797; x_wconf 85' lang='lat' dir='ltr'><strong>cant,</strong></span> <span class='ocrx_word' id='word_1_88' title='bbox 272 1747 298 1785; x_wconf 87' lang='lat' dir='ltr'><strong>et</strong></span> <span class='ocrx_word' id='word_1_89' title='bbox 316 1753 331 1785; x_wconf 88' lang='lat' dir='ltr'><strong>a</strong></span> <span class='ocrx_word' id='word_1_90' title='bbox 347 1735 402 1786; x_wconf 82' lang='lat' dir='ltr'><strong>veri</strong></span> <span class='ocrx_word' id='word_1_91' title='bbox 419 1735 507 1805; x_wconf 82' lang='lat' dir='ltr'><strong>specie</strong></span> <span class='ocrx_word' id='word_1_92' title='bbox 524 1735 678 1805; x_wconf 86' lang='lat' dir='ltr'><strong>neutiquam</strong></span> <span class='ocrx_word' id='word_1_93' title='bbox 722 1750 821 1789; x_wconf 85' lang='lat' dir='ltr'><strong>sectata</strong></span> <span class='ocrx_word' id='word_1_94' title='bbox 833 1750 872 1790; x_wconf 87' lang='lat' dir='ltr'><strong>est</strong></span> <span class='ocrx_word' id='word_1_95' title='bbox 886 1738 1040 1808; x_wconf 75' lang='lat' dir='ltr'><strong>satyricum,</strong></span> <span class='ocrx_word' id='word_1_96' title='bbox 1051 1754 1127 1806; x_wconf 88' lang='lat' dir='ltr'><strong>quam</strong></span> <span class='ocrx_word' id='word_1_97' title='bbox 1140 1736 1222 1786; x_wconf 92' lang='lat' dir='ltr'><strong>comi-</strong></span> 
     </span>
     <span class='ocr_line' id='line_1_14' title="bbox 179 1808 1220 1886; baseline 0 -25"><span class='ocrx_word' id='word_1_98' title='bbox 179 1808 319 1874; x_wconf 79' lang='lat' dir='ltr'><strong>abhorret,</strong></span> <span class='ocrx_word' id='word_1_99' title='bbox 333 1831 377 1864; x_wconf 86' lang='lat' dir='ltr'><strong>eas</strong></span> <span class='ocrx_word' id='word_1_100' title='bbox 389 1832 403 1864; x_wconf 92' lang='lat' dir='ltr'><strong>e</strong></span> <span class='ocrx_word' id='word_1_101' title='bbox 415 1814 567 1882; x_wconf 86' lang='lat' dir='ltr'><strong>compositis</strong></span> <span class='ocrx_word' id='word_1_102' title='bbox 581 1825 677 1864; x_wconf 86' lang='lat' dir='ltr'><strong>temere</strong></span> <span class='ocrx_word' id='word_1_103' title='bbox 722 1834 782 1868; x_wconf 86' lang='lat' dir='ltr'><strong>cum</strong></span> <span class='ocrx_word' id='word_1_104' title='bbox 798 1815 914 1869; x_wconf 88' lang='lat' dir='ltr'><strong>derisum</strong></span> <span class='ocrx_word' id='word_1_105' title='bbox 931 1815 985 1885; x_wconf 86' lang='lat' dir='ltr'><strong>(cf.</strong></span> <span class='ocrx_word' id='word_1_106' title='bbox 1004 1833 1063 1886; x_wconf 87' lang='lat' dir='ltr'><strong>sup.</strong></span> <span class='ocrx_word' id='word_1_107' title='bbox 1080 1826 1136 1864; x_wconf 87' lang='lat' dir='ltr'><strong>not.</strong></span> <span class='ocrx_word' id='word_1_108' title='bbox 1151 1829 1181 1876; x_wconf 70' lang='grc' dir='ltr'><strong>α,</strong></span> <span class='ocrx_word' id='word_1_109' title='bbox 1193 1831 1220 1882; x_wconf 90' lang='lat' dir='ltr'><strong>p.</strong></span> 
     </span>
     <span class='ocr_line' id='line_1_15' title="bbox 179 1889 1222 1965; baseline 0.002 -25"><span class='ocrx_word' id='word_1_110' title='bbox 179 1907 210 1941; x_wconf 90' lang='lat' dir='ltr'><strong>ae</strong></span> <span class='ocrx_word' id='word_1_111' title='bbox 224 1890 334 1944; x_wconf 86' lang='lat' dir='ltr'><strong>rudibus</strong></span> <span class='ocrx_word' id='word_1_112' title='bbox 346 1895 415 1963; x_wconf 80' lang='lat' dir='ltr'><strong>jocis</strong></span> <span class='ocrx_word' id='word_1_113' title='bbox 428 1905 454 1944; x_wconf 88' lang='lat' dir='ltr'><strong>et</strong></span> <span class='ocrx_word' id='word_1_114' title='bbox 468 1891 581 1945; x_wconf 87' lang='lat' dir='ltr'><strong>dicteriis</strong></span> <span class='ocrx_word' id='word_1_115' title='bbox 596 1894 677 1944; x_wconf 84' lang='lat' dir='ltr'><strong>fuisse</strong></span> <span class='ocrx_word' id='word_1_116' title='bbox 722 1893 809 1964; x_wconf 72' lang='lat'><strong>491),</strong></span> <span class='ocrx_word' id='word_1_117' title='bbox 824 1907 850 1946; x_wconf 88' lang='lat' dir='ltr'><strong>et</strong></span> <span class='ocrx_word' id='word_1_118' title='bbox 869 1893 1007 1945; x_wconf 76' lang='lat' dir='ltr'><strong>cavillandi</strong></span> <span class='ocrx_word' id='word_1_119' title='bbox 1019 1893 1102 1965; x_wconf 73' lang='lat' dir='ltr'><strong>magis</strong></span> <span class='ocrx_word' id='word_1_120' title='bbox 1113 1889 1222 1942; x_wconf 79' lang='lat' dir='ltr'><strong>libidine</strong></span> 
     </span>
     <span class='ocr_line' id='line_1_16' title="bbox 179 1968 1222 2043; baseline 0.001 -24"><span class='ocrx_word' id='word_1_121' title='bbox 179 1981 289 2036; x_wconf 82' lang='lat' dir='ltr'><strong>enatae,</strong></span> <span class='ocrx_word' id='word_1_122' title='bbox 313 1989 371 2041; x_wconf 75' lang='lat' dir='ltr'><strong>qum</strong></span> <span class='ocrx_word' id='word_1_123' title='bbox 398 1972 491 2042; x_wconf 80' lang='lat' dir='ltr'><strong>priscis</strong></span> <span class='ocrx_word' id='word_1_124' title='bbox 515 1971 678 2040; x_wconf 78' lang='lat' dir='ltr'><strong>temporibus</strong></span> <span class='ocrx_word' id='word_1_125' title='bbox 723 1977 849 2039; x_wconf 80' lang='lat' dir='ltr'><strong>excitata,</strong></span> <span class='ocrx_word' id='word_1_126' title='bbox 867 1991 946 2043; x_wconf 87' lang='lat' dir='ltr'><strong>quam</strong></span> <span class='ocrx_word' id='word_1_127' title='bbox 965 1968 1222 2042; x_wconf 71' lang='lat' dir='ltr'><strong>corrigendistudio</strong></span> 
     </span>
     <span class='ocr_line' id='line_1_17' title="bbox 176 2045 1248 2124; baseline 0.005 -27"><span class='ocrx_word' id='word_1_128' title='bbox 176 2049 301 2116; x_wconf 86' lang='lat' dir='ltr'><strong>juventus</strong></span> <span class='ocrx_word' id='word_1_129' title='bbox 312 2045 430 2100; x_wconf 80' lang='lat' dir='ltr'><strong>Romana</strong></span> <span class='ocrx_word' id='word_1_130' title='bbox 443 2067 492 2119; x_wconf 88' lang='lat' dir='ltr'><strong>per</strong></span> <span class='ocrx_word' id='word_1_131' title='bbox 504 2052 585 2100; x_wconf 87' lang='lat' dir='ltr'><strong>otium</strong></span> <span class='ocrx_word' id='word_1_132' title='bbox 602 2061 628 2100; x_wconf 89' lang='lat' dir='ltr'><strong>et</strong></span> <span class='ocrx_word' id='word_1_133' title='bbox 644 2048 678 2100; x_wconf 92' lang='lat' dir='ltr'><strong>la·</strong></span> <span class='ocrx_word' id='word_1_134' title='bbox 722 2053 853 2124; x_wconf 78' lang='lat' dir='ltr'><strong>impulsa,</strong></span> <span class='ocrx_word' id='word_1_135' title='bbox 872 2053 954 2104; x_wconf 90' lang='lat' dir='ltr'><strong>modo</strong></span> <span class='ocrx_word' id='word_1_136' title='bbox 972 2054 1090 2104; x_wconf 82' lang='lat' dir='ltr'><strong>fortunas</strong></span> <span class='ocrx_word' id='word_1_137' title='bbox 1108 2053 1222 2116; x_wconf 81' lang='lat' dir='ltr'><strong>civium,</strong></span> <span class='ocrx_word' id='word_1_138' title='bbox 1240 2079 1248 2090; x_wconf 70' lang='lat'>=</span> 
     </span>
     <span class='ocr_line' id='line_1_18' title="bbox 181 2127 1224 2202; baseline 0.002 -24"><span class='ocrx_word' id='word_1_139' title='bbox 181 2128 286 2178; x_wconf 83' lang='lat' dir='ltr'><strong>sciviasn</strong></span> <span class='ocrx_word' id='word_1_140' title='bbox 298 2127 403 2180; x_wconf 83' lang='lat' dir='ltr'><strong>alternis</strong></span> <span class='ocrx_word' id='word_1_141' title='bbox 411 2129 507 2180; x_wconf 87' lang='lat' dir='ltr'><strong>soleret</strong></span> <span class='ocrx_word' id='word_1_142' title='bbox 516 2130 542 2179; x_wconf 91' lang='lat' dir='ltr'><strong>in</strong></span> <span class='ocrx_word' id='word_1_143' title='bbox 551 2147 629 2180; x_wconf 88' lang='lat' dir='ltr'><strong>scena</strong></span> <span class='ocrx_word' id='word_1_144' title='bbox 640 2129 678 2179; x_wconf 86' lang='lat' dir='ltr'><strong>ef·</strong></span> <span class='ocrx_word' id='word_1_145' title='bbox 722 2131 802 2183; x_wconf 88' lang='lat' dir='ltr'><strong>modo</strong></span> <span class='ocrx_word' id='word_1_146' title='bbox 815 2133 932 2202; x_wconf 83' lang='lat' dir='ltr'><strong>eorporis</strong></span> <span class='ocrx_word' id='word_1_147' title='bbox 940 2130 1133 2182; x_wconf 81' lang='lat' dir='ltr'><strong>deformitatem</strong></span> <span class='ocrx_word' id='word_1_148' title='bbox 1139 2141 1165 2181; x_wconf 85' lang='lat' dir='ltr'><strong>et</strong></span> <span class='ocrx_word' id='word_1_149' title='bbox 1173 2129 1224 2180; x_wconf 89' lang='lat' dir='ltr'><strong>alia</strong></span> 
     </span>
     <span class='ocr_line' id='line_1_19' title="bbox 180 2205 1224 2283; baseline 0.008 -28"><span class='ocrx_word' id='word_1_150' title='bbox 180 2205 298 2258; x_wconf 81' lang='lat' dir='ltr'><strong>fundere.</strong></span> <span class='ocrx_word' id='word_1_151' title='bbox 322 2209 447 2258; x_wconf 71' lang='lat' dir='ltr'><strong>Praeterea</strong></span> <span class='ocrx_word' id='word_1_152' title='bbox 470 2224 525 2258; x_wconf 91' lang='lat' dir='ltr'><strong>non</strong></span> <span class='ocrx_word' id='word_1_153' title='bbox 550 2205 630 2257; x_wconf 91' lang='lat' dir='ltr'><strong>modo</strong></span> <span class='ocrx_word' id='word_1_154' title='bbox 653 2207 679 2256; x_wconf 91' lang='lat' dir='ltr'><strong>in</strong></span> <span class='ocrx_word' id='word_1_155' title='bbox 724 2209 823 2263; x_wconf 80' lang='lat' dir='ltr'><strong>leviora</strong></span> <span class='ocrx_word' id='word_1_156' title='bbox 839 2212 916 2277; x_wconf 82' lang='lat' dir='ltr'><strong>vitia,</strong></span> <span class='ocrx_word' id='word_1_157' title='bbox 931 2229 988 2283; x_wconf 78' lang='lat' dir='ltr'><strong>quae</strong></span> <span class='ocrx_word' id='word_1_158' title='bbox 1000 2210 1224 2261; x_wconf 82' lang='lat' dir='ltr'><strong>Comicorumso-</strong></span> 
     </span>
     <span class='ocr_line' id='line_1_20' title="bbox 181 2284 1226 2358; baseline 0.001 -23"><span class='ocrx_word' id='word_1_159' title='bbox 181 2298 336 2354; x_wconf 72' lang='lat' dir='ltr'><strong>argumento</strong></span> <span class='ocrx_word' id='word_1_160' title='bbox 349 2288 459 2355; x_wconf 89' lang='lat' dir='ltr'><strong>ejusque</strong></span> <span class='ocrx_word' id='word_1_161' title='bbox 475 2284 607 2337; x_wconf 87' lang='lat' dir='ltr'><strong>tractandi</strong></span> <span class='ocrx_word' id='word_1_162' title='bbox 617 2304 680 2336; x_wconf 90' lang='lat' dir='ltr'><strong>con·</strong></span> <span class='ocrx_word' id='word_1_163' title='bbox 724 2289 779 2353; x_wconf 78' lang='lat' dir='ltr'><strong>lent</strong></span> <span class='ocrx_word' id='word_1_164' title='bbox 795 2288 915 2340; x_wconf 87' lang='lat' dir='ltr'><strong>ludibriis</strong></span> <span class='ocrx_word' id='word_1_165' title='bbox 929 2290 1035 2358; x_wconf 76' lang='lat' dir='ltr'><strong>agitari,</strong></span> <span class='ocrx_word' id='word_1_166' title='bbox 1055 2285 1226 2339; x_wconf 80' lang='lat' dir='ltr'><strong>contumelia·</strong></span> 
     </span>
     <span class='ocr_line' id='line_1_21' title="bbox 181 2366 1224 2436; baseline -0.001 -20"><span class='ocrx_word' id='word_1_167' title='bbox 181 2367 254 2434; x_wconf 85' lang='lat' dir='ltr'><strong>silio,</strong></span> <span class='ocrx_word' id='word_1_168' title='bbox 267 2385 356 2419; x_wconf 85' lang='lat' dir='ltr'><strong>verum</strong></span> <span class='ocrx_word' id='word_1_169' title='bbox 374 2366 452 2416; x_wconf 86' lang='lat' dir='ltr'><strong>etiam</strong></span> <span class='ocrx_word' id='word_1_170' title='bbox 465 2367 492 2415; x_wconf 92' lang='lat' dir='ltr'><strong>iu</strong></span> <span class='ocrx_word' id='word_1_171' title='bbox 512 2368 570 2436; x_wconf 85' lang='lat' dir='ltr'><strong>ipsa</strong></span> <span class='ocrx_word' id='word_1_172' title='bbox 587 2377 681 2416; x_wconf 82' lang='lat' dir='ltr'><strong>tracta·</strong></span> <span class='ocrx_word' id='word_1_173' title='bbox 724 2385 782 2417; x_wconf 86' lang='lat' dir='ltr'><strong>rum</strong></span> <span class='ocrx_word' id='word_1_174' title='bbox 804 2367 902 2418; x_wconf 86' lang='lat' dir='ltr'><strong>aculeis</strong></span> <span class='ocrx_word' id='word_1_175' title='bbox 923 2366 1065 2432; x_wconf 84' lang='lat' dir='ltr'><strong>lacessivit,</strong></span> <span class='ocrx_word' id='word_1_176' title='bbox 1085 2368 1120 2416; x_wconf 83' lang='lat' dir='ltr'><strong>ita</strong></span> <span class='ocrx_word' id='word_1_177' title='bbox 1142 2377 1171 2416; x_wconf 87' lang='lat' dir='ltr'><strong>nt</strong></span> <span class='ocrx_word' id='word_1_178' title='bbox 1190 2383 1224 2416; x_wconf 90' lang='lat' dir='ltr'><strong>ne</strong></span> 
     </span>
     <span class='ocr_line' id='line_1_22' title="bbox 181 2445 1224 2520; baseline -0.003 -22"><span class='ocrx_word' id='word_1_179' title='bbox 181 2449 253 2500; x_wconf 88' lang='lat' dir='ltr'><strong>tione</strong></span> <span class='ocrx_word' id='word_1_180' title='bbox 266 2466 357 2520; x_wconf 74' lang='lat' dir='ltr'><strong>magna</strong></span> <span class='ocrx_word' id='word_1_181' title='bbox 374 2447 504 2518; x_wconf 87' lang='lat' dir='ltr'><strong>reperitur</strong></span> <span class='ocrx_word' id='word_1_182' title='bbox 520 2446 681 2509; x_wconf 80' lang='lat' dir='ltr'><strong>dissimilitu-</strong></span> <span class='ocrx_word' id='word_1_183' title='bbox 724 2449 911 2518; x_wconf 71' lang='lat' dir='ltr'><strong>ingenuitatem</strong></span> <span class='ocrx_word' id='word_1_184' title='bbox 924 2445 1031 2517; x_wconf 89' lang='lat' dir='ltr'><strong>quidem</strong></span> <span class='ocrx_word' id='word_1_185' title='bbox 1050 2457 1184 2514; x_wconf 75' lang='lat' dir='ltr'><strong>praestaret</strong></span> <span class='ocrx_word' id='word_1_186' title='bbox 1199 2456 1224 2496; x_wconf 89' lang='lat' dir='ltr'><strong>et</strong></span> 
     </span>
     <span class='ocr_line' id='line_1_23' title="bbox 181 2523 1226 2596; baseline -0.004 -20"><span class='ocrx_word' id='word_1_187' title='bbox 181 2525 226 2578; x_wconf 87' lang='lat' dir='ltr'><strong>do.</strong></span> <span class='ocrx_word' id='word_1_188' title='bbox 245 2529 359 2578; x_wconf 79' lang='lat' dir='ltr'><strong>Primum</strong></span> <span class='ocrx_word' id='word_1_189' title='bbox 374 2526 443 2576; x_wconf 90' lang='lat' dir='ltr'><strong>enim</strong></span> <span class='ocrx_word' id='word_1_190' title='bbox 460 2528 482 2576; x_wconf 92' lang='lat' dir='ltr'><strong>si</strong></span> <span class='ocrx_word' id='word_1_191' title='bbox 501 2535 680 2596; x_wconf 72' lang='lat' dir='ltr'><strong>orpumentum</strong></span> <span class='ocrx_word' id='word_1_192' title='bbox 725 2526 848 2577; x_wconf 87' lang='lat' dir='ltr'><strong>ruborem</strong></span> <span class='ocrx_word' id='word_1_193' title='bbox 865 2543 942 2577; x_wconf 89' lang='lat' dir='ltr'><strong>suum</strong></span> <span class='ocrx_word' id='word_1_194' title='bbox 958 2523 1096 2577; x_wconf 82' lang='lat' dir='ltr'><strong>verborum</strong></span> <span class='ocrx_word' id='word_1_195' title='bbox 1110 2525 1226 2593; x_wconf 86' lang='lat' dir='ltr'><strong>turpitu-</strong></span> 
     </span>
     <span class='ocr_line' id='line_1_24' title="bbox 181 2604 1224 2677; baseline -0.002 -20"><span class='ocrx_word' id='word_1_196' title='bbox 181 2618 326 2677; x_wconf 86' lang='lat' dir='ltr'><strong>spectotur‚</strong></span> <span class='ocrx_word' id='word_1_197' title='bbox 338 2604 409 2676; x_wconf 92' lang='lat' dir='ltr'><strong>quod</strong></span> <span class='ocrx_word' id='word_1_198' title='bbox 421 2606 500 2658; x_wconf 87' lang='lat' dir='ltr'><strong>situm</strong></span> <span class='ocrx_word' id='word_1_199' title='bbox 512 2619 549 2656; x_wconf 86' lang='lat' dir='ltr'><strong>est</strong></span> <span class='ocrx_word' id='word_1_200' title='bbox 564 2608 590 2656; x_wconf 94' lang='lat' dir='ltr'><strong>in</strong></span> <span class='ocrx_word' id='word_1_201' title='bbox 604 2605 682 2657; x_wconf 85' lang='lat' dir='ltr'><strong>variis</strong></span> <span class='ocrx_word' id='word_1_202' title='bbox 725 2608 787 2660; x_wconf 89' lang='lat' dir='ltr'><strong>dine</strong></span> <span class='ocrx_word' id='word_1_203' title='bbox 797 2620 822 2659; x_wconf 89' lang='lat' dir='ltr'><strong>et</strong></span> <span class='ocrx_word' id='word_1_204' title='bbox 831 2624 919 2658; x_wconf 83' lang='lat' dir='ltr'><strong>rerum</strong></span> <span class='ocrx_word' id='word_1_205' title='bbox 929 2605 1102 2656; x_wconf 86' lang='lat' dir='ltr'><strong>obscoenitate</strong></span> <span class='ocrx_word' id='word_1_206' title='bbox 1110 2604 1224 2656; x_wconf 83' lang='lat' dir='ltr'><strong>vitands.</strong></span> 
     </span>
     <span class='ocr_line' id='line_1_25' title="bbox 182 2682 1224 2756; baseline -0.002 -20"><span class='ocrx_word' id='word_1_207' title='bbox 182 2684 286 2736; x_wconf 89' lang='lat' dir='ltr'><strong>ridiculi</strong></span> <span class='ocrx_word' id='word_1_208' title='bbox 295 2683 451 2754; x_wconf 71' lang='lat' dir='ltr'><strong>generibus,</strong></span> <span class='ocrx_word' id='word_1_209' title='bbox 461 2701 520 2736; x_wconf 91' lang='lat' dir='ltr'><strong>cum</strong></span> <span class='ocrx_word' id='word_1_210' title='bbox 532 2683 629 2736; x_wconf 84' lang='lat' dir='ltr'><strong>fabulis</strong></span> <span class='ocrx_word' id='word_1_211' title='bbox 639 2701 681 2734; x_wconf 92' lang='lat' dir='ltr'><strong>co·</strong></span> <span class='ocrx_word' id='word_1_212' title='bbox 725 2690 811 2755; x_wconf 86' lang='lat' dir='ltr'><strong>Quam</strong></span> <span class='ocrx_word' id='word_1_213' title='bbox 825 2685 931 2756; x_wconf 86' lang='lat' dir='ltr'><strong>quidem</strong></span> <span class='ocrx_word' id='word_1_214' title='bbox 944 2682 1048 2734; x_wconf 85' lang='lat' dir='ltr'><strong>ridiculi</strong></span> <span class='ocrx_word' id='word_1_215' title='bbox 1058 2684 1186 2753; x_wconf 84' lang='lat' dir='ltr'><strong>speeiem,</strong></span> <span class='ocrx_word' id='word_1_216' title='bbox 1196 2685 1224 2734; x_wconf 87' lang='lat' dir='ltr'><strong>in</strong></span> 
     </span>
     <span class='ocr_line' id='line_1_26' title="bbox 181 2760 1226 2834; baseline -0.003 -19"><span class='ocrx_word' id='word_1_217' title='bbox 181 2764 377 2834; x_wconf 73' lang='lat' dir='ltr'><strong>mico-satyricis</strong></span> <span class='ocrx_word' id='word_1_218' title='bbox 390 2762 542 2815; x_wconf 79' lang='lat' dir='ltr'><strong>Graecorum</strong></span> <span class='ocrx_word' id='word_1_219' title='bbox 556 2763 682 2832; x_wconf 89' lang='lat' dir='ltr'><strong>componi</strong></span> <span class='ocrx_word' id='word_1_220' title='bbox 726 2765 844 2817; x_wconf 89' lang='lat' dir='ltr'><strong>oratione</strong></span> <span class='ocrx_word' id='word_1_221' title='bbox 858 2763 1025 2813; x_wconf 89' lang='lat' dir='ltr'><strong>Comicorum</strong></span> <span class='ocrx_word' id='word_1_222' title='bbox 1044 2761 1114 2812; x_wconf 82' lang='lat' dir='ltr'><strong>velut</strong></span> <span class='ocrx_word' id='word_1_223' title='bbox 1129 2760 1226 2812; x_wconf 85' lang='lat' dir='ltr'><strong>exube-</strong></span> 
     </span>
     <span class='ocr_line' id='line_1_27' title="bbox 181 2841 1226 2916; baseline -0.004 -20"><span class='ocrx_word' id='word_1_224' title='bbox 181 2843 255 2896; x_wconf 89' lang='lat' dir='ltr'><strong>nullo</strong></span> <span class='ocrx_word' id='word_1_225' title='bbox 267 2857 346 2916; x_wconf 88' lang='lat' dir='ltr'><strong>pacto</strong></span> <span class='ocrx_word' id='word_1_226' title='bbox 358 2855 444 2914; x_wconf 86' lang='lat' dir='ltr'><strong>potest</strong></span> <span class='ocrx_word' id='word_1_227' title='bbox 457 2846 602 2895; x_wconf 84' lang='lat' dir='ltr'><strong>Horatiana</strong></span> <span class='ocrx_word' id='word_1_228' title='bbox 616 2843 682 2895; x_wconf 88' lang='lat' dir='ltr'><strong>Sati·</strong></span> <span class='ocrx_word' id='word_1_229' title='bbox 725 2857 842 2903; x_wconf 76' lang='lat' dir='ltr'><strong>ramera,</strong></span> <span class='ocrx_word' id='word_1_230' title='bbox 856 2843 934 2913; x_wconf 74' lang='lat' dir='ltr'><strong>longe</strong></span> <span class='ocrx_word' id='word_1_231' title='bbox 949 2842 1081 2913; x_wconf 79' lang='lat' dir='ltr'><strong>superarit</strong></span> <span class='ocrx_word' id='word_1_232' title='bbox 1095 2841 1226 2892; x_wconf 81' lang='lat' dir='ltr'><strong>Romano·</strong></span> 
     </span>
     <span class='ocr_line' id='line_1_28' title="bbox 182 2921 1225 2994; baseline -0.002 -20"><span class='ocrx_word' id='word_1_233' title='bbox 182 2943 220 2988; x_wconf 85' lang='lat' dir='ltr'><strong>ra,</strong></span> <span class='ocrx_word' id='word_1_234' title='bbox 230 2936 318 2994; x_wconf 85' lang='lat' dir='ltr'><strong>potest</strong></span> <span class='ocrx_word' id='word_1_235' title='bbox 326 2922 440 2993; x_wconf 87' lang='lat' dir='ltr'><strong>quodam</strong></span> <span class='ocrx_word' id='word_1_236' title='bbox 450 2921 681 2989; x_wconf 88' lang='lat' dir='ltr'><strong>modoLueiliana,</strong></span> <span class='ocrx_word' id='word_1_237' title='bbox 723 2944 781 2976; x_wconf 90' lang='lat' dir='ltr'><strong>rum</strong></span> <span class='ocrx_word' id='word_1_238' title='bbox 795 2935 949 2994; x_wconf 88' lang='lat' dir='ltr'><strong>poetarum,</strong></span> <span class='ocrx_word' id='word_1_239' title='bbox 965 2940 1032 2992; x_wconf 89' lang='lat' dir='ltr'><strong>quos</strong></span> <span class='ocrx_word' id='word_1_240' title='bbox 1046 2939 1125 2992; x_wconf 85' lang='lat' dir='ltr'><strong>supra</strong></span> <span class='ocrx_word' id='word_1_241' title='bbox 1140 2924 1225 2972; x_wconf 90' lang='lat' dir='ltr'><strong>nomi·</strong></span> 
     </span>
     <span class='ocr_line' id='line_1_29' title="bbox 182 2999 1225 3075; baseline -0.004 -20"><span class='ocrx_word' id='word_1_242' title='bbox 182 3022 239 3075; x_wconf 70' lang='lat' dir='ltr'><strong>quae</strong></span> <span class='ocrx_word' id='word_1_243' title='bbox 261 3004 401 3072; x_wconf 67' lang='lat' dir='ltr'><strong>imaginem</strong></span> <span class='ocrx_word' id='word_1_244' title='bbox 420 3002 552 3054; x_wconf 82' lang='lat' dir='ltr'><strong>referebat</strong></span> <span class='ocrx_word' id='word_1_245' title='bbox 569 3004 681 3073; x_wconf 80' lang='lat' dir='ltr'><strong>antique</strong></span> <span class='ocrx_word' id='word_1_246' title='bbox 723 3003 835 3068; x_wconf 82' lang='lat' dir='ltr'><strong>nabam,</strong></span> <span class='ocrx_word' id='word_1_247' title='bbox 847 3001 961 3053; x_wconf 86' lang='lat' dir='ltr'><strong>liberalis</strong></span> <span class='ocrx_word' id='word_1_248' title='bbox 971 3002 1109 3066; x_wconf 79' lang='lat' dir='ltr'><strong>festivitas,</strong></span> <span class='ocrx_word' id='word_1_249' title='bbox 1117 3019 1170 3052; x_wconf 90' lang='lat' dir='ltr'><strong>non</strong></span> <span class='ocrx_word' id='word_1_250' title='bbox 1180 2999 1225 3052; x_wconf 83' lang='lat' dir='ltr'><strong>illa</strong></span> 
     </span>
     <span class='ocr_line' id='line_1_30' title="bbox 181 3079 1224 3154; baseline -0.002 -20"><span class='ocrx_word' id='word_1_251' title='bbox 181 3083 348 3135; x_wconf 88' lang='lat' dir='ltr'><strong>Comieorum</strong></span> <span class='ocrx_word' id='word_1_252' title='bbox 385 3080 539 3133; x_wconf 83' lang='lat' dir='ltr'><strong>dicacitatis.</strong></span> <span class='ocrx_word' id='word_1_253' title='bbox 574 3082 680 3152; x_wconf 86' lang='lat' dir='ltr'><strong>Quippe</strong></span> <span class='ocrx_word' id='word_1_254' title='bbox 725 3081 831 3154; x_wconf 91' lang='lat' dir='ltr'><strong>quidem</strong></span> <span class='ocrx_word' id='word_1_255' title='bbox 848 3083 875 3132; x_wconf 96' lang='lat' dir='ltr'><strong>in</strong></span> <span class='ocrx_word' id='word_1_256' title='bbox 896 3079 1028 3132; x_wconf 86' lang='lat' dir='ltr'><strong>celeritate</strong></span> <span class='ocrx_word' id='word_1_257' title='bbox 1050 3093 1130 3153; x_wconf 87' lang='lat' dir='ltr'><strong>atque</strong></span> <span class='ocrx_word' id='word_1_258' title='bbox 1152 3079 1224 3132; x_wconf 88' lang='lat' dir='ltr'><strong>dicto</strong></span> 
     </span>
     <span class='ocr_line' id='line_1_31' title="bbox 183 3157 1226 3231; baseline -0.001 -20"><span class='ocrx_word' id='word_1_259' title='bbox 183 3178 262 3231; x_wconf 89' lang='lat' dir='ltr'><strong>quam</strong></span> <span class='ocrx_word' id='word_1_260' title='bbox 285 3159 388 3210; x_wconf 83' lang='lat' dir='ltr'><strong>Horatii</strong></span> <span class='ocrx_word' id='word_1_261' title='bbox 411 3173 520 3210; x_wconf 82' lang='lat' dir='ltr'><strong>venusta</strong></span> <span class='ocrx_word' id='word_1_262' title='bbox 544 3159 680 3212; x_wconf 89' lang='lat' dir='ltr'><strong>urbanitas</strong></span> <span class='ocrx_word' id='word_1_263' title='bbox 724 3161 825 3230; x_wconf 85' lang='lat' dir='ltr'><strong>posita,</strong></span> <span class='ocrx_word' id='word_1_264' title='bbox 840 3157 885 3210; x_wconf 87' lang='lat' dir='ltr'><strong>sed</strong></span> <span class='ocrx_word' id='word_1_265' title='bbox 897 3161 923 3208; x_wconf 92' lang='lat' dir='ltr'><strong>in</strong></span> <span class='ocrx_word' id='word_1_266' title='bbox 936 3161 1114 3229; x_wconf 86' lang='lat' dir='ltr'><strong>perpetuitate</strong></span> <span class='ocrx_word' id='word_1_267' title='bbox 1126 3179 1226 3212; x_wconf 89' lang='lat' dir='ltr'><strong>sermo-</strong></span> 
     </span>
     <span class='ocr_line' id='line_1_32' title="bbox 182 3236 1225 3307; baseline -0.002 -16"><span class='ocrx_word' id='word_1_268' title='bbox 182 3238 284 3303; x_wconf 85' lang='lat' dir='ltr'><strong>coluit,</strong></span> <span class='ocrx_word' id='word_1_269' title='bbox 295 3238 375 3288; x_wconf 88' lang='lat' dir='ltr'><strong>Persii</strong></span> <span class='ocrx_word' id='word_1_270' title='bbox 386 3239 499 3305; x_wconf 73' lang='lat' dir='ltr'><strong>gravitas</strong></span> <span class='ocrx_word' id='word_1_271' title='bbox 513 3241 583 3289; x_wconf 88' lang='lat' dir='ltr'><strong>acuit</strong></span> <span class='ocrx_word' id='word_1_272' title='bbox 597 3252 622 3290; x_wconf 89' lang='lat' dir='ltr'><strong>et</strong></span> <span class='ocrx_word' id='word_1_273' title='bbox 633 3241 681 3290; x_wconf 87' lang='lat' dir='ltr'><strong>lu·</strong></span> <span class='ocrx_word' id='word_1_274' title='bbox 725 3239 784 3290; x_wconf 86' lang='lat' dir='ltr'><strong>nis:</strong></span> <span class='ocrx_word' id='word_1_275' title='bbox 804 3253 957 3307; x_wconf 86' lang='lat' dir='ltr'><strong>quanquam</strong></span> <span class='ocrx_word' id='word_1_276' title='bbox 974 3239 1084 3307; x_wconf 85' lang='lat' dir='ltr'><strong>propius</strong></span> <span class='ocrx_word' id='word_1_277' title='bbox 1104 3236 1138 3288; x_wconf 84' lang='lat' dir='ltr'><strong>ad</strong></span> <span class='ocrx_word' id='word_1_278' title='bbox 1154 3237 1225 3289; x_wconf 88' lang='lat' dir='ltr'><strong>illam</strong></span> 
     </span>
     <span class='ocr_line' id='line_1_33' title="bbox 182 3316 1227 3386; baseline -0.001 -16"><span class='ocrx_word' id='word_1_279' title='bbox 182 3316 283 3370; x_wconf 78' lang='lat' dir='ltr'><strong>venalis</strong></span> <span class='ocrx_word' id='word_1_280' title='bbox 294 3317 431 3367; x_wconf 88' lang='lat' dir='ltr'><strong>austeritas</strong></span> <span class='ocrx_word' id='word_1_281' title='bbox 442 3329 565 3386; x_wconf 86' lang='lat' dir='ltr'><strong>tauquam</strong></span> <span class='ocrx_word' id='word_1_282' title='bbox 580 3334 681 3368; x_wconf 86' lang='lat' dir='ltr'><strong>veneno</strong></span> <span class='ocrx_word' id='word_1_283' title='bbox 727 3319 867 3370; x_wconf 85' lang='lat' dir='ltr'><strong>accessisse</strong></span> <span class='ocrx_word' id='word_1_284' title='bbox 895 3317 1055 3384; x_wconf 88' lang='lat' dir='ltr'><strong>superiorem</strong></span> <span class='ocrx_word' id='word_1_285' title='bbox 1085 3316 1227 3370; x_wconf 79' lang='lat' dir='ltr'><strong>Lucilianae</strong></span> 
     </span>
     <span class='ocr_line' id='line_1_34' title="bbox 184 3393 1227 3466; baseline 0.002 -19"><span class='ocrx_word' id='word_1_286' title='bbox 184 3397 305 3461; x_wconf 80' lang='lat' dir='ltr'><strong>armavit,</strong></span> <span class='ocrx_word' id='word_1_287' title='bbox 325 3395 425 3459; x_wconf 86' lang='lat' dir='ltr'><strong>Satira,</strong></span> <span class='ocrx_word' id='word_1_288' title='bbox 448 3393 520 3466; x_wconf 87' lang='lat' dir='ltr'><strong>qnod</strong></span> <span class='ocrx_word' id='word_1_289' title='bbox 544 3413 558 3445; x_wconf 88' lang='lat' dir='ltr'><strong>a</strong></span> <span class='ocrx_word' id='word_1_290' title='bbox 579 3411 682 3444; x_wconf 86' lang='lat' dir='ltr'><strong>morum</strong></span> <span class='ocrx_word' id='word_1_291' title='bbox 727 3397 814 3448; x_wconf 73' lang='lat' dir='ltr'><strong>Satires</strong></span> <span class='ocrx_word' id='word_1_292' title='bbox 824 3394 1082 3464; x_wconf 79' lang='lat' dir='ltr'><strong>videntur,qnarum</strong></span> <span class='ocrx_word' id='word_1_293' title='bbox 1095 3395 1227 3466; x_wconf 82' lang='lat' dir='ltr'><strong>plerisque</strong></span> 
     </span>
     <span class='ocr_line' id='line_1_35' title="bbox 184 3471 1225 3547; baseline -0.001 -19"><span class='ocrx_word' id='word_1_294' title='bbox 184 3479 332 3547; x_wconf 67' lang='lat' dir='ltr'><strong>integritate</strong></span> <span class='ocrx_word' id='word_1_295' title='bbox 345 3476 535 3544; x_wconf 86' lang='lat' dir='ltr'><strong>severitateque</strong></span> <span class='ocrx_word' id='word_1_296' title='bbox 546 3475 682 3545; x_wconf 80' lang='lat' dir='ltr'><strong>prolecta,</strong></span> <span class='ocrx_word' id='word_1_297' title='bbox 726 3493 777 3546; x_wconf 90' lang='lat' dir='ltr'><strong>par</strong></span> <span class='ocrx_word' id='word_1_298' title='bbox 798 3475 848 3524; x_wconf 88' lang='lat' dir='ltr'><strong>fuit</strong></span> <span class='ocrx_word' id='word_1_299' title='bbox 865 3471 967 3524; x_wconf 90' lang='lat' dir='ltr'><strong>ridendi</strong></span> <span class='ocrx_word' id='word_1_300' title='bbox 987 3476 1122 3537; x_wconf 77' lang='lat' dir='ltr'><strong>materies,</strong></span> <span class='ocrx_word' id='word_1_301' title='bbox 1142 3476 1225 3527; x_wconf 89' lang='lat' dir='ltr'><strong>simile</strong></span> 
     </span>
     <span class='ocr_line' id='line_1_36' title="bbox 181 3551 1227 3627; baseline -0.002 -19"><span class='ocrx_word' id='word_1_302' title='bbox 181 3557 282 3627; x_wconf 84' lang='lat' dir='ltr'><strong>judicio</strong></span> <span class='ocrx_word' id='word_1_303' title='bbox 297 3554 329 3606; x_wconf 93' lang='lat' dir='ltr'><strong>de</strong></span> <span class='ocrx_word' id='word_1_304' title='bbox 346 3554 424 3605; x_wconf 86' lang='lat' dir='ltr'><strong>rebus</strong></span> <span class='ocrx_word' id='word_1_305' title='bbox 443 3554 564 3605; x_wconf 87' lang='lat' dir='ltr'><strong>humanis</strong></span> <span class='ocrx_word' id='word_1_306' title='bbox 581 3551 683 3605; x_wconf 88' lang='lat' dir='ltr'><strong>liberali</strong></span> <span class='ocrx_word' id='word_1_307' title='bbox 727 3551 878 3615; x_wconf 86' lang='lat' dir='ltr'><strong>consilium,</strong></span> <span class='ocrx_word' id='word_1_308' title='bbox 893 3551 983 3604; x_wconf 83' lang='lat' dir='ltr'><strong>cadem</strong></span> <span class='ocrx_word' id='word_1_309' title='bbox 994 3552 1172 3624; x_wconf 84' lang='lat' dir='ltr'><strong>impudentia,</strong></span> <span class='ocrx_word' id='word_1_310' title='bbox 1185 3573 1227 3625; x_wconf 73' lang='lat' dir='ltr'><strong>ge·</strong></span> 
     </span>
     <span class='ocr_line' id='line_1_37' title="bbox 185 3632 1226 3705; baseline -0.001 -18"><span class='ocrx_word' id='word_1_311' title='bbox 185 3638 334 3705; x_wconf 85' lang='lat' dir='ltr'><strong>mentisque</strong></span> <span class='ocrx_word' id='word_1_312' title='bbox 346 3652 478 3704; x_wconf 74' lang='lat' dir='ltr'><strong>generosae</strong></span> <span class='ocrx_word' id='word_1_313' title='bbox 490 3632 601 3686; x_wconf 89' lang='lat' dir='ltr'><strong>honesta</strong></span> <span class='ocrx_word' id='word_1_314' title='bbox 616 3632 684 3685; x_wconf 90' lang='lat' dir='ltr'><strong>indi·</strong></span> <span class='ocrx_word' id='word_1_315' title='bbox 729 3635 798 3685; x_wconf 88' lang='lat' dir='ltr'><strong>mina</strong></span> <span class='ocrx_word' id='word_1_316' title='bbox 811 3633 930 3684; x_wconf 85' lang='lat' dir='ltr'><strong>audacia.</strong></span> <span class='ocrx_word' id='word_1_317' title='bbox 948 3632 1050 3685; x_wconf 84' lang='lat' dir='ltr'><strong>Deinde</strong></span> <span class='ocrx_word' id='word_1_318' title='bbox 1069 3633 1114 3685; x_wconf 91' lang='lat' dir='ltr'><strong>ubi</strong></span> <span class='ocrx_word' id='word_1_319' title='bbox 1128 3633 1162 3686; x_wconf 93' lang='lat' dir='ltr'><strong>de</strong></span> <span class='ocrx_word' id='word_1_320' title='bbox 1177 3648 1226 3687; x_wconf 84' lang='lat' dir='ltr'><strong>tra·</strong></span> 
     </span>
     <span class='ocr_line' id='line_1_38' title="bbox 186 3711 1225 3785; baseline -0.001 -20"><span class='ocrx_word' id='word_1_321' title='bbox 186 3716 310 3785; x_wconf 72' lang='lat' dir='ltr'><strong>gnatione</strong></span> <span class='ocrx_word' id='word_1_322' title='bbox 331 3715 459 3764; x_wconf 84' lang='lat' dir='ltr'><strong>niteretur</strong></span> <span class='ocrx_word' id='word_1_323' title='bbox 487 3711 560 3782; x_wconf 85' lang='lat' dir='ltr'><strong>(vid.</strong></span> <span class='ocrx_word' id='word_1_324' title='bbox 584 3711 682 3766; x_wconf 89' lang='lat' dir='ltr'><strong>Dnsch.</strong></span> <span class='ocrx_word' id='word_1_325' title='bbox 727 3711 1225 3783; x_wconf 74' lang='lat' dir='ltr'><strong>ctandirotionequeritur‚deducenda</strong></span> 
     </span>
     <span class='ocr_line' id='line_1_39' title="bbox 186 3790 1228 3862; baseline -0.002 -16"><span class='ocrx_word' id='word_1_326' title='bbox 186 3793 271 3846; x_wconf 81' lang='lat' dir='ltr'><strong>Briefe</strong></span> <span class='ocrx_word' id='word_1_327' title='bbox 287 3813 333 3844; x_wconf 83' lang='lat' dir='ltr'><strong>zur</strong></span> <span class='ocrx_word' id='word_1_328' title='bbox 344 3791 408 3844; x_wconf 88' lang='lat' dir='ltr'><strong>Bild.</strong></span> <span class='ocrx_word' id='word_1_329' title='bbox 426 3793 452 3845; x_wconf 93' lang='lat' dir='ltr'><strong>d.</strong></span> <span class='ocrx_word' id='word_1_330' title='bbox 467 3790 643 3846; x_wconf 76' lang='lat' dir='ltr'><strong>Geschmaclas</strong></span> <span class='ocrx_word' id='word_1_331' title='bbox 655 3793 682 3842; x_wconf 87' lang='lat' dir='ltr'><strong>P.</strong></span> <span class='ocrx_word' id='word_1_332' title='bbox 729 3793 785 3846; x_wconf 85' lang='lat' dir='ltr'><strong>sine</strong></span> <span class='ocrx_word' id='word_1_333' title='bbox 803 3791 884 3845; x_wconf 87' lang='lat' dir='ltr'><strong>dubio</strong></span> <span class='ocrx_word' id='word_1_334' title='bbox 898 3793 945 3845; x_wconf 89' lang='lat' dir='ltr'><strong>erit</strong></span> <span class='ocrx_word' id='word_1_335' title='bbox 964 3791 1108 3862; x_wconf 89' lang='lat' dir='ltr'><strong>disputatio</strong></span> <span class='ocrx_word' id='word_1_336' title='bbox 1125 3791 1158 3843; x_wconf 84' lang='lat' dir='ltr'><strong>ad</strong></span> <span class='ocrx_word' id='word_1_337' title='bbox 1175 3810 1228 3845; x_wconf 72' lang='lat' dir='ltr'><strong>cer</strong></span> 
     </span>
     <span class='ocr_line' id='line_1_40' title="bbox 187 3869 1229 3942; baseline -0.003 -19"><span class='ocrx_word' id='word_1_338' title='bbox 187 3873 238 3935; x_wconf 82' lang='lat' dir='ltr'><strong>vl,</strong></span> <span class='ocrx_word' id='word_1_339' title='bbox 255 3892 282 3942; x_wconf 88' lang='lat' dir='ltr'><strong>p.</strong></span> <span class='ocrx_word' id='word_1_340' title='bbox 298 3869 410 3942; x_wconf 76' lang='lat' dir='ltr'><strong>1—77l‚</strong></span> <span class='ocrx_word' id='word_1_341' title='bbox 429 3873 563 3923; x_wconf 89' lang='lat' dir='ltr'><strong>materiem</strong></span> <span class='ocrx_word' id='word_1_342' title='bbox 580 3886 685 3921; x_wconf 89' lang='lat' dir='ltr'><strong>onmem</strong></span> <span class='ocrx_word' id='word_1_343' title='bbox 730 3884 768 3923; x_wconf 86' lang='lat' dir='ltr'><strong>tas</strong></span> <span class='ocrx_word' id='word_1_344' title='bbox 781 3871 909 3942; x_wconf 89' lang='lat' dir='ltr'><strong>quasdam</strong></span> <span class='ocrx_word' id='word_1_345' title='bbox 922 3872 1036 3942; x_wconf 75' lang='lat' dir='ltr'><strong>satyricae</strong></span> <span class='ocrx_word' id='word_1_346' title='bbox 1049 3887 1159 3940; x_wconf 86' lang='lat' dir='ltr'><strong>poeseos</strong></span> <span class='ocrx_word' id='word_1_347' title='bbox 1173 3869 1229 3921; x_wconf 85' lang='lat' dir='ltr'><strong>for-</strong></span> 
     </span>
     <span class='ocr_line' id='line_1_41' title="bbox 188 3945 1228 4022; baseline -0.003 -20"><span class='ocrx_word' id='word_1_348' title='bbox 188 3948 291 4002; x_wconf 88' lang='lat' dir='ltr'><strong>ridiculi</strong></span> <span class='ocrx_word' id='word_1_349' title='bbox 303 3953 405 4022; x_wconf 82' lang='lat' dir='ltr'><strong>repetiit</strong></span> <span class='ocrx_word' id='word_1_350' title='bbox 415 3951 449 4002; x_wconf 90' lang='lat' dir='ltr'><strong>sb</strong></span> <span class='ocrx_word' id='word_1_351' title='bbox 458 3951 514 4003; x_wconf 89' lang='lat' dir='ltr'><strong>istis</strong></span> <span class='ocrx_word' id='word_1_352' title='bbox 523 3947 686 4020; x_wconf 72' lang='lat' dir='ltr'><strong>gravioribus</strong></span> <span class='ocrx_word' id='word_1_353' title='bbox 729 3968 799 4015; x_wconf 81' lang='lat' dir='ltr'><strong>mas,</strong></span> <span class='ocrx_word' id='word_1_354' title='bbox 809 3948 906 4021; x_wconf 90' lang='lat' dir='ltr'><strong>quibus</strong></span> <span class='ocrx_word' id='word_1_355' title='bbox 916 3961 1023 4000; x_wconf 85' lang='lat' dir='ltr'><strong>externo</strong></span> <span class='ocrx_word' id='word_1_356' title='bbox 1034 3949 1111 3999; x_wconf 85' lang='lat' dir='ltr'><strong>etiam</strong></span> <span class='ocrx_word' id='word_1_357' title='bbox 1122 3945 1228 4014; x_wconf 83' lang='lat' dir='ltr'><strong>babitu,</strong></span> 
     </span>
     <span class='ocr_line' id='line_1_42' title="bbox 188 4023 1229 4100; baseline -0.003 -19"><span class='ocrx_word' id='word_1_358' title='bbox 188 4031 270 4095; x_wconf 85' lang='lat' dir='ltr'><strong>vitiis,</strong></span> <span class='ocrx_word' id='word_1_359' title='bbox 284 4048 340 4100; x_wconf 79' lang='lat' dir='ltr'><strong>qnae</strong></span> <span class='ocrx_word' id='word_1_360' title='bbox 350 4043 438 4085; x_wconf 85' lang='lat' dir='ltr'><strong>essent</strong></span> <span class='ocrx_word' id='word_1_361' title='bbox 449 4033 475 4084; x_wconf 92' lang='lat' dir='ltr'><strong>in</strong></span> <span class='ocrx_word' id='word_1_362' title='bbox 486 4033 538 4082; x_wconf 84' lang='lat' dir='ltr'><strong>vita</strong></span> <span class='ocrx_word' id='word_1_363' title='bbox 550 4028 686 4081; x_wconf 87' lang='lat' dir='ltr'><strong>hominurn</strong></span> <span class='ocrx_word' id='word_1_364' title='bbox 731 4047 777 4081; x_wconf 88' lang='lat' dir='ltr'><strong>seu</strong></span> <span class='ocrx_word' id='word_1_365' title='bbox 796 4027 972 4100; x_wconf 86' lang='lat' dir='ltr'><strong>componendi</strong></span> <span class='ocrx_word' id='word_1_366' title='bbox 988 4025 1046 4096; x_wconf 78' lang='lat' dir='ltr'><strong>lege</strong></span> <span class='ocrx_word' id='word_1_367' title='bbox 1060 4038 1086 4076; x_wconf 83' lang='lat' dir='ltr'><strong>et</strong></span> <span class='ocrx_word' id='word_1_368' title='bbox 1103 4023 1229 4092; x_wconf 83' lang='lat' dir='ltr'><strong>artificio,</strong></span> 
     </span>
     <span class='ocr_line' id='line_1_43' title="bbox 190 4105 1231 4182; baseline -0.002 -22"><span class='ocrx_word' id='word_1_369' title='bbox 190 4108 358 4176; x_wconf 73' lang='lat' dir='ltr'><strong>camoribus,</strong></span> <span class='ocrx_word' id='word_1_370' title='bbox 373 4128 482 4182; x_wconf 80' lang='lat' dir='ltr'><strong>queque</strong></span> <span class='ocrx_word' id='word_1_371' title='bbox 498 4110 615 4181; x_wconf 74' lang='lat' dir='ltr'><strong>satyricis</strong></span> <span class='ocrx_word' id='word_1_372' title='bbox 628 4108 687 4160; x_wconf 84' lang='lat' dir='ltr'><strong>ssli-</strong></span> <span class='ocrx_word' id='word_1_373' title='bbox 731 4110 857 4179; x_wconf 83' lang='lat' dir='ltr'><strong>impressa</strong></span> <span class='ocrx_word' id='word_1_374' title='bbox 874 4105 1049 4160; x_wconf 78' lang='lat' dir='ltr'><strong>similitudinis</strong></span> <span class='ocrx_word' id='word_1_375' title='bbox 1064 4105 1173 4177; x_wconf 76' lang='lat' dir='ltr'><strong>vestigia</strong></span> <span class='ocrx_word' id='word_1_376' title='bbox 1189 4109 1231 4158; x_wconf 79' lang='lat' dir='ltr'><strong>in-</strong></span> 
     </span>
    </p>
   </div>
   <div class='ocr_carea' id='block_1_4' title="bbox 0 0 1591 4950">
    <p class='ocr_par' dir='ltr' id='par_1_4' title="bbox 0 0 1591 4950">
     <span class='ocr_line' id='line_1_44' title="bbox 0 0 1591 4950; baseline 0 0"><span class='ocrx_word' id='word_1_377' title='bbox 0 0 1591 4950; x_wconf 95' lang='lat' dir='ltr'><strong> </strong></span> 
     </span>
    </p>
   </div>
  </div>
 </body>
</html>
