3116 4934
457 534 615 600 PERSll
641 533 701 596 ET
725 534 1003 602 JUVENALlS.

1190 541 1255 631 519

208 657 380 751 religiosos
392 683 411 725 a
425 663 585 726 Romsnae
597 661 707 726 satirae
724 659 917 727 auctoribus
933 659 1084 753 legendis
1102 687 1171 731 non
1188 683 1256 732 tarn

207 771 318 839 solent
330 770 518 853 deterrere,
535 795 637 864 quam
648 769 694 838 ad
707 795 766 840 eos
780 768 953 864 juventuti
970 775 1255 848 commendandos

206 885 377 973 segniores
391 879 533 948 reddere
544 891 550 920 ¹
563 907 572 963 ;
585 904 661 975 quae
673 897 793 948 contra
804 881 976 950 interdum
990 882 1061 950 sola
1074 882 1256 955 latinorum

244 1050 267 1084 r.
288 1033 343 1084 Hos
363 1036 400 1085 ita
419 1034 544 1085 refutavit
563 1033 605 1084 Fr.
624 1034 706 1088 Gottl.

204 1111 344 1177 Barthins,
364 1115 391 1166 in
409 1114 513 1165 Praefst.
532 1113 568 1164 ad
589 1116 705 1186 Proper-t.

205 1211 266 1264 pag.
286 1194 331 1262 vj,
356 1210 412 1264 seq.
437 1194 531 1245 «Serio
557 1192 706 1258 eredimus,

205 1275 282 1322 etiam
301 1269 516 1324 adolescentibus
535 1271 650 1323 lectione
674 1271 705 1322 li-

203 1349 312 1402 brorum
323 1350 406 1421 poulo
415 1352 537 1402 licentius
547 1352 705 1422 scriptorum

204 1425 343 1499 (equibus
360 1448 405 1482 eos
419 1431 516 1482 frustra
529 1432 644 1482 retinere
660 1449 707 1481 co-

203 1509 315 1574 namini,
329 1529 345 1560 o
361 1508 443 1560 boni!
461 1511 583 1574 nituntur
597 1510 706 1560 enimin

202 1591 327 1661 vetitum)
346 1589 557 1642 interdicendum
570 1607 623 1640 non
639 1608 705 1642 esse.

201 1673 240 1723 Ae
265 1675 350 1743 primo
377 1671 485 1743 quidem
510 1671 614 1736 fateor,
643 1669 706 1723 mihi

203 1751 341 1822 quodlibet
349 1752 705 1823 antiquitatisfragmentum,

203 1831 277 1903 quod
293 1850 307 1882 e
326 1832 461 1883 communi
478 1831 616 1886 literarum
638 1849 706 1882 nau-

201 1911 285 1982 fragio
301 1922 431 1964 servatum
445 1923 470 1962 et
485 1909 518 1962 ad
533 1922 623 1960 nostra
639 1921 705 1960 tem-

201 2009 267 2062 pora
292 1991 474 2043 transmissum
497 1990 565 2053 fuit,
588 1989 706 2058 gratissi-

200 2089 273 2121 mum
284 2073 409 2142 omnique
420 2072 591 2122 veneratione
605 2069 705 2140 dignis·

200 2151 296 2202 simum
314 2151 406 2203 videri.
425 2149 456 2202 ld
472 2152 494 2202 si
510 2151 543 2201 sit
556 2149 703 2220 ejusmodi,

201 2244 231 2282 ut
255 2232 282 2282 in
307 2230 387 2282 rebus
409 2230 549 2301 turpibus,
576 2245 704 2302 quantum

201 2323 386 2376 est,versetur,
395 2330 482 2383 neque
494 2325 618 2382 praeterea
631 2310 706 2383 quid·

202 2409 280 2462 qrram
307 2391 403 2443 efficiat
424 2391 511 2458 aliud,
535 2409 616 2463 quam
639 2411 704 2462 pru·

197 2550 323 2619 juvenum
346 2550 439 2600 animis
461 2550 632 2600 certissimam
656 2567 704 2620 per

201 2645 228 2679 se
251 2641 352 2698 pestem
379 2629 494 2694 aflerat,
518 2647 625 2679 manum
647 2647 702 2688 non

200 2711 336 2772 verterim,
351 2707 373 2758 si
386 2710 443 2780 quis
457 2707 589 2777 ejusmodi
605 2707 701 2760 librum

196 2785 338 2853 juvenibus
356 2786 522 2856 eripiendum
540 2799 566 2838 et
585 2789 660 2860 quasi
671 2789 701 2858 'vi

200 2863 408 2933 extorquendum
429 2863 525 2918 clamet
544 2884 574 2916 ae
595 2877 701 2936 perten-

198 2941 253 2996 dat.
270 2943 320 2996 Sed
339 2944 407 2998 idem
425 2947 447 2997 si
463 2946 529 2998 liber
544 2947 571 2996 in
589 2946 700 3018 quibus-

200 3021 259 3074 dam
286 3021 366 3074 modo
390 3021 453 3076 loeis
475 3027 601 3093 juvenum
622 3023 699 3078 bonis

200 3101 318 3154 moribus
339 3103 446 3154 officere
465 3121 543 3173 posse
563 3102 700 3172 videatur,

198 3193 323 3250 praeteres
333 3200 394 3232 vero
405 3181 486 3234 multa
498 3183 634 3253 preclara,
643 3203 701 3253 gra-

199 3261 285 3326 viter,
308 3274 420 3330 ornate,
443 3275 603 3333 venusteque
629 3261 699 3314 dieta

199 3340 351 3400 contineat,
366 3359 423 3410 qum
434 3340 474 3392 vel
484 3341 641 3394 severissimi
651 3341 701 3396 Cn·

199 3431 275 3469 tones
292 3413 396 3488 legant,
409 3437 442 3470 ne
456 3421 566 3470 maxime
576 3432 600 3470 et
611 3421 702 3488 injurii

198 3495 259 3548 talis
271 3498 299 3549 in
311 3492 369 3548 libri
383 3497 499 3551 foremus
515 3510 662 3562 auctorem,
676 3513 702 3549 et

196 3577 326 3645 juvenum
345 3573 491 3626 rationibus
518 3576 630 3646 pessime
655 3591 702 3646 per

199 3671 248 3704 nos
261 3651 410 3711 consultum
421 3654 503 3706 fuisse
515 3652 625 3725 quilibet
640 3655 700 3724 opi-

199 3733 285 3783 nionis
312 3746 499 3804 preeoneeptae
519 3730 624 3784 vinculo
646 3751 700 3784 non

199 3811 358 3862 constrictus
376 3810 509 3880 judiearet
513 3849 558 3864 .....
585 3807 637 3864 Sed
658 3813 701 3864 lae

199 3893 277 3941 etiam
296 3893 407 3961 juvenes
426 3891 555 3962 ejusmodi
573 3891 634 3944 locs
653 3891 702 3943 ob-

200 3986 287 4020 seoena
297 3971 399 4042 legere,
413 3970 469 4024 haee
483 3990 536 4022 non
549 3971 597 4022 erit
609 3985 701 4022 nostra

200 4045 286 4120 culpa.
308 4052 403 4122 Neque
428 4051 495 4102 enim
518 4063 564 4102 aut
586 4051 636 4120 ipsi
657 4047 702 4100 ille

200 4128 370 4197 scripsimus,
391 4141 436 4180 aut
450 4130 701 4182 commentariorum

200 4202 258 4256 luee
282 4204 501 4262 collustravimus.
523 4209 601 4262 Poeta
624 4208 703 4280 igitur

752 1035 810 1105 ipse
824 1053 931 1088 eausam
947 1035 1018 1087 dieat
1032 1054 1105 1088 suarn
1118 1050 1144 1089 et
1154 1057 1182 1090 se
1191 1058 1253 1110 par

752 1115 798 1166 tim
810 1115 937 1186 religione
952 1133 1016 1181 sua,
1030 1118 1126 1187 partim
1137 1119 1254 1172 moribus

752 1192 861 1259 saeculi,
885 1213 938 1267 quo
963 1193 1087 1261 vivebat,
1110 1195 1253 1260 defendam

751 1271 845 1334 nobis,
857 1274 902 1342 qui
912 1273 969 1341 ejus
981 1273 1186 1342 interpretamur
1195 1279 1256 1327 seri·

751 1361 814 1419 pta,
833 1348 866 1400 de
884 1367 916 1400 eo
935 1349 1041 1420 quidem
1061 1369 1115 1402 non
1133 1352 1200 1403 adeo
1219 1353 1256 1406 la-

751 1426 901 1479 borandum
921 1427 1032 1480 videtur.
1052 1429 1146 1500 Neque
1166 1444 1255 1484 tamen

751 1513 838 1579 video,
845 1513 910 1585 quid
918 1533 1005 1566 rerum
1013 1517 1130 1586 cognitio
1139 1520 1254 1589 turpium

751 1592 838 1665 probo
869 1595 962 1663 juveni
996 1596 1153 1668 virtutisque
1188 1617 1255 1650 verae

753 1675 869 1737 amanti,
880 1672 1032 1726 detrimenti
1045 1677 1130 1746 possit
1142 1676 1255 1742 efferre,

750 1755 894 1821 presertim
918 1751 952 1803 sb
974 1751 1082 1806 bomine
1107 1753 1217 1826 gentili,
1239 1775 1254 1810 a

749 1832 804 1882 veri
815 1832 865 1883 Dei
882 1830 957 1884 cultu
972 1832 1058 1886 alieno
1072 1835 1253 1906 percipienda.

749 1910 818 1961 Nam
832 1909 900 1962 mala
917 1912 1023 1985 quidem
1041 1931 1137 1980 nosse,
1151 1933 1200 1967 nee
1213 1929 1254 1967 ts-

749 2006 809 2040 men
823 2008 853 2040 ea
863 1989 992 2061 probare,
1004 2009 1089 2065 usque
1102 1993 1169 2046 adeo
1179 1995 1253 2047 vitio-

749 2085 807 2120 sum
818 2083 864 2120 aut
874 2069 1123 2142 reprehendendum
1136 2087 1253 2140 nonest,

749 2160 778 2197 ut
795 2151 884 2220 potius
901 2152 923 2202 is
937 2150 1043 2204 demunt
1057 2171 1155 2204 nomen
1169 2173 1199 2205 se
1215 2153 1253 2205 di-

748 2229 875 2298 quitatem
897 2229 1013 2283 hominis
1034 2234 1130 2284 virtute
1148 2234 1255 2304 praediti

749 2309 877 2360 sustinere
896 2313 1017 2382 tuerique
1036 2311 1101 2364 mibi
1119 2331 1198 2384 posse
1214 2317 1253 2366 vi-

748 2389 858 2460 deatur,
872 2393 1026 2462 quicunctn
1043 2393 1112 2446 male
1126 2408 1207 2466 etque
1221 2395 1240 2449 il

748 2466 867 2538 lecebras
886 2487 978 2522 eorum
998 2489 1090 2524 omnes
1113 2475 1251 2543 cognorit,

749 2558 775 2598 et
787 2545 870 2598 nihilo
887 2559 975 2598 tamen
992 2549 1079 2600 secius
1096 2561 1167 2602 reete
1181 2550 1251 2604 laeta

747 2623 969 2697 honestatemque
989 2629 1051 2679 totis
1072 2627 1173 2680 viribus
1195 2631 1251 2680 ani-

746 2723 844 2776 moque
857 2719 913 2758 toto
925 2704 1132 2776 complectatur,
1143 2709 1251 2780 ejusque

747 2803 775 2836 se
798 2782 996 2854 pulchritudine
1019 2784 1131 2837 delectet
1154 2787 1250 2838 unice:

750 2863 887 2916 «Virtutis
909 2883 974 2918 verte
998 2876 1079 2918 centos
1106 2866 1252 2939 rapidusque

746 2939 880 2996 satelles.»
899 2942 1024 3014 Ejusdem
1044 2945 1178 2996 sententiis
1200 2947 1251 2997 luit

744 3023 827 3074 danus
845 3018 1018 3088 Gebhardus,
1036 3025 1170 3095 antiquior
1188 3027 1251 3076 Pro-

745 3101 824 3172 pertii
848 3097 942 3152 editor.
969 3103 1127 3153 Proetertatis
1148 3102 1250 3168 verbis,

745 3181 848 3250 inquit,
870 3198 924 3230 non
945 3179 1100 3232 imbuendas
1120 3183 1252 3250 autesju·

747 3277 840 3310 venunt
859 3277 915 3312 esse
932 3258 1023 3312 dieunt
1044 3274 1069 3312 et
1088 3275 1158 3314 reete
1177 3285 1182 3312 :
1204 3262 1249 3314 sed

747 3355 780 3388 an
801 3334 896 3389 horum
914 3337 1138 3408 lepidissimorum
1156 3355 1250 3412 poeta-

747 3433 804 3466 rum
815 3415 909 3485 genius
919 3428 1020 3468 tantum
1032 3417 1137 3488 flagitii,
1147 3431 1250 3472 tantum

746 3495 902 3565 corruptele
913 3497 941 3548 in
949 3495 1078 3548 lecturum
1094 3501 1194 3550 animos
1206 3499 1250 3550 ad·

746 3575 848 3641 mittat,
864 3576 971 3642 neseio,
987 3589 1012 3626 et
1032 3593 1115 3642 sane,
1132 3579 1181 3630 Dei
1200 3579 1250 3628 vir-

746 3667 802 3706 tute
815 3653 980 3716 dieam,non
989 3658 1066 3709 sensi.
1077 3659 1183 3710 Utinam
1194 3675 1249 3708 non

747 3733 957 3787 obseoenioribus
972 3737 1068 3805 sepius
1084 3735 1156 3786 domi
1174 3735 1250 3789 dietis

746 3817 906 3866 teneriorem
919 3817 1000 3866 animi
1012 3814 1200 3866 redumrentur
1211 3831 1251 3881 et,

746 3891 819 3964 quod
835 3912 920 3966 neque
938 3895 1038 3964 pictum
1054 3912 1140 3964 neque
1151 3895 1250 3947 ,lietntn

745 3973 773 4022 in
786 3974 928 4041 poematis,
941 3971 1092 4040 audiretur,
1104 3970 1174 4023 unde
1184 3992 1250 4043 pue-

748 4070 835 4102 rorum
854 4071 900 4118 os,
913 4051 998 4115 oculi,
1015 4069 1092 4104 aures
1107 4051 1249 4104 foedissime

747 4130 918 4200 inquinantur
929 4148 1069 4202 moresque
1082 4132 1251 4202 pessumden-

748 4221 820 4258 tur...
834 4209 958 4260 Omnium
971 4205 1156 4262 lristorieorurn
1171 4220 1249 4284 atque
