3148 4950
409 411 476 502 478
624 409 685 474 nc
708 409 880 474 sirint
904 408 1230 473 nonanonou.

407 555 485 630 post
509 533 642 628 epulas,
666 531 710 600 ad
732 531 869 602 dicteria
889 530 1088 600 deflectebat
1113 530 1200 598 salsa
1229 530 1451 624 versibusque

407 645 608 739 plerumque
617 641 754 711 alternis
771 660 806 710 et
819 645 997 736 incomptis
1012 667 1039 710 s.
1052 639 1342 736 extemporalibus
1351 623 1452 726 ⁸(n'seo-

407 764 580 845 οχοιῖιοίομοοι
598 753 650 822 vel
667 762 843 842 αὐτοσχεδίοις
855 763 953 842 ᾅσμαοι
975 778 1033 822 seu
1055 769 1199 841 ποιήμασι,
1226 755 1450 846 Inpmmpltts,

406 869 623 959 Improvisare)
633 887 809 958 expressa,
822 864 946 958 quibus
955 863 1110 956 agricolas
1125 866 1204 932 vino
1216 863 1312 956 pleni
1330 881 1366 930 et
1376 884 1452 953 praa·

406 995 575 1045 tereuntes
584 994 617 1044 et
630 1001 665 1045 se
677 979 819 1044 invicem
827 974 1047 1056 lacessebant,
1055 977 1247 1042 animorum
1256 975 1452 1040 remissione

407 1101 441 1151 et
456 1083 650 1154 temulentia
665 1099 845 1153 excusante
859 1079 994 1174 jocandi
1012 1099 1047 1151 et
1067 1080 1229 1152 irridendi
1245 1083 1418 1150 licentiam
1430 1097 1449 1147 ¹.

406 1200 534 1266 Sensim
555 1223 634 1266 vero
654 1221 708 1266 ars
731 1195 883 1264 adhiberi
907 1200 1007 1289 coepit
1028 1198 1212 1291 rusticique
1232 1196 1393 1264 honu'nes
1413 1191 1451 1258 ad

406 1331 585 1376 numerum
607 1312 733 1396 (ῥυθμὸν,
753 1320 830 1396 μίτρα
844 1320 888 1374 καὶ
906 1310 1045 1398 ἁρμονίαν)
1065 1323 1099 1373 et
1118 1329 1240 1374 canere
1256 1323 1294 1372 et
1313 1307 1451 1395 gesticu-

405 1415 468 1484 lari
486 1439 545 1484 seu
562 1415 683 1484 saltare
702 1415 883 1482 discebant
906 1413 989 1482 lnde
1011 1417 1139 1499 chorus,
1163 1417 1222 1510 qui
1246 1413 1451 1507 principius

406 1532 530 1622 Satyris
542 1526 777 1620 utplurimum
792 1527 1075 1619 componebatur,
1086 1531 1229 1622 ipsaque
1240 1527 1357 1620 poesis
1375 1529 1451 1609 (los-

405 1649 479 1728 τριιί
488 1643 619 1726 pmcne)
631 1639 791 1729 originem
803 1637 899 1705 duxit
907 1647 931 1704 ².
944 1638 1075 1730 Duplex
1088 1657 1203 1706 autem
1212 1636 1300 1704 illud
1313 1635 1450 1703 canuno·

406 1769 482 1814 rum
493 1771 600 1838 genus
611 1747 772 1840 paulatim
785 1749 952 1815 scenicam
963 1744 1248 1843 dramaticamque
1257 1750 1448 1814 Graecomm

404 1871 530 1939 artem,
544 1874 577 1924 et
592 1855 733 1924 alterum
748 1856 885 1950 quidem
899 1859 1085 1948 baqoedias,
1099 1862 1252 1947 (τραῃοίας
1263 1879 1291 1922 s.
1304 1859 1447 1948 τριγφίίιι)

404 1963 548 2034 alterum
571 1967 734 2034 comoedt'as
757 1968 920 2054 (zoppola)
945 1963 1106 2059 peperit³.
1129 1969 1178 2032 Ex
1201 1965 1268 2032 illis
1291 1981 1448 2058 praeterea

405 2071 515 2143 eboris
527 2080 734 2168 Satyrorum,
746 2099 832 2170 quos
842 2078 960 2166 priscis
972 2076 1181 2168 temporibus
1192 2077 1364 2158 ruricolae,
1376 2079 1446 2142 vino

405 2183 595 2280 gaudioque
611 2185 815 2253 exsultantes
829 2191 989 2282 omnique
1003 2186 1188 2255 dicaciutis
1208 2204 1242 2255 et
1259 2187 1447 2280 petulantia

405 2321 526 2388 genere
541 2301 645 2364 risum
657 2300 801 2380 cientes,
816 2299 976 2390 agebant,
990 2315 1077 2366 natae
1093 2316 1174 2366 sunt
1190 2299 1346 2390 Soty'ricoe
1362 2301 1444 2364 Gre-

404 2429 521 2474 oorum
530 2409 672 2500 fabule,
692 2431 785 2502 quae,
806 2431 912 2501 quum
930 2427 1130 2501 argumento
1149 2410 1343 2502 tragoediis,
1363 2429 1443 2474 com-

405 2517 568 2605 positione
581 2517 750 2585 comoediis
763 2520 925 2609 proximae
939 2533 1069 2602 essent,
1086 2516 1223 2586 illarum
1240 2522 1444 2588 severitatem

404 2623 526 2694 harum
550 2627 714 2695 hilaritate
739 2628 993 2719 temperabant,
1017 2646 1051 2696 et
1073 2654 1142 2697 non
1170 2633 1216 2697 ita
1245 2629 1356 2696 multo
1378 2641 1444 2719 post

403 2735 582 2827 Thespidis
593 2740 776 2804 inventoris
788 2753 940 2830 tempora
952 2741 986 2806 in
999 2743 1137 2807 scenicis
1154 2743 1362 2832 tragicorum
1378 2757 1445 2829 poe

405 2859 512 2910 tarum
523 2844 761 2912 certaminibus
772 2869 800 2912 s.
810 2860 996 2936 τιτραλογίαις,
1011 2873 1088 2943 quae
1100 2847 1208 2916 tribus
1217 2850 1314 2917 festis
1325 2843 1442 2916 Bacchi·

403 2952 450 3016 cis
464 2951 517 3017 vel
530 2952 738 3020 Liberalibus
751 2957 912 3038 (Διονυσίοις
922 2971 975 3032 τοῖς
992 2970 1019 3024 lt
1041 2973 1166 3046 Λίμναις,
1185 2977 1240 3035 τοῖς
1260 2967 1320 3026 κατ’
1337 2966 1399 3024 ἄστυ
1416 2966 1444 3017 θῑ

402 3075 455 3133 τοῖς
469 3049 524 3126 καί
537 3066 642 3151 ἀγρούς)
661 3059 933 3143 celebrabantur,
953 3065 1047 3130 trinis
1064 3064 1252 3156 tragoediis,
1273 3064 1318 3131 ab
1336 3059 1441 3130 eodem

402 3169 581 3256 propositis
595 3186 693 3260 poeta
705 3186 738 3240 et
748 3188 947 3262 argumento
959 3172 1029 3239 fere
1036 3173 1132 3276 'baud
1144 3173 1358 3266 disparibus,
1374 3191 1440 3236 eum

402 3276 436 3340 in
451 3274 552 3343 linem
565 3278 721 3372 subjungi
736 3281 907 3362 solebant,
920 3297 975 3363 ut,
990 3283 1155 3377 quidquid
1167 3287 1317 3352 tristitiae
1329 3307 1367 3348 ex
1384 3277 1441 3345 illis

400 3381 486 3450 forte
507 3384 665 3457 haustum
684 3408 789 3474 esset,
808 3389 859 3458 bis
879 3390 1117 3461 relaxareturl.
1143 3399 1268 3464 Praeter
1292 3395 1352 3462 bas
1371 3411 1440 3458 ver⁰

439 3669 461 3705 t.
472 3653 512 3707 Cf.
521 3655 580 3708 loca
588 3659 663 3712 class.
672 3664 743 3732 Virfl.
753 3665 850 3734 θοοῖς.
857 3667 897 3730 ll,
979 3685 1002 3718 s.
1018 3668 1095 3720 Conf.
1108 3670 1218 3722 Aristot.
1233 3671 1310 3723 Post.
1325 3687 1349 3720 c.
1361 3666 1386 3732 4.
1399 3661 1438 3712 Τί·

401 3732 451 3786 385
466 3753 522 3806 sqq
537 3738 626 3790 Horat.
641 3742 723 3812 Epist.
740 3745 776 3808 ll,
799 3762 827 3806 ι,
851 3745 898 3816 ¹39
943 3743 998 3795 bul.
1021 3746 1073 3797 loc.
1088 3745 1159 3798 laud.

400 3831 458 3884 sqq.
478 3828 504 3866 et
521 3814 617 3870 Tibull.
636 3821 662 3885 l,
675 3837 708 3888 7,
722 3821 756 3874 35
770 3841 809 3893 sq.
823 3826 858 3887 ll,
877 3839 899 3887 1,
979 3825 1004 3876 3.
1018 3821 1254 3881 vidnnnotloe.
1264 3833 1309 3882 cit.
1320 3824 1436 3882 etAtben.

401 3891 430 3942 51
445 3909 484 3961 tq.
505 3893 672 3948 scurrilitatis
692 3897 761 3950 illius
779 3899 899 3971 exempla
944 3905 982 3969 11,
996 3923 1055 3975 pag.
1072 3905 1114 3970 lo.
1127 3905 1167 3956 ed.
1184 3907 1301 3959 Casaub.
1317 3901 1436 3958 Blanlten-

399 3982 462 4019 nota
477 3987 507 4022 ex
519 3973 609 4024 Horat.
625 3975 677 4026 Sat.
693 3978 717 4040 l,
730 3978 760 4043 5,
771 3979 800 4031 51
816 3999 856 4050 sq.
872 3996 897 4050 7,
942 3972 1017 4051 b'urg.
1032 3984 1056 4046 l,
1069 4002 1131 4054 pag.
1149 3985 1203 4051 sot
1215 4005 1254 4057 sq.

403 4059 412 4091 ¹
428 4064 468 4114 sq·
482 4049 515 4101 28
527 4068 565 4119 sq.
582 4054 651 4122 l'irg.
667 4054 721 4105 Ecl.
734 4057 778 4106 ΙΙΙ.
977 4063 1003 4127 l.
1016 4061 1093 4115 Conl.
1105 4064 1220 4116 Cataub.
1230 4065 1277 4118 lib.
1288 4067 1307 4118 l.
1322 4083 1343 4115 c.
1357 4055 1433 4112 245·
