2970 4936
381 414 442 476 128
553 411 708 475 VARIAE
731 407 1001 474 LECTIONES
1025 409 1086 473 ΕΤ
1110 409 1246 476 NOTAE

374 541 450 603 primo
466 537 605 584 crediderim
621 535 667 581 hoe
678 533 768 596 Virgilii
783 533 836 580 loco
850 535 953 580 insenum
963 536 1023 581 verti
1038 534 1125 582 debere
1140 551 1184 599 per
1199 540 1282 586 mentis
1296 555 1350 588 nun
1367 543 1428 590 bene

374 622 521 672 compotem,
533 620 559 654 nt
568 619 633 653 rates
641 621 691 652 esse
702 604 811 650 dicuutur
822 621 835 650 a
847 607 942 652 numine
954 606 1058 668 agitatam
1070 605 1155 652 deinde
1164 605 1203 652 bic
1207 608 1283 668 jocari
1293 622 1319 657 et
1328 627 1427 676 aspen

374 682 494 735 Persium,
506 680 600 725 minime
611 693 666 724 vero
677 675 771 722 lanciare
782 687 806 720 et
819 675 940 733 admirari,
954 678 1007 738 quis
1020 691 1068 722 nen
1080 676 1204 739 iutelligit?
1216 680 1294 726 Restat
1307 694 1335 727 ut
1350 683 1426 730 dicam

374 757 453 802 insursu
467 750 547 810 (valde
558 751 629 808 saun)
644 748 690 794 dici
700 763 743 809 per
754 747 861 792 uoniam.
876 747 922 792 Sed
930 747 989 810 quid
999 748 1067 809 jurat
1076 748 1123 794 vim
1133 749 1198 795 verbi
1207 762 1286 796 notam
1295 767 1324 798 ac
1335 753 1425 800 solitam

373 824 513 884 iufringere,
526 832 553 868 ut
563 819 699 867 adsimilem
709 833 802 865 sensum
812 820 977 865 revertantur?

410 943 475 993 Nor.
497 937 539 1006 45.
557 936 673 990 Grandia
686 934 708 987 si
723 933 820 986 nollem
835 917 956 987 morituri
969 936 1044 987 verba
1060 937 1164 990 Catortis
1177 938 1277 991 Dicere.
1292 970 1331 979 -
1349 940 1425 994 Rides

374 1020 499 1074 hocloco
515 1019 616 1070 Persius
632 1029 657 1068 et
672 1017 732 1066 trita
747 1013 896 1074 scholarum
910 1027 1081 1086 argumenta,
1096 1029 1122 1068 et
1133 1035 1279 1088 puerorum
1290 1017 1423 1074 declama.

373 1105 458 1154 dones
469 1099 510 1169 api
518 1110 582 1149 tune
593 1097 720 1168 temporis
731 1092 829 1146 solitas.
840 1095 932 1161 Quint.
942 1093 988 1146 lib.
996 1097 1034 1161 Il,
1044 1113 1122 1169 capp.
1132 1095 1163 1163 3,
1174 1096 1199 1163 4,
1210 1096 1324 1161 &idem
1332 1099 1382 1152 lib.
1390 1104 1423 1169 X,

373 1199 430 1252 cap.
445 1178 476 1242 5;
491 1175 611 1229 Juvenal.
622 1177 648 1241 l,
664 1176 710 1235 163
725 1176 789 1227 Stat.
801 1171 861 1225 Silv.
872 1173 910 1238 V,
923 1172 956 1238 3,
968 1175 1017 1226 215
1028 1193 1086 1245 sqq.
1098 1205 1135 1216 -
1147 1175 1274 1228 Morituri
1283 1179 1365 1229 verba
1377 1181 1423 1232 cs.

373 1262 440 1315 tonis
444 1282 454 1324 ,·
464 1257 621 1311 declamatio
628 1295 637 1322 ,
648 1269 677 1306 ut
688 1254 769 1306 altera
780 1251 851 1320 baec,
862 1253 998 1323 cujus·Sat.
1008 1258 1031 1318 l,
1045 1256 1088 1321 16,
1098 1256 1218 1307 meminit
1224 1257 1382 1311 Juvenali„
1392 1259 1423 1311 ad

373 1340 484 1414 Syllam,
500 1351 528 1389 ut
544 1336 622 1388 abeat
637 1332 784 1400 dictatura,
799 1344 849 1385 etc.
864 1333 1099 1405 Locupletissimus
1112 1336 1164 1387 fuit
1177 1334 1220 1387 trel
1232 1335 1268 1389 ad
1281 1338 1423 1410 disputen-

371 1420 436 1471 dum
448 1418 487 1470 vel
502 1416 535 1468 ad
548 1411 751 1467 declamandum
761 1411 834 1483 apud
845 1414 980 1464 Romanos
992 1411 1066 1465 locus
1078 1413 1252 1468 celeberrima
1262 1435 1338 1471 mors
1349 1420 1422 1471 Cato-

370 1501 411 1551 nis
421 1498 560 1550 Uticensis.
571 1495 662 1546 Senec.
675 1492 786 1563 Epistol.
799 1492 893 1543 XXIV.
906 1521 941 1531 -—
954 1493 1070 1544 Grandia
1075 1513 1085 1553 ,-
1095 1493 1150 1545 noli
1160 1495 1324 1566 intelligere:
1335 1499 1421 1570 qualis

371 1579 497 1631 decerent
511 1587 614 1627 tantum
627 1572 713 1624 virum
726 1573 753 1622 in
767 1573 909 1623 novissima
924 1589 955 1624 ac
974 1571 1085 1624 solemni
1103 1576 1194 1626 mortis
1207 1573 1260 1627 die.
1280 1577 1354 1628 Joeo
1372 1577 1421 1630 boc

370 1660 471 1714 dictum
483 1670 538 1721 est,
548 1673 602 1726 quo
616 1653 698 1722 magis
711 1665 852 1723 appareat,
866 1669 945 1722 qnam
957 1669 1051 1722 perum
1064 1655 1226 1707 conveniens
1238 1654 1349 1708 sittim-e
1357 1659 1421 1708 asti-

370 1738 497 1792 mnndnm
509 1753 607 1808 puero,
619 1751 706 1785 rerum
716 1745 918 1805 temporumque
927 1733 1034 1802 ignaro,
1044 1734 1115 1786 cives
1123 1734 1342 1805 praeclarissimos
1352 1736 1421 1789 dilli.

370 1818 535 1890 cillimasque
546 1812 708 1886 Reipublicae
720 1825 898 1884 tempestates.
914 1812 1041 1866 Sensum
1054 1814 1125 1866 euim
1137 1827 1164 1866 et
1175 1817 1369 1868 sententiarum
1380 1837 1421 1868 ne·

369 1901 455 1972 glecta
464 1899 605 1968 gravitate,
616 1912 695 1966 quam
706 1891 827 1944 nondum
836 1895 908 1964 capit
918 1891 962 1944 illa
972 1905 1047 1958 setas,
1057 1893 1162 1964 turgida
1171 1895 1251 1947 verbs
1263 1897 1419 1948 recitabant.

369 1979 470 2034 Eodem
482 1995 556 2030 more
564 1973 678 2050 prandia
688 1970 732 2024 bic
744 1973 861 2042 positum
874 1985 928 2036 est,
941 1989 972 2023 ae
985 1973 1013 2024 in
1023 1975 1053 2038 l,
1069 1972 1100 2039 14
1113 1995 1119 2024 2
1136 1973 1255 2046 «pronde
1267 1974 1379 2047 aliquid.
1391 2001 1401 2021 ι

405 2105 471 2157 Nor.
493 2099 535 2167 46.
554 2100 617 2152 Non
633 2115 696 2149 suno
715 2094 829 2146 multum
849 2095 983 2146 laudando
997 2096 1129 2168 mapistm.
1143 2123 1180 2135 -
1196 2097 1259 2148 Nem
1273 2115 1354 2150 „mu
1366 2113 1419 2149 em

368 2183 503 2258 inspirer,
517 2178 562 2250 qui
573 2173 634 2227 talia
644 2185 808 2246 proponeret
821 2173 910 2243 pueris
921 2189 1076 2244 argumenta
1084 2213 1093 2241 ,
1101 2171 1249 2244 judiciique
1261 2179 1418 2246 pravitatem

369 2267 397 2316 in
409 2257 544 2314 laudando
557 2253 723 2320 ostenderet,
734 2252 776 2305 vel
791 2252 979 2305 adulationem.
995 2256 1101 2306 Peteon.
1116 2253 1182 2304 lmit.
1195 2253 1313 2318 Satirici;
1327 2255 1418 2308 Gram.

368 2343 480 2396 maticos
491 2339 624 2412 mapistrus
638 2349 664 2387 et
676 2333 829 2406 professores
843 2353 899 2386 esse
914 2333 1063 2407 appellatos
1076 2333 1224 2386 docuerunt
1237 2337 1356 2408 interpp.
1372 2339 1417 2388 Pe-

368 2437 437 2476 tron.
455 2419 497 2474 55.

403 2539 471 2590 Nos,
491 2535 534 2605 47.
552 2534 614 2605 Qnoe
623 2542 699 2603 poter
709 2530 827 2583 adductis
838 2533 933 2584 sudans
944 2531 1045 2584 audiret
1054 2533 1152 2584 amicis.
1164 2561 1200 2572 —
1210 2533 1328 2598 Sedato,
1343 2546 1417 2585 aestu-

369 2638 431 2686 ans,
443 2617 536 2671 anxius
545 2613 579 2667 de
591 2625 702 2680 eventu,
713 2611 828 2678 spartea.
842 2641 879 2654 ·-
891 2612 1030 2674 Adductis,
1041 2627 1071 2664 nt
1081 2611 1192 2665 filiolum
1202 2613 1278 2665 verba
1288 2613 1417 2666 dicentem

368 2701 490 2754 audirent
505 2699 614 2766 ejusque
629 2693 785 2765 sapientiam
799 2692 965 2745 mirarentur.
980 2693 1091 2761 Quintil.
1109 2695 1149 2759 X,
1165 2713 1224 2766 eap.
1243 2695 1258 2748 5
1276 2717 1282 2746 ι
1298 2719 1310 2742 ι
1324 2695 1417 2748 Obstat

367 2779 430 2832 buic
438 2816 447 2845 ,
456 2777 467 2846 (
475 2790 503 2828 ut
513 2775 589 2846 pueri
599 2770 719 2824 celeriter
727 2771 887 2844 proficiant)
897 2771 971 2842 quod
980 2772 1099 2826 secundo
1110 2771 1178 2827 libro
1188 2776 1280 2846 posui,
1292 2777 1418 2848 frequens

368 2852 660 2924 turbediscipulorum,
669 2865 696 2902 et
705 2847 873 2903 consuetudo
885 2850 1007 2904 classium
1020 2854 1098 2906 certis
1109 2851 1203 2906 diebus
1212 2855 1416 2922 audiendarum,

366 2935 489 2991 nonnihil
507 2936 585 2986 etism
604 2933 741 3002 persuasio
758 2941 865 3003 patrum
882 2933 1076 2985 numerantium
1091 2935 1181 3005 potius
1195 2933 1416 3004 declamationes,

368 3037 448 3092 φιιιιι
460 3013 676 3069 estimandum.-

397 3163 459 3206 Vsrt.
475 3157 513 3214 48.
523 3159 593 3210 lum
602 3155 683 3200 etettt'm
693 3153 850 3208 iti-summum,
864 3156 922 3218 quid
933 3154 1160 3219 dextcrseniufemt
1173 3159 1247 3213 Scire,
1261 3168 1310 3204 erut
1324 3163 1351 3206 ιἰι
1359 3170 1415 3208 voto.

365 3257 397 3270 ...
408 3231 484 3279 Edunt
497 3229 561 3276 MSS.
572 3225 650 3281 tots,
660 3223 722 3287 8070
733 3241 738 3270 :
750 3229 832 3272 etenim
843 3228 868 3272 id
877 3242 979 3284 summo,
995 3229 1060 3290 quasi
1072 3226 1212 3288 adjectivum
1226 3244 1279 3276 eura
1293 3241 1349 3278 uoto
1359 3247 1415 3278 con-

366 3301 500 3350 sociandum
511 3298 585 3354 locet,
595 3311 643 3352 nun
653 3311 706 3342 cum
716 3298 745 3342 id.
754 3300 872 3344 Summam
881 3296 987 3359 pratuli,
1000 3298 1064 3361 quod
1073 3295 1161 3344 babent
1167 3298 1206 3346 alii
1214 3301 1278 3346 Mss.
1287 3302 1353 3348 iuter
1360 3318 1416 3366 quos

366 3374 440 3435 8273,
456 3371 567 3435 quodque
579 3381 721 3430 receperunt
734 3367 835 3415 editores
848 3369 1012 3431 probatissimi.
1029 3369 1117 3432 Saepius
1129 3371 1154 3415 in
1166 3385 1235 3417 versu
1249 3387 1385 3421 recurreret
1395 3387 1417 3419 et

366 3455 505 3492 consonaret
515 3459 537 3490 o.

401 3553 466 3604 Non.
487 3549 529 3617 48.
543 3549 622 3609 dum
632 3547 726 3598 etenim
738 3545 766 3597 id
773 3563 918 3612 summum,
929 3545 993 3617 quid
1002 3545 1257 3618 destersenioserret
1265 3547 1353 3615 Scire,
1364 3559 1417 3612 erat

366 3633 394 3683 in
404 3641 472 3684 voto.
485 3654 519 3670 κ
531 3628 609 3688 Jure,·
622 3625 807 3677 convenienter
818 3625 892 3677 annis
903 3624 1058 3696 puerilibus.
1072 3625 1139 3678 Huic
1148 3625 1230 3678 verbo
1242 3625 1311 3678 inest
1320 3630 1361 3680 vis
1373 3645 1415 3679 cu·

364 3712 432 3760 mica
439 3747 447 3775 ,
455 3726 538 3780 quum
547 3705 668 3775 designet
677 3705 771 3754 merito
783 3703 912 3755 fastidisse
923 3721 1033 3775 puerum
1044 3706 1147 3775 ineptas
1157 3707 1369 3758 exercitationes
1381 3735 1415 3744 -

364 3791 469 3844 Etenim
485 3789 513 3841 id
524 3804 670 3848 triestinum,¹
684 3785 776 3838 Senec.
790 3781 901 3857 Epistol.
916 3785 1015 3836 LXXI:
1034 3787 1165 3855 «Quoties
1180 3786 1245 3860 quid
1258 3786 1414 3858 fugiendum

365 3873 414 3936 sit,
430 3882 475 3921 aut
486 3867 550 3940 quid
565 3865 706 3940 petendum
718 3864 790 3917 voles
804 3866 885 3931 scire,
900 3863 936 3916 sd
950 3884 1078 3918 summum
1089 3866 1192 3920 bonnm
1204 3880 1230 3920 et
1245 3870 1413 3940 propositum

365 3954 446 4004 totins
460 3952 518 4002 ritas
532 3950 636 4020 respice
651 3968 657 3996 :
677 3945 717 3998 illi
733 3947 804 3998 enim
818 3947 968 3998 consentire
982 3945 1061 3999 debet
1076 3946 1207 4022 quidquid
1220 3951 1332 4020 egimus.
1352 3951 1412 4000 Non

365 4031 488 4104 disponet
500 4026 616 4099 singula,
632 4028 682 4079 nisi
696 4028 740 4078 cui
750 4031 805 4096 jam
816 4027 875 4077 vitae
887 4043 940 4078 sure
953 4045 1053 4079 semma
1067 4029 1204 4098 proposita
1217 4042 1287 4082 est·
1302 4029 1412 4081 Summa

364 4123 452 4163 autem
465 4109 537 4162 bona
554 4109 658 4181 pueris,
673 4119 700 4158 et
712 4125 768 4179 qus·
782 4106 831 4157 sibi
846 4109 956 4159 maxime
972 4108 1121 4179 exoptanda
1136 4121 1248 4181 putant,
1262 4107 1319 4160 ludi
1334 4119 1409 4170 suut,
