3116 4934
414 513 479 602 598
674 512 823 576 INDEX
844 510 1067 577 CODICUM
1091 511 1186 578 MSS.

413 635 626 698 memorabiles
642 656 677 698 ac
699 635 866 716 singulares
882 637 992 718 passim
1011 637 1145 717 suggerit
1161 635 1316 713 lectiones,
1332 650 1359 698 et
1369 639 1425 700 Sec.

411 736 467 794 XII
483 737 613 816 scriptus
626 747 679 795 est.
692 733 785 794 Foliis
796 735 864 794 LIV
875 746 1011 812 constat,
1029 750 1059 794 et
1070 736 1239 814 marginem
1257 737 1429 817 spatiumque

410 834 493 892 inter
505 832 602 893 lineas
624 831 729 891 multae
747 845 900 913 occupant
918 831 1032 912 glossae.
1052 833 1232 893 Membrana
1254 837 1348 915 magis
1366 835 1429 895 flava

409 945 452 992 est
463 951 558 1012 quam
569 931 656 1006 alba,
671 929 722 990 sed
736 928 813 990 bene
831 930 969 1012 levigata.
982 932 1153 991 Literarum
1168 929 1271 993 forma
1285 932 1430 1016 majuscula

409 1042 439 1087 et
453 1039 543 1086 ovata
558 1027 654 1106 magis
663 1047 758 1108 quam
770 1025 912 1086 rotunda.

490 1173 537 1213 aa.
549 1151 796 1213 Schdnbomensis
808 1175 830 1212 s.
845 1151 1040 1233 Gaybacensis
1052 1151 1138 1228 alter,
1154 1155 1219 1215 sine
1234 1155 1354 1236 glossis,
1367 1153 1432 1213 bene

408 1266 603 1311 conservatus
622 1263 651 1310 et
665 1250 737 1310 satis
755 1251 911 1332 perspicue
924 1249 1026 1311 medio
1044 1250 1149 1311 forsan
1167 1251 1216 1311 vel
1234 1265 1357 1312 exeunte
1373 1251 1432 1312 Sec.
1501 1283 1502 1308 1

408 1347 480 1406 Xlll
494 1347 634 1428 scriptus.
646 1348 789 1424 Quatuor
805 1345 960 1428 prioribus
974 1346 1077 1406 Satiris
1092 1349 1242 1408 recentior
1259 1369 1365 1407 manus
1379 1347 1433 1406 bre
1501 1325 1502 1350 ³

409 1444 459 1502 via
476 1443 622 1527 praemisit
637 1456 830 1525 argumenta.
846 1441 948 1504 Codex
966 1444 1028 1525 ipse
1042 1463 1107 1503 non
1121 1443 1281 1520 eamdem,
1293 1465 1381 1528 quam
1396 1466 1434 1504 su·

408 1543 530 1623 perior,
552 1541 760 1601 recensionem
787 1540 943 1621 sequitur,
972 1540 1144 1622 multasque
1167 1541 1312 1602 lectiones
1332 1539 1434 1600 exhibet
1501 1553 1502 1558 ’

408 1650 475 1697 tum
490 1639 644 1718 egregias,
666 1649 734 1696 tum
755 1635 813 1696 sibi
833 1637 986 1718 proprias.
1005 1636 1042 1696 ln
1063 1651 1195 1720 utroque
1216 1639 1376 1698 innumera
1391 1635 1432 1696 de·

409 1731 643 1816 prehenduntur
659 1754 773 1794 vocum
789 1733 971 1816 compendia
985 1746 1015 1793 et
1030 1754 1094 1794 non
1109 1734 1200 1795 modo
1218 1735 1329 1796 crebrae
1345 1753 1434 1796 emen·

409 1829 545 1892 dationes
561 1830 699 1892 secundae
714 1851 841 1908 manus,
858 1831 910 1891 sed
925 1831 1047 1913 aliquot
1060 1834 1153 1892 etiam
1167 1833 1255 1893 Varr.
1272 1835 1352 1893 Lect
1365 1843 1434 1896 nota·

409 1933 519 1991 tiones.

491 2050 527 2110 23
545 2065 575 2110 et
590 2053 637 2112 25.
656 2049 787 2111 Gothani
804 2049 878 2126 dno,
897 2050 1138 2130 membranacei,

409 2167 463 2248 qui
476 2168 508 2225 in
522 2165 829 2228 BibliothecaDucali
842 2179 960 2227 exstant
970 2181 1000 2227 et
1013 2187 1133 2227 summa
1144 2167 1292 2226 Virorum
1304 2166 1363 2234 Cel.
1374 2166 1436 2226 Gels

409 2263 459 2322 leri
469 2275 499 2323 et
508 2264 659 2345 Doerinqii
671 2260 863 2323 humanitate
877 2262 982 2323 usibus
993 2264 1104 2324 nostris
1118 2261 1213 2322 oblati
1227 2274 1310 2322 sunt.
1325 2262 1434 2322 Criticus

409 2374 513 2422 tamen
525 2382 634 2424 eorum
646 2383 718 2422 usus
728 2362 777 2422 vel
792 2361 896 2424 nullus
909 2361 954 2422 vel
969 2363 1095 2442 exiguus
1109 2375 1166 2437 est,
1179 2381 1278 2443 quum
1292 2359 1404 2421 indocte
1413 2369 1436 2418 et

409 2460 574 2519 recentiori
590 2478 655 2519 aevo
666 2457 758 2538 (alter
767 2473 894 2520 exeunte
907 2457 1011 2519 forsan
1025 2459 1098 2518 Saec.
1110 2458 1195 2534 xlv,
1210 2456 1289 2518 alter
1300 2457 1435 2540 principio

409 2557 480 2617 Saec.
493 2557 547 2616 XV
556 2560 582 2634 ),
597 2575 698 2637 neque
709 2577 745 2615 ex
756 2558 877 2639 optimo
889 2553 1056 2637 exemplari
1068 2554 1207 2636 descripti
1217 2556 1290 2616 sint.
1302 2556 1434 2615 Caeterum

409 2654 484 2715 alter
505 2655 642 2715 Persium
661 2653 802 2714 Juvenali
817 2653 960 2735 junctum
978 2668 1008 2713 et
1027 2652 1139 2734 glossas
1157 2650 1269 2728 habet,
1288 2666 1355 2714 tum
1371 2654 1436 2712 inter

409 2751 521 2827 lineas,
534 2767 602 2811 turn
613 2752 746 2830 margini
759 2749 941 2832 adscriptas,
952 2749 1004 2810 sed
1017 2769 1126 2831 parum
1142 2750 1241 2810 utiles.

491 2867 539 2925 25.
560 2867 731 2946 Lipsiensis,
1360 2933 1363 2940 Δ

410 2973 659 3034 membranaceus
670 2986 700 3032 et
710 2974 885 3033 recentioris
896 2994 1020 3055 quoque
1030 2975 1140 3046 artatis,
1154 2991 1253 3054 neque
1265 2986 1368 3031 tamen
1379 2963 1435 3027 nul·

409 3071 469 3130 lius
485 3069 649 3144 momenti,
668 3089 761 3149 quem
775 3089 846 3129 cnm
868 3068 987 3152 aliquot
1005 3069 1090 3129 editt.
1109 3081 1186 3128 antt.
1206 3068 1305 3149 (Lips.
1330 3065 1397 3145 ¹497
1413 3076 1436 3121 et

412 3168 501 3242 1507,
519 3167 594 3226 Ven.
616 3165 706 3246 1498,
730 3169 853 3249 Argent.
877 3167 969 3242 1518,
992 3164 1131 3225 Heidelb.
1152 3164 1247 3245 1590)
1268 3186 1286 3223 e
1306 3155 1435 3223 Bibliotb.

407 3265 549 3326 Academ.
569 3263 647 3323 mihi
665 3265 812 3325 benevole
831 3263 1037 3325 commodavit
1055 3262 1102 3322 lll.
1121 3261 1216 3338 Beck,
1236 3282 1307 3322 naso
1326 3258 1437 3320 nomine

409 3375 535 3442 rogatus
551 3362 590 3421 ab
603 3361 733 3422 amiciss.
750 3359 874 3422 Kiihndl.
897 3360 1013 3420 Eadem
1033 3379 1144 3420 manus
1157 3371 1225 3418 tum
1243 3356 1436 3426 interlineas,

407 3473 474 3520 tum
493 3461 526 3519 in
544 3475 674 3541 utroque
687 3461 826 3541 margine
845 3457 958 3518 multas
977 3457 1137 3539 adscripsit
1150 3455 1285 3538 glossas,
1304 3449 1437 3535 equibus

407 3557 497 3616 tacite
517 3557 665 3637 quasdam
685 3557 725 3616 ab
744 3558 814 3616 Ant.
826 3555 1012 3617 Mancinello
1030 3554 1240 3637 transscriptas
1260 3569 1291 3614 et
1308 3571 1365 3636 pro
1385 3549 1436 3608 suis

406 3653 576 3714 venditatas
591 3652 803 3714 animadverti.

488 3768 534 3828 26.
556 3766 801 3848 Hambmyensis,
815 3767 924 3828 formae
936 3779 1064 3842 octavae,

406 3899 497 3963 quem
509 3859 564 3939 in⁸i
568 3902 620 3962 psa
633 3877 820 3940 Bibliotheca
831 3881 987 3941 Senatoria
1001 3901 1072 3940 cum
1083 3881 1157 3941 edit.
1168 3880 1367 3944 Henniniana
1378 3893 1435 3957 per

406 3974 583 4037 humaniter
601 3989 822 4058 compararunt
839 3978 1031 4041 Lichtenstein
1041 3993 1071 4040 et
1082 3977 1300 4054 Fraudenther'l,
1312 3977 1435 4059 quicum

406 4075 475 4132 Saec.
488 4075 533 4151 Xl
547 4073 692 4156 scripturn
705 4075 908 4156 suspicantur.
932 4075 989 4135 Sed
1007 4096 1107 4157 neque
1121 4076 1221 4137 studio
1233 4073 1441 4140 librariorum

407 4189 506 4250 neque
517 4170 683 4232 lectionum
696 4172 850 4246 bonitate,
865 4174 993 4254 insignis
1005 4189 1058 4234 est.
