2970 4936
353 523 404 587 nt
427 522 638 588 sunnin
662 526 898 592 sunnin.
1097 558 1158 625 ιη

105 649 196 702 rimula
210 661 339 716 vocetur,
353 650 416 720 quia
426 649 535 703 morbos
544 649 611 703 hene
622 650 720 706 multos
732 667 855 724 procreat
865 657 962 709 nimius
972 671 1065 728 sestns,
1075 679 1162 716 canes·

104 749 161 802 que
173 731 251 783 etiam
263 731 292 781 in
304 729 407 783 rabiem
420 731 483 800 ogit.
499 730 575 783 Unde
586 733 677 783 Horat.
690 732 743 786 Sat.
756 734 791 799 ll,
803 734 833 802 6,
847 736 911 790 ηδε

518 849 534 860 ..
543 817 647 862 ..rabiosi
655 820 824 877 temporssigni.

104 923 145 934 -
154 895 240 967 coquit
248 913 340 948 memes
348 896 442 955 sicem
449 893 572 964 perducit
582 894 616 947 nd
625 898 804 950 maturitatem
814 913 915 971 segetes
924 915 1004 974 atque
1013 903 1093 958 llnras
1103 908 1163 960 red-

104 973 162 1041 dit,
173 974 250 1044 qnssi
262 987 426 1026 torreantur.
441 1003 477 1013 —
490 973 667 1036 tamdictum
682 989 793 1048 propter
805 981 953 1033 mstivsrum
966 986 1084 1037 noctium
1100 986 1162 1039 bre-

98 1055 230 1140 =ritatem,
246 1065 275 1106 et
290 1071 345 1125 qno
359 1054 443 1124 magis
457 1054 534 1126 piger
545 1053 712 1108 damnandus
724 1055 852 1110 videatur.

64 1225 68 1235 ,
137 1172 210 1224 llos.
230 1170 259 1222 6.
275 1169 413 1246 Εψωὶα
421 1188 500 1241 pecus
509 1188 587 1223 omne
595 1171 641 1222 suh
651 1171 723 1226 ulmo
733 1185 776 1225 est.
788 1203 824 1212 -
834 1177 905 1228 Dum
914 1178 1075 1234 meridianus
1084 1198 1162 1236 aestus

99 1249 290 1317 defervescat,
302 1267 394 1321 greges
405 1251 433 1301 in
445 1248 565 1301 umbram
578 1249 756 1304 deducuntur.
771 1253 845 1326 Vir-g.
857 1255 948 1328 Eclog.
960 1259 983 1308 ll
990 1297 997 1326 ,
1009 1260 1039 1311 ὃς

311 1341 377 1382 Nunc
384 1337 451 1382 etism
458 1339 553 1395 pecudes
560 1339 651 1383 umbros
659 1351 681 1384 et
688 1340 771 1397 trigon
777 1353 873 1400 captent

99 1444 136 1454 -
150 1415 240 1468 Omne
251 1413 436 1466 non-referam
448 1413 483 1464 ed
493 1413 606 1484 patula,
615 1414 689 1485 quod
702 1415 795 1468 umbra
807 1417 909 1474 arboris
920 1441 997 1476 omne
1006 1441 1084 1494 pecus
1092 1444 1165 1478 cont-

100 1494 253 1567 plectctnr;
267 1492 317 1546 sed
330 1490 365 1545 etl
376 1493 470 1545 horum
482 1492 548 1558 diei,
563 1512 623 1564 quse
635 1494 703 1546 odeo
716 1510 844 1566 proveeta
856 1513 912 1565 est,
924 1514 954 1552 ut
965 1521 1043 1556 omne
1055 1508 1163 1558 omnino

100 1593 179 1646 pecus
189 1577 249 1644 jam
260 1573 312 1627 sub
323 1572 446 1625 umbram
457 1572 582 1625 arborum
592 1574 760 1646 compulsum
770 1579 861 1630 fuerit.
873 1579 909 1620 -’-
927 1579 1022 1645 Ulmo;
1037 1602 1087 1656 pro
1100 1603 1164 1656 qun·

100 1653 166 1706 libet
176 1654 292 1709 arbore.
314 1657 407 1707 Horst.
424 1652 477 1706 Od.
494 1655 546 1720 ΠΙ,
565 1671 611 1724 ²9,
631 1673 661 1724 ¹7
679 1676 737 1729 sqq.
756 1659 887 1712 nonnulla
903 1661 1008 1715 videtur
1023 1667 1112 1717 Persio
1130 1665 1162 1716 sd

100 1732 175 1786 hunc
190 1732 285 1788 locum
301 1735 461 1804 inspirasse:

340 1824 390 1864 Just
396 1822 472 1864 clames
478 1819 590 1865 occultum
599 1822 746 1867 Andromedes
755 1835 815 1882 peter

311 1892 319 1900 '
339 1888 438 1932 Ostendit
445 1888 517 1945 ignem
527 1907 532 1932 :
537 1888 586 1945 jam
594 1889 685 1933 Prociou
694 1890 758 1933 furit:

384 1959 410 2000 Et
417 1953 479 2000 stelle
486 1959 565 2000 uesani
574 1957 661 2008 benms,

400 2023 448 2067 Sole
454 2025 502 2067 'dics
510 2024 617 2068 referente
623 2028 695 2068 siccos.

341 2094 390 2133 tem
397 2099 472 2147 postor
479 2091 570 2134 umbros
578 2105 630 2133 cum
640 2104 702 2148 grege
711 2091 815 2149 languido

343 2159 466 2215 llirumque
474 2157 672 2215 fessusquurit....
683 2195 688 2206 ,
707 2157 710 2164 '
812 2153 816 2164 '

140 2284 203 2328 Vin.
218 2300 240 2346 7.
256 2286 323 2332 Unus
336 2287 370 2330 nt't
379 2287 495 2331 comitum.
509 2309 540 2321 -
554 2285 644 2346 Utrum,
652 2280 687 2331 his
698 2285 774 2333 verbis
786 2302 867 2336 tensus
876 2289 1057 2351 precedentium
1068 2291 1162 2338 conclu·

106 2353 191 2409 detur,
203 2370 233 2399 au
244 2355 421 2418 insequentium
433 2356 569 2412 inchoetur,
584 2357 681 2420 quaestio
691 2350 742 2402 es't?
755 2358 908 2405 Posterior-em
925 2361 1061 2422 opinionem
1077 2363 1162 2408 Cossu-

108 2424 189 2470 bonns
206 2424 323 2482 delmdit;
340 2443 431 2490 perque
445 2429 534 2473 eomites
550 2425 656 2487 intelligit
669 2426 795 2488 discipulos
813 2427 920 2490 aequales.
938 2431 1027 2476 Verum
1041 2447 1162 2493 nuncupa·

110 2492 201 2538 bantur
208 2498 296 2542 comites
305 2495 370 2558 apud
380 2488 494 2542 Romanos
503 2493 650 2557 philosophi,
663 2497 702 2557 qui
711 2496 810 2555 juvenes
819 2499 993 2546 comitabuntur.
1004 2499 1073 2546 Unde
1080 2502 1173 2562 Noster,

110 2561 139 2607 in
150 2565 183 2617 V,
194 2563 237 2618 32,
249 2563 287 2610 ubi
296 2564 439 2612 describitur
447 2562 595 2620 adolescens,
605 2565 648 2627 qui
657 2564 729 2624 joma
740 2564 811 2612 tutela
820 2568 922 2622 recedit,
936 2570 1104 2632 magistrosque
1113 2586 1164 2615 mu-

109 2645 146 2677 tet
158 2632 288 2681 sodalibus:

311 2707 386 2764 Quum
395 2705 468 2748 blandi
476 2708 574 2754 comites,
583 2699 769 2761 totaqueimp'une
777 2705 874 2748 Subnrro

311 2771 413 2814 Permisit
420 2771 521 2829 spot-sisse
528 2770 604 2815 oculos
607 2773 657 2829 jem
665 2771 771 2816 condidus
779 2773 854 2815 umbo.

111 2845 211 2891 Attende
225 2857 341 2908 preterea
354 2845 404 2892 hsec
418 2845 490 2892 rerba
503 2849 547 2902 uit,
562 2848 706 2910 btqrrit,‚etc.
717 2881 722 2892 .
734 2882 755 2895 ..
774 2845 810 2894 vel
821 2847 894 2902 intre,
909 2847 947 2894 rel
962 2860 1016 2910 post
1031 2863 1162 2896 termonem

112 2913 182 2976 poni,
194 2915 241 2961 lere
252 2931 374 2978 nunqunm
388 2927 451 2962 unte.
467 2919 547 2979 ltaque
562 2915 640 2962 retem
650 2931 710 2960 unus
719 2917 754 2960 ait
761 2918 867 2962 comitum
882 2916 960 2972 adea,
972 2932 1023 2979 quse
1033 2919 1139 2978 superine
1151 2935 1162 2962 :s

110 2989 221 3048 magistro
233 2987 294 3034 dicta
307 2999 375 3042 sunt,
390 2999 414 3033 et
423 2999 535 3051 punctum
547 2988 617 3050 posui
626 2998 680 3032 ante
691 3003 804 3034 verttmrte.

145 3086 214 3138 Nor.
234 3106 259 3154 7.
282 3087 358 3138 Unus
372 3089 410 3139 ait
421 3089 556 3140 comitum.
576 3088 659 3154 Quasi
671 3086 777 3141 dixisset
791 3109 796 3138 :
812 3087 850 3139 sic
862 3089 898 3138 ait
909 3105 979 3139 unus
992 3106 1006 3138 e
1018 3089 1163 3158 magistris,

112 3171 158 3238 qui
170 3169 282 3236 juvenes
298 3169 421 3221 comitari
436 3167 537 3227 solent,
551 3165 674 3238 discipuli
686 3165 840 3220 dormientis
854 3165 1007 3219 cubiculum
1019 3169 1161 3238 ingressus.

111 3249 185 3318 Soepe
197 3250 293 3320 sepius
306 3251 473 3300 comicorum
484 3246 619 3318 dialogum
632 3248 736 3300 Persius
748 3250 900 3319 usurpavit,
914 3244 962 3298 sed
974 3247 1087 3316 demptis
1101 3265 1163 3317 per·

112 3345 239 3379 sonarum
249 3327 420 3392 nominihus,
430 3327 501 3381 unde
511 3325 589 3378 lubor
597 3325 785 3397 interpretibus
796 3328 879 3378 oritur
889 3324 924 3378 sd
935 3324 991 3378 ltaec
1000 3325 1163 3378 restituendo

111 3423 232 3458 nomms.

146 3514 216 3567 Νοτ.
239 3532 268 3585 7,
282 3515 307 3568 8.
326 3537 337 3560 e
349 3515 377 3568 V
374 3517 499 3566 erumne?
514 3514 603 3565 itane?
616 3513 687 3566 ocius
698 3515 763 3567 adsit
776 3515 834 3566 Huc
845 3512 954 3585 aliquis!
965 3509 1111 3564 nemon’h
1128 3541 1163 3552 -

112 3595 172 3644 llaec
187 3595 277 3646 omnis
289 3607 351 3646 sunt
366 3593 491 3664 discipuli
506 3595 729 3665 expergiscentis,
747 3607 773 3645 et
792 3591 892 3646 tamdiu
907 3590 1036 3644 dormisse
1053 3590 1164 3644 moleste
1199 3629 1201 3644 .

114 3691 140 3725 se
154 3673 226 3725 ferre
240 3674 396 3742 similentis,
411 3687 437 3726 et
449 3674 563 3726 famulos
576 3673 743 3740 advocantis,
756 3686 783 3725 et
794 3673 965 3743 increpantis.
977 3673 1016 3711 -'
1029 3671 1107 3723 Ocius
1118 3672 1163 3723 ad·

1 3793 2 3804 2
112 3755 160 3819 sit,
170 3767 223 3805 etc.
244 3755 358 3808 Videtur
374 3756 497 3808 matutini
516 3753 643 3826 temporis
658 3772 737 3825 quam
752 3755 814 3808 lecit
825 3756 974 3824 jacturam,
989 3749 1123 3803 celeritate
1137 3753 1164 3802 in

1 3819 2 3911 l
105 3835 225 3912 negotiis
238 3833 392 3886 adhibenda
403 3832 470 3885 velle
483 3833 634 3885 emendare.
646 3863 681 3872 -
695 3833 826 3886 Nemon’?
839 3851 888 3904 pro
903 3849 979 3884 nemo
992 3850 1032 3882 ne.
1047 3831 1109 3882 Non
1122 3849 1165 3882 se·

1 3913 2 3926 ²
116 3908 230 3980 meljam
241 3913 365 3982 superins
377 3911 474 3964 sarisa
487 3924 526 3963 est
539 3909 622 3963 elisio.
636 3940 669 3948 -
683 3909 796 3962 Multum
808 3909 889 3962 hebet
900 3909 975 3962 loeus
984 3909 1109 3960 veritatis.
1123 3905 1164 3959 Ah

115 3990 174 4060 ipse
184 4002 279 4044 nutura
288 4010 412 4063 expresso
423 4004 463 4044 est
474 3993 523 4044 ista
534 3989 659 4044 desidiosi
673 3989 791 4057 indoles,
804 3991 901 4043 caeteris
915 3991 997 4060 magis
1011 3988 1165 4051 irascentis,

115 4087 195 4140 qnam
211 4071 279 4139 sibi,
293 4085 320 4124 et
332 4071 398 4125 nihil
410 4091 465 4124 non
477 4073 622 4124 incusantis
632 4083 728 4142 prester
737 4069 865 4124 desidiam
877 4087 959 4125 susm.
1220 4069 1222 4073 ’

144 4199 206 4244 Vsu.
224 4196 251 4252 8,
262 4214 285 4259 9.
298 4201 413 4264 Turpescit
423 4201 494 4244 vitrea
503 4196 552 4243 bilis
558 4193 566 4252 ,ἕ
576 4197 692 4242 Finditur.
703 4230 709 4242 .
720 4232 725 4242 .
737 4197 843 4242 Amodioe
850 4197 957 4260 pecuon‘a
968 4193 1047 4237 rudere
1057 4165 1125 4236 diem.
1135 4215 1166 4228 -

115 4265 187 4312 Aliter
195 4265 281 4328 legitur
288 4266 326 4313 hic
336 4267 401 4315 locus
411 4269 434 4314 in
443 4269 507 4314 Mss
518 4269 575 4313 meis
583 4265 655 4323 tots,
665 4263 738 4327 8079,
747 4265 821 4328 ⁸273,
834 4278 856 4311 ct
867 4269 891 4310 in
900 4265 1000 4325 antiquis
1010 4260 1165 4307 editionibus:
