3038 4932
397 459 463 549 „a
570 459 724 522 vautra
748 459 1019 526 tremores
1044 429 1105 526 ir
1130 462 1261 528 rora

394 583 469 638 illum
480 583 658 640 communicat
671 579 863 653 lepidissimum
878 582 913 634 de
926 583 986 636 ficta
1001 584 1110 636 victoria
1123 583 1180 636 Caii
1195 585 1311 647 Cesariss
1325 590 1406 658 quoties

394 666 465 719 anim
478 667 598 736 ineptum
612 660 692 734 quid,
714 675 760 714 sut
773 664 861 715 miuus
872 663 1030 730 honestum,
1047 677 1093 717 aut
1105 669 1228 736 jocosum
1241 667 1376 732 reticemus,
1386 670 1406 720 id

286 745 289 753 '
395 745 508 816 facimus
520 738 730 809 insusurraudo,
747 739 911 793 seducendo.

427 860 495 912 Nor.
508 856 552 925 43.
569 857 680 923 Olrone,
692 874 756 907 num
772 857 891 930 iqccrar?
902 857 981 910 missa
993 867 1030 909 est
1042 876 1059 907 a
1073 859 1166 910 cesare
1179 853 1336 908 taum-0
1345 857 1406 916 lore,-

392 929 519 1010 qrsece‘tt
528 929 625 1001 αὔξη
638 934 706 1001 pets.
721 934 792 986 Num
805 937 929 1007 iqncros?
940 935 1051 990 solusne
1063 955 1094 988 ca
1106 935 1209 1002 nescis,
1224 953 1278 1006 quse
1295 935 1407 1006 propalam

389 1017 560 1089 jactitantur?
568 1016 630 1067 Non
642 1028 702 1086 eget
713 1013 765 1066 boe
778 1017 805 1066 vi
818 1016 935 1081 comica,
952 1034 1033 1088 quum
1047 1013 1121 1068 dere
1134 1013 1271 1067 falsissima
1281 1029 1374 1084 agatur,
1383 1015 1407 1068 de

393 1098 497 1151 Casars’s
514 1113 609 1167 nempe
623 1096 742 1148 victoria.
752 1097 873 1149 -Ms'sso
884 1105 919 1148 est
935 1115 952 1148 a
969 1097 1065 1148 Curare
1078 1095 1181 1154 launu3
1196 1095 1246 1146 fuit
1258 1093 1307 1146 boc
1318 1098 1342 1146 ia
1352 1115 1407 1148 more

394 1176 467 1250 apud
477 1177 626 1242 hmanas,
638 1188 668 1228 ut
680 1177 766 1228 victor
776 1174 829 1228 dux
843 1175 966 1246 epistolas
980 1174 1077 1246 qulbus
1087 1175 1224 1228 victoriam
1233 1175 1368 1239 nuntiaret,
1378 1177 1408 1226 iu

392 1258 502 1330 siqniret
513 1255 596 1308 lauru.
609 1256 675 1308 Plin.
691 1258 723 1310 li.
736 1257 770 1310 N.
780 1257 888 1321 XXXV,
903 1275 961 1329 cap.
974 1255 1058 1308 ultim.
1073 1255 1150 1308 Unde
1166 1257 1245 1308 etiam
1254 1253 1368 1324 ejusmodi
1375 1253 1407 1306 lit-

391 1353 454 1392 tersa
464 1338 587 1390 laureatae
600 1335 758 1391 dicerentur.
771 1339 856 1392 Tacit.
869 1339 920 1391 Vis.
930 1335 1046 1408 Aqriccl.
1058 1337 1140 1388 XVlll
1153 1356 1160 1385 r
1176 1360 1188 1383 ι
1198 1337 1238 1388 Nc
1249 1335 1408 1406 humatisqoi·

390 1418 452 1472 slem
469 1429 543 1490 qesta
559 1431 740 1490 prosequutus
754 1429 802 1472 est.
816 1440 827 1466 s
843 1419 983 1484 lta‚sssissu
995 1430 1031 1472 est
1046 1438 1064 1470 a
1078 1419 1175 1470 Coesare
1190 1415 1406 1484 laurussiqoilicst:

389 1498 462 1550 venit
476 1495 593 1549 loureuto
604 1497 716 1570 epistola
728 1497 804 1550 missa
815 1518 832 1549 a
845 1499 951 1550 Cerere.
968 1498 1035 1566 Quis
1045 1515 1124 1568 porro
1137 1509 1178 1549 est
1191 1495 1235 1548 ille
1248 1495 1343 1548 Cesar?
1356 1493 1407 1546 tati·

389 1577 452 1650 gula
470 1579 612 1650 prolecto,
628 1591 658 1630 ut
676 1578 727 1630 alia
741 1577 823 1630 multu
842 1591 984 1645 testantur,
998 1579 1170 1650 inprimisque
1183 1593 1281 1630 nomen
1297 1574 1406 1636 omont,

390 1655 465 1729 quod
483 1653 566 1727 ptulo
584 1655 692 1710 inierius
713 1659 832 1710 recurrit.
852 1658 913 1708 Fuit
930 1658 1001 1708 anim
1022 1657 1135 1709 &socia
1149 1673 1217 1706 uxor
1235 1653 1306 1713 Gaii;
1323 1652 1405 1704 Sueten.

388 1739 451 1790 Vita
466 1737 495 1790 C.
510 1733 620 1807 Caligul.
637 1753 697 1806 cap.
713 1733 798 1786 ultim.
818 1734 953 1789 lateralia
966 1735 1050 1787 multa
1068 1735 1097 1787 C.
1115 1731 1240 1804 Caligula
1254 1729 1339 1783 stolide
1354 1731 1406 1781 iscts

321 1827 326 1844 ¹
391 1830 515 1870 narratur
534 1829 561 1868 et
578 1814 647 1884 boc,
666 1817 749 1886 egisse
766 1815 800 1868 de
809 1815 939 1869 Britannis
955 1835 987 1868 ac
1002 1817 1140 1869 Germanic
1159 1811 1332 1885 triumphum,
1349 1811 1406 1882 qussi

392 1898 603 1960 commeruisset,
619 1898 693 1968 quasi
707 1897 843 1949 victoriam
856 1897 972 1968 aliquam
988 1897 1185 1967 reportavisset.
1198 1891 1296 1946 Alludit
1306 1889 1336 1944 ad
1346 1891 1406 1942 istun

391 1976 493 2026 Persius
502 1975 631 2046 principis
644 1977 768 2040 mimum,
781 1974 814 2026 de
824 1993 879 2046 quo
889 1977 947 2027 iuse
958 1975 1065 2027 Sueten.
1080 1977 1133 2027 Vit.
1144 1972 1200 2026 Cal.
1212 1972 1246 2040 44
1257 1969 1332 2035 οι45;
1342 1968 1405 2019 Tacit.

388 2051 514 2104 German.
528 2052 578 2122 373
592 2050 630 2103 ld.
642 2053 686 2104 vis
704 2051 819 2124 Agricol.
834 2053 877 2123 39.
894 2055 1023 2107 Caetcnm
1036 2065 1063 2106 et
1079 2053 1124 2105 alii
1136 2053 1306 2125 imperatores
1320 2045 1406 2100 acCali-

387 2130 449 2202 qula
459 2130 537 2184 simili
551 2133 668 2185 vanitate
682 2130 876 2192 laboraverunt.

341 2249 346 2260 “
362 2293 365 2300 ψ
422 2255 490 2308 Nor.
504 2254 551 2321 dd.
567 2253 698 2330 insiqnem
713 2255 743 2306 ob
759 2253 861 2308 cladem
880 2257 1018 2310 Germane
1028 2255 1272 2330 pubis-lrcnice.
1284 2253 1356 2303 Tacit.
1367 2249 1404 2297 vc

389 2333 504 2409 Agricol.
514 2332 548 2405 39
559 2335 599 2386 De
609 2335 759 2387 Domitiano
771 2356 777 2385 :
794 2358 805 2381 s
815 2337 901 2387 inerat
909 2337 1069 2387 conscientia
1078 2374 1087 2402 ,
1096 2335 1196 2386 derisui
1206 2335 1315 2385 fuissene
1323 2347 1363 2403 per
1370 2324 1405 2378 itl·

386 2433 468 2470 sume
477 2413 618 2468 Germania
630 2412 791 2484 triumphum
801 2436 812 2459 s
823 2451 832 2478 ,
845 2425 897 2466 etc.

418 2527 481 2575 Vsa.
491 2526 530 2594 45.
543 2527 575 2572 Et
587 2528 633 2572 arr's
644 2525 748 2590 Fn'qr'dus
759 2530 875 2573 excutitur
883 2527 958 2572 cinis:
971 2539 999 2572 oc
1007 2529 1058 2590 jam
1070 2525 1257 2589 postibus-anno.
1267 2547 1296 2560 -
1303 2525 1343 2569 Pro
1353 2513 1405 2564 acle

390 2600 452 2665 gitur
460 2605 483 2645 el
496 2600 520 2646 ln
530 2597 646 2645 nonnullis
655 2598 730 2644 MMS.
742 2598 880 2654 Codicibus;
893 2597 970 2659 capilli
979 2599 1076 2645 interest
1087 2609 1166 2643 utrum
1175 2597 1275 2660 elegeris.

422 2719 489 2770 Nor.
503 2715 547 2783 45.
562 2716 599 2767 Es
608 2714 785 2787 crilen'qidus
799 2716 928 2768 excutitur
938 2716 1011 2769 cissis.
1020 2717 1189 2768 -Nuntiata
1203 2715 1323 2778 victoria,
1336 2723 1406 2781 quun·

392 2815 443 2866 quc
454 2794 668 2866 jamducebatnr
677 2795 837 2866 triumphus,
847 2795 954 2866 publice
965 2799 1140 2867 privatimque
1154 2809 1213 2850 tota
1221 2795 1288 2848 Urbe
1299 2809 1362 2845 saera
1371 2787 1404 2838 fis·

389 2876 471 2941 baut,
490 2877 529 2926 uti
540 2877 639 2946 passim
656 2886 787 2926 testantur
798 2875 849 2927 Dio
870 2875 992 2943 Cassius,
1006 2876 1172 2929 Herodianus
1196 2876 1288 2947 aliique
1305 2865 1405 2922 historici.

388 2956 472 3027 igitur
490 2967 522 3006 ut
538 2970 607 3007 novt
621 2971 697 3006 sacra
717 2955 912 3023 instaurentur,
927 2958 1065 3010 novissimi
1083 2957 1206 3010 sacrificii
1224 2957 1316 3008 cineres
1331 2944 1406 3002 residui

389 3045 553 3088 amoventur.
571 3031 661 3103 Virgil.
678 3033 780 3086 AEneid.
795 3035 871 3100 vill,
883 3034 953 3103 410:

577 3133 705 3192 Impositum
715 3136 811 3179 cinerem
819 3145 841 3179 et
849 3137 930 3194 sopitos
939 3139 1027 3182 ssrscim
1035 3139 1101 3196 ignea

420 3240 481 3287 Vn.
498 3237 538 3294 dd.
554 3241 608 3284 Jam
620 3237 751 3301 chlamydes
769 3257 854 3307 requos.
866 3245 919 3306 jam
936 3242 996 3289 lutea
1013 3259 1117 3308 quusupu
1130 3247 1209 3308 captis.
1228 3245 1279 3290 Fert
1291 3241 1334 3287 MS.
1348 3231 1406 3283 Cedet

389 3311 450 3358 8055
457 3312 520 3356 victis
530 3326 574 3373 pro
589 3313 659 3375 raptis
664 3329 673 3368 ,-
684 3313 760 3359 ceteri
769 3315 844 3370 cretis,
858 3313 921 3377 quod
931 3329 1041 3379 recepere
1052 3316 1150 3362 editores
1161 3331 1250 3365 omncs.
1480 3315 1481 3319 ’

421 3407 536 3474 Νοτ.46
550 3421 577 3460 ct
590 3408 783 3482 47.—Aojcm
795 3411 907 3482 postibus
918 3431 1009 3476 anna,
1021 3413 1084 3464 Jam
1096 3411 1246 3483 chlamydes
1255 3404 1400 3482 mannaim
1478 3359 1480 3472 i

332 3555 337 3568 .
389 3484 460 3540 lawa
477 3505 593 3560 qaurapu
606 3489 707 3561 captis,
719 3490 879 3562 Essedoqsse,
894 3493 1059 3566 inqentesque
1072 3491 1142 3546 locat
1154 3493 1266 3546 Goesoaio
1274 3488 1368 3542 illm·
1377 3505 1403 3519 ‘
1478 3495 1480 3550 i

387 3567 475 3634 Pergit
486 3580 643 3638 apparatum
655 3567 806 3622 describere
821 3569 956 3641 triumphi.
968 3573 1101 3631 Caenia,-
1112 3573 1170 3642 ipsa
1179 3573 1212 3624 C.
1224 3565 1338 3637 Caligul!
1347 3576 1404 3620 ¹1¹⁰'s
1477 3557 1479 3626 i

387 3643 515 3717 triumphi
530 3648 645 3718 insignia
654 3666 753 3719 parans
765 3667 797 3701 ex
808 3651 894 3702 missis
905 3652 993 3702 mariti
1004 3650 1146 3716 laureatis;
1159 3649 1213 3702 vid.
1225 3645 1310 3701 deills
1320 3645 1405 3696 Stem-
1477 3627 1479 3724 i

385 3722 404 3775 l.
419 3725 464 3776 cit.
482 3725 599 3779 Postibus
609 3745 683 3778 amsa
690 3749 700 3788 ,-
714 3745 772 3781 mos
784 3729 857 3800 apud
871 3730 995 3801 antiquos
1012 3729 1126 3801 postibus
1142 3727 1258 3782 adversis
1274 3719 1405 3792 templfflffl

386 3799 427 3854 vel
441 3819 550 3855 arcuum
563 3803 651 3874 spolia
660 3803 779 3858 bostium
793 3806 945 3877 appendere
958 3819 1039 3879 atque
1052 3807 1104 3860 diis
1115 3808 1217 3870 dicare;
1231 3801 1314 3875 Virffl'l·
1324 3789 1404 3850 Μ·

387 3882 439 3948 111,
451 3881 567 3945 saara.
578 3883 681 3936 aneta.
693 3886 755 3952 vu,
771 3885 836 3952 sau
849 3888 1003 3940 rancor.
1015 3891 1060 3957 rv,
1078 3887 1119 3955 ιε,
1130 3905 1146 3959 7
1159 3905 1231 3960 usqe
1247 3877 1355 3936 Juvenal·
1369 3871 1405 3924 ¹³³

388 3977 463 4032 “143
477 3960 613 4014 Claudiae.
628 3964 726 4029 XXIV,
738 3963 772 4034 67
788 3984 844 4038 sqq.
858 3968 968 4020 Privatis
979 3970 1060 4021 etiam
1069 3967 1192 4020 domibus
1205 3969 1362 4020 monumenti
1372 3949 1404 4003 1¹¹¹

389 4039 522 4094 interdum
541 4042 749 4098 asservabantur.
765 4046 856 4117 Virqil.
872 4047 973 4101 AEneid.
990 4051 1028 4114 V,
1042 4048 1102 4118 393.
1116 4048 1144 4100 lr.
1156 4047 1173 4102 l.
1186 4047 1219 4100 de
1228 4042 1332 4118 purtim
1346 4027 1406 4087 ‘dii

390 4121 493 4174 ciorum
507 4121 675 4194 publicorum
693 4127 735 4198 agi
754 4127 817 4180 satis
830 4127 920 4198 liquet.
935 4157 970 4170 -
980 4130 1043 4182 Jam
1060 4128 1211 4201 chlamydes
1226 4141 1326 4199 ttqttms·
1338 4123 1404 4168 ’Μ
