2986 4924
329 421 388 500 ,84
574 445 575 449 ¹
637 410 1052 482 A.PEu811FLlccl

321 551 363 612 Et
374 545 455 628 sibi,
466 543 537 639 jam
551 547 638 624 seri,
652 548 756 611 vitam
767 545 962 635 ingemuere
975 542 1137 612 relictam.

368 661 411 723 At
421 672 456 722 te
467 651 746 746 nocturnisjuvat
757 651 988 746 impallescere
999 653 1136 722 chartis.

320 767 437 838 Cultor
449 769 540 836 enim
547 764 715 860 juvenum
725 767 886 859 purgatas
898 767 1018 834 inseris
1029 787 1128 832 aures

322 885 431 972 Fruge
442 878 634 948 Cleanthea.
649 878 753 944 Petite
765 875 860 957 hinc,
869 872 1099 970 juvenesque,
1113 879 1296 967 senesque,

321 995 439 1060 Finem
451 991 565 1058 animo
578 1005 726 1070 certum,
740 989 940 1083 miserisque
953 988 1072 1053 viatica
1083 986 1187 1054 canis.
1338 994 1374 1047 65

320 1089 450 1170 -Cras
462 1099 527 1170 hoc
539 1098 754 1168 fiet-idem
765 1122 840 1166 cras
851 1096 1069 1185 fiet-Quid,
1082 1097 1178 1192 quasi
1191 1097 1374 1187 magnum?

321 1218 450 1306 Nempe
462 1210 553 1279 diem
565 1211 682 1282 donas.
693 1250 739 1259 -
751 1208 831 1292 Sed,
842 1233 950 1304 quum
961 1205 1137 1276 lux'altera
1149 1208 1260 1287 venit,

321 1325 397 1392 Jam
409 1348 483 1392 cras
496 1324 694 1392 hesternum
706 1323 991 1413 consumpsimus.
1006 1323 1092 1387 Ecce
1103 1316 1196 1386 aliud
1206 1339 1283 1385 cras

323 1439 436 1529 Egerit
446 1434 509 1502 hos
520 1457 644 1514 annos,
657 1448 692 1501 et
703 1455 839 1527 semper
849 1430 990 1525 paulum
1004 1433 1069 1497 erit
1080 1429 1180 1498 ultra.

322 1551 423 1630 Nam,
437 1547 592 1640 quamvis
605 1567 711 1638 prope
724 1558 771 1625 te,
784 1545 937 1638 quamvis
950 1558 1085 1610 temone
1097 1540 1162 1609 sub
1173 1564 1244 1608 uno
1342 1571 1376 1623 7⁰

323 1663 518 1726 vertentem
530 1679 620 1738 sese,
632 1655 758 1722 frustra
771 1653 942 1722 sectabere
954 1653 1135 1734 canthum,

322 1774 438 1856 Quum
451 1784 524 1834 rota
536 1769 702 1860 posterior
713 1788 829 1834 curras
841 1780 876 1832 et
887 1767 922 1832 in
934 1789 996 1832 axe
1008 1763 1168 1832 secundo.

371 1879 539 1946 Libertate
550 1901 637 1970 opus
649 1891 719 1944 est:
734 1899 803 1944 non
815 1874 895 1956 hac,
908 1899 1010 1970 quam
1023 1893 1063 1942 ut
1074 1878 1218 1970 quisque
1229 1875 1351 1943 Velina

324 1989 462 2058 Publius
475 1991 636 2070 emeruit,
650 1988 840 2056 scabiosum
853 1985 1016 2055 tesserula
1030 1986 1081 2054 far

324 2267 359 2313 ut
378 2256 485 2314 veteris
503 2253 566 2336 lagi
583 2252 727 2328 ramalia,
742 2253 808 2335 jam
826 2267 1013 2334 queruntur,
1030 2251 1082 2313 sed
1103 2254 1212 2329 serius,
1229 2273 1261 2314 se
1276 2268 1380 2314 traus-

325 2354 419 2435 egisse
432 2353 496 2414 dies
511 2354 544 2412 in
561 2353 668 2412 crassis
682 2353 817 2413 tenebris
833 2366 926 2433 atque
945 2353 979 2412 in
997 2373 1087 2413 coeno
1107 2350 1293 2430 libidinum,
1312 2355 1380 2434 jam

326 2449 434 2511 dolent
452 2448 533 2511 nihil
549 2471 610 2512 esse
627 2450 686 2512 sibi
703 2449 859 2533 reliquum
876 2455 963 2526 vitae,
980 2461 1092 2532 praeter
1107 2469 1318 2510 aerumnosam
1336 2471 1381 2512 se·

328 2563 494 2612 nectutem.
1246 2614 1249 2631 ,

366 2651 409 2710 Te
417 2649 667 2725 vero,Cornute,
677 2650 764 2710 libris
770 2648 1075 2732 juvatimpallescete
1084 2662 1180 2710 noctu
1190 2647 1381 2710 evolvendis.

328 2747 469 2827 Namque
480 2747 606 2808 vivendi
620 2758 791 2830 praeceptor
801 2759 832 2806 et
842 2748 1001 2828 magister,
1014 2746 1152 2828 purgatis
1160 2744 1315 2827 juvenum
1327 2767 1384 2806 au·

329 2844 413 2904 ribus
430 2846 589 2928 sapientiae
604 2843 781 2906 Cleanthem
793 2861 947 2926 praeeepta
961 2845 1056 2906 veluti
1070 2846 1187 2906 semina
1203 2845 1321 2906 inseris.
1338 2845 1384 2905 Ex

328 2942 387 3003 hac
400 2942 507 3005 schola
522 2945 617 3027 petite
630 2964 753 3020 omnes,
767 2945 830 3004 sive
843 2942 968 3025 juvenes
982 2945 1061 3019 sitis,
1077 2944 1139 3004 sive
1150 2965 1250 3017 senes,
1263 2957 1384 3004 eertum

330 3051 542 3120 statutumque
558 3041 671 3100 animis
687 3041 757 3101 vitae
773 3039 868 3101 finem
885 3055 917 3100 et
932 3041 1043 3101 viatica
1062 3063 1133 3123 quae
1148 3061 1203 3101 vos
1220 3041 1252 3100 in
1270 3041 1384 3101 misera

331 3149 483 3197 senectute
494 3134 703 3198 consolentur.
714 3137 837 3198 -Cras
856 3137 984 3213 faciam,
997 3138 1115 3220 inquiet
1129 3137 1249 3219 aliquis.
1260 3173 1299 3184 -
1310 3139 1385 3198 Cras

330 3233 412 3293 idem
429 3255 523 3317 quam
539 3233 632 3295 hodie
645 3233 794 3295 facies-
803 3233 887 3311 Quid
904 3233 1030 3294 tandem
1042 3249 1101 3310 est,
1112 3235 1198 3316 quod
1211 3236 1300 3314 quasi
1319 3255 1386 3294 ma·

331 3351 429 3414 gnum
441 3330 518 3393 mihi
527 3332 646 3394 donas?
657 3354 768 3417 nempe
780 3333 860 3394 diem
874 3353 981 3394 unam.
994 3367 1033 3379 -
1045 3334 1161 3394 Verum
1171 3333 1226 3392 ubi
1239 3332 1305 3393 dies
1317 3333 1386 3393 illu·

330 3430 408 3490 xerit
419 3444 557 3512 postera,
570 3453 637 3493 eras
646 3445 737 3492 tuum
748 3431 841 3507 illud,
851 3430 916 3493 heri
927 3429 1058 3505 lactum,
1066 3429 1131 3513 jam
1143 3431 1281 3513 perierit,
1291 3446 1387 3514 atque

332 3525 415 3588 aliud
426 3549 462 3588 ex
475 3527 537 3590 alio
545 3551 610 3592 cras
622 3533 848 3614 consumpserit
856 3529 916 3591 hoc
924 3531 981 3592 tevi
987 3544 1123 3614 tempus,
1134 3551 1234 3612 neque
1243 3551 1388 3612 unquam

331 3628 434 3709 ipsum
447 3625 506 3688 erit
519 3629 649 3690 omnino
663 3650 812 3712 proesens,
832 3649 933 3710 neque
949 3649 1089 3710 unquam
1107 3628 1186 3690 illud
1201 3628 1387 3713 occupabis,

333 3737 408 3785 rotoe
422 3723 530 3784 similis
539 3747 647 3786 currus
659 3725 823 3808 posteriori
834 3738 864 3786 et
876 3726 910 3785 in
922 3747 976 3786 axe
987 3725 1123 3787 secundo
1134 3725 1290 3801 volventi,
1302 3745 1388 3808 quse,

334 3827 476 3906 quumvis
489 3825 620 3908 propior
631 3827 669 3886 sit
682 3840 711 3886 et
724 3825 860 3908 ejusdem
873 3827 1023 3902 temonis,
1038 3847 1202 3908 nunquam
1213 3839 1320 3887 tamen
1332 3847 1390 3887 an·

335 3920 524 3982 teredentem
536 3921 696 4001 continget
709 3935 822 3982 rotam.

375 4019 423 4100 73.
442 4020 580 4080 Libertas
592 4017 714 4080 homini
728 4022 896 4081 necessaria
908 4034 966 4082 est:
983 4042 1050 4081 non
1061 4042 1097 4082 ea
1108 4018 1181 4080 vero
1192 4019 1320 4080 libertas
1334 4040 1389 4102 per

334 4137 428 4198 «pram
440 4138 543 4177 servus
553 4117 684 4198 aliquis,
698 4118 754 4177 ubi
765 4118 876 4177 Velina
889 4116 956 4200 lege
971 4118 1075 4178 Publii
1090 4137 1206 4177 nomen
1219 4116 1388 4178 civitatem·
