2986 4924
336 407 400 485 248
510 404 663 466 rame
686 402 955 469 saumones
978 403 1040 467 ur
1064 403 1199 471 nore

334 535 414 586 deum
426 543 589 603 nuncupant.
601 554 612 577 ι
624 529 702 582 Conf.
714 528 747 581 ds
760 526 895 582 lemuribus
909 528 1053 600 Apuleium
1067 513 1169 597 rursus,
1184 533 1212 582 in
1227 530 1365 602 Apologi2;

335 613 400 666 l'lin.
413 611 459 663 lib.
470 613 516 676 lll,
530 611 613 681 Epist.
625 625 657 678 27
667 609 756 670 3Varr.
766 609 805 660 De
818 609 877 660 Vita
886 608 979 680 populi
988 610 1063 660 liom.
1077 609 1122 660 lib.
1137 611 1163 672 l;
1177 610 1255 664 Ovid.
1264 613 1366 673 Fastf,
1472 621 1473 624 ’

334 693 386 762 419
400 708 472 763 sqq.;
485 687 672 760 Neoplatonici
682 686 909 759 quoquemultum
918 687 951 738 de
965 685 1104 741 lemuribus
1112 687 1295 761 philosophati
1304 703 1364 742 sunt.

334 771 392 824 vid.
409 767 560 842 Olympiod.
572 771 601 820 in
614 765 770 820 Phaedonem
785 765 913 829 Platonis3
925 764 1049 820 adversus
1061 767 1212 820 Platonicos
1225 767 1278 821 rid.
1293 768 1367 842 Chry·

335 862 444 904 sostonr.
456 850 574 903 Ser-mon.
593 847 677 900 xxix
689 849 717 898 in
734 845 938 898 Mattheum.-
947 847 1054 920 Ouaque
1064 847 1182 918 pericula
1197 859 1288 920 rupto,·
1301 863 1367 901 retus

334 929 435 982 adhaec
456 928 616 984 scholiastes
631 949 639 976 .·
651 948 661 972 ι
672 925 826 980 Sacerdotes
839 929 884 998 qni
896 926 1063 999 explorandis
1072 927 1198 999 periculis
1213 947 1288 982 sacra
1298 931 1367 983 facie·

333 1010 413 1076 bant,
428 1010 568 1063 observare
582 1006 701 1060 solebant
713 1025 793 1060 orum
804 1009 858 1078 igni
868 1010 1036 1078 impositura,
1049 1019 1136 1060 utrum
1146 1009 1174 1058 in
1189 1011 1291 1081 capite,
1300 1029 1331 1061 aa
1343 1011 1367 1062 ia

334 1089 415 1142 latere
427 1088 574 1141 desudaret.
587 1089 613 1139 si
626 1102 713 1139 antem
727 1101 834 1158 ruptum
846 1087 995 1154 effluxerat,
1008 1085 1155 1158 pericnlum
1167 1087 1368 1159 portendebatei

335 1189 385 1240 pro
397 1188 453 1241 quo
464 1170 564 1221 factam
576 1169 673 1233 fuerat,
687 1167 730 1219 rel
743 1169 781 1218 rei
798 1165 919 1218 familiari
932 1169 1021 1238 ejus·
1038 1166 1106 1234 Sed,
1120 1181 1150 1219 ut
1161 1166 1263 1239 colligit
1276 1169 1367 1221 Casan-

335 1249 435 1315 bonus,
449 1261 562 1320 possunt
572 1247 627 1299 brec
641 1249 669 1298 in
682 1248 732 1299 alio
746 1265 841 1318 genere
851 1249 1043 1318 superstitionis
1056 1249 1149 1319 accipi.
1162 1247 1274 1300 Videtur
1286 1248 1367 1319 religio

335 1331 423 1399 posita
441 1331 521 1382 fuisse
538 1331 565 1380 in
586 1331 641 1380 oris
659 1317 717 1399 que
732 1327 954 1394 comederunt,si
970 1326 1136 1399 casualiquo
1154 1329 1368 1400 irrumperentur,

335 1421 381 1460 aut
394 1406 625 1479 pertunderentur.
638 1405 705 1458 Plio.
720 1409 751 1458 ll.
766 1406 800 1458 N.
815 1407 937 1472 XXVlll,
955 1423 979 1458 a.

370 1550 439 1602 Nor.
454 1549 511 1602 186.
526 1549 598 1600 Hinc
608 1547 717 1620 prandes
730 1544 817 1611 Galli,
830 1557 855 1598 et
871 1565 930 1599 cum
946 1547 1018 1600 sistro
1034 1546 1105 1608 lusco
1116 1548 1370 1610 sacerdon—Hinc,-

337 1628 381 1681 ubi
393 1626 533 1679 turbantur
541 1625 583 1678 vel
596 1627 676 1698 nigris
685 1625 824 1678 lemuribus
829 1665 837 1692 ‚
852 1625 892 1677 rel
900 1625 1017 1697 proculo
1030 1625 1102 1698 quod
1114 1629 1231 1680 minatur
1239 1645 1315 1680 orrum
1325 1627 1372 1680 dis·

337 1720 453 1779 ruptum,
462 1705 524 1760 linc
531 1705 630 1758 adeunt
637 1704 788 1758 sacerdotes
799 1718 825 1756 et
833 1704 960 1772 hariolos,
970 1709 1015 1776 qui
1026 1726 1053 1760 se
1061 1705 1173 1760 liberent
1183 1705 1372 1759 terroribus.-

338 1787 453 1841 Grondes
468 1785 556 1848 catu,-
570 1785 680 1858 Cybeles
694 1783 861 1852 sacerdotes,
877 1788 913 1837 ita
925 1784 989 1838 dicti
1000 1805 1017 1839 a
1034 1784 1129 1855 Gallo,
1152 1786 1270 1859 Pbrygiae
1281 1785 1372 1852 llario,

338 1865 371 1918 de
384 1886 438 1938 qno
449 1865 525 1920 Orid.
536 1869 604 1918 Fast.
615 1869 658 1932 lV,
672 1866 719 1918 361
736 1884 792 1937 sqq.
807 1885 813 1913 ε

538 2001 607 2052 luter,
617 1999 658 2051 ait,
670 1997 761 2041 viridem
770 1995 863 2056 Cybelen
874 1997 970 2054 altasque
978 1997 1067 2041 Celenas

565 2066 641 2108 Amnis
650 2065 679 2117 it,
688 2064 765 2108 insana
774 2063 862 2108 uomina
873 2065 949 2107 Gallus
958 2077 1021 2122 aqua.

536 2129 579 2183 Qui
589 2129 655 2184 bibit,
665 2129 716 2172 inde
727 2127 810 2172 furit...

340 2248 455 2303 Grandes
461 2272 470 2311 ;
490 2248 530 2302 vel
545 2248 580 2301 ob
601 2247 754 2316 stultitiam,
769 2262 797 2300 ut
814 2249 883 2300 infra
895 2233 1053 2301 Vulferinius
1069 2251 1176 2320 inpensf
1191 2263 1221 2300 ut
1238 2265 1375 2318 sapenos:

337 2327 424 2380 caloni
437 2330 565 2400 aptaveris
577 2327 647 2388 alto,·
661 2326 702 2380 rel
717 2329 779 2400 quia
792 2329 899 2382 castrati
909 2327 1094 2399 grandescant.
1109 2329 1230 2380 Juvenal.
1245 2329 1299 2394 Vl,
1314 2325 1377 2379 512:

570 2497 587 2506 ..
596 2497 601 2507 .
610 2496 615 2506 .
626 2465 742 2520 blatriaque
751 2463 817 2506 dedat
827 2463 906 2506 chorus
915 2461 992 2515 intrat,
1002 2471 1024 2505 et
1033 2465 1109 2520 ingens

539 2529 642 2584 Semivir,
653 2531 754 2574 obscoeno
764 2529 830 2574 facies
839 2527 953 2571 reverenda
963 2527 1055 2581 minori,

540 2595 614 2640 Mollia
623 2596 660 2652 qui
670 2608 736 2653 rupta
744 2596 813 2640 secuit
822 2595 925 2652 genitalia
934 2603 995 2638 testa.

338 2715 415 2766 Conf.
432 2714 464 2766 de
479 2713 564 2768 Gallis
576 2716 643 2768 Plio.
660 2717 692 2767 H.
711 2717 744 2766 N.
759 2715 798 2782 11,
813 2715 863 2786 493
884 2713 1044 2787 Apuleium,
1059 2717 1170 2786 passim
1185 2715 1261 2766 Varr.
1275 2711 1310 2764 ad
1322 2731 1378 2763 roc.

340 2792 461 2855 Galim,-
475 2794 611 2846 Fenestell.
625 2797 664 2847 De
676 2793 863 2847 Sacerdotibus
874 2795 1007 2846 Romanis.
1016 2795 1094 2846 -Et
1104 2812 1165 2846 cum
1173 2793 1247 2845 sistro
1262 2791 1330 2843 lusca
1340 2810 1379 2842 aa·

339 2874 441 2934 cerdos‚·
454 2872 481 2924 h.
496 2893 519 2926 e.
535 2876 650 2927 sacerdos
664 2873 755 2941 Isidis,
769 2877 845 2946 cujus
860 2893 933 2926 sacra
945 2888 1008 2927 tunc
1022 2876 1150 2946 temporis
1164 2875 1255 2924 Rome
1265 2870 1381 2924 celeber·

339 2954 412 3004 rima.
427 2954 526 3004 Lucan.
539 2956 611 3020 Vlll,
630 2955 678 3007 831
694 2973 751 3026 sqq.
769 2955 869 3016 Lnsco,·
881 2953 922 3006 vel
937 2953 1030 3021 stulta,
1041 2956 1139 3025 turpis,
1159 2951 1279 3018 sordida,
1292 2970 1380 3022 quem·

340 3031 484 3084 admodum
497 3051 576 3105 supra
592 3036 682 3105 posuit
697 3055 704 3086 ε
722 3047 811 3106 patres
830 3034 969 3088 infundere
984 3034 1070 3106 lippos
1076 3057 1085 3094 ,·
1100 3035 1147 3086 Et:
1161 3035 1249 3103 magni
1266 3029 1381 3085 Messalae

340 3110 414 3184 lippo
425 3130 562 3183 propago;
579 3111 619 3165 rel
632 3131 723 3164 rerera
735 3112 822 3182 fusca,
838 3113 916 3165 oculo
931 3126 1017 3184 capta.
1037 3137 1048 3160 ι
1060 3115 1084 3164 Ν
1088 3111 1171 3164 ubiles
1185 3111 1332 3176 deformes,
1347 3112 1381 3161 ait

339 3205 415 3244 retus
427 3191 601 3259 scholiastes,
620 3213 703 3266 quum
713 3196 821 3246 maritos
834 3212 887 3245 non
899 3195 1061 3258 invenerint,
1077 3191 1111 3244 ad
1120 3192 1263 3244 ministeria
1274 3189 1381 3242 deorum

341 3289 370 3324 se
382 3271 564 3324 conferebant.
576 3298 587 3321 ι
604 3273 675 3326 Male
686 3273 752 3336 boc;
766 3273 877 3325 sederat
892 3275 1057 3345 superstitio,
1070 3290 1123 3345 qua
1135 3269 1315 3342 opinabantur
1325 3287 1382 3339 per·

340 3351 404 3420 juris
417 3351 540 3404 infestam
551 3353 659 3419 Isidem,
673 3371 779 3425 punam
793 3355 910 3423 irrogare
923 3355 1076 3406 cecitatem.
1087 3351 1164 3406 Orid.
1175 3354 1215 3403 De
1225 3352 1301 3402 Pont.
1315 3351 1342 3414 l,
1359 3365 1381 3410 r;

340 3432 460 3483 Juvenal.
476 3433 548 3501 Xlll,
560 3435 595 3504 93
607 3457 613 3486 ε

540 3576 645 3619 Decernat
654 3578 808 3634 quodcumque
817 3577 873 3620 volet
882 3577 908 3620 de
917 3589 1008 3633 corpore
1017 3586 1090 3620 nostro

541 3643 590 3693 leia,
601 3653 622 3686 et
632 3643 686 3687 irato
696 3644 760 3688 feriat
770 3659 818 3688 mea
828 3643 913 3687 lumina
923 3647 991 3686 sistra.

342 3755 419 3810 Unde
433 3758 544 3810 forsitan
562 3758 636 3810 Isidis
656 3759 804 3812 sacerdotes
824 3761 874 3812 sibi
888 3760 994 3812 oculurn
1012 3758 1191 3825 effodiebant,
1208 3757 1380 3830 quemadmo-

341 3839 405 3890 (lum
419 3837 488 3891 Galli
502 3837 611 3910 Cybeles
630 3841 766 3893 testiculos
783 3839 832 3893 sibi
847 3841 1037 3893 rescindebant.
1052 3842 1167 3892 Tantum
1184 3838 1278 3910 religio
1297 3839 1381 3910 potuit

342 3916 453 3969 suadere
462 3911 644 3969 stultitiarum!
657 3918 731 3971 Adde
742 3919 814 3992 quod
824 3921 870 3972 lsis
882 3923 909 3972 iu
919 3922 1098 3992 AEssyptiorum
1108 3921 1219 3991 picturis
1231 3938 1288 3990 qure
1301 3921 1381 3969 ass'er·

340 4010 446 4063 rantur,
457 4011 657 4068 repraesentatur
665 3998 767 4052 liabens
773 4000 880 4052 oculum
890 4003 917 4052 in
925 4001 1021 4051 fronte.
1030 4001 1132 4052 —Cum
1143 3998 1234 4059 sistro,·
1243 3999 1379 4067 proprium

340 4075 413 4130 laidis
434 4079 535 4150 nesigno
554 4082 670 4147 sistrum,
695 4083 769 4152 cujus
794 4083 905 4136 formam
927 4080 1052 4135 describit
1070 4078 1216 4152 Apuleius,
1228 4079 1337 4130 Metam.
1351 4078 1379 4127 ll.
