3148 4950
366 507 429 588 4⁶0
681 501 791 564 vtnt
815 500 1079 565 iuventtis

677 679 746 730 Ann.
761 677 794 729 U.
807 677 836 730 G.
852 676 919 744 845,
933 675 1029 729 christi
1037 695 1070 748 9²
1079 717 1088 742 ‚

790 764 922 818 iuvenalis
934 768 975 817 51.

402 905 611 1009 Quintiiinnus,
623 922 738 983 Rhetor
749 922 959 984 celeberrimus
969 921 1113 1004 idemque
1121 922 1306 1003 ditissimus,
1320 927 1413 988 insti·

361 1025 474 1085 tutioni
487 1021 626 1082 filiorum
644 1023 756 1083 sororis
774 1041 792 1080 a
811 1023 990 1082 Domitiano
1005 1021 1186 1103 praeficitur,
1205 1038 1236 1084 et
1252 1025 1334 1086 forte
1351 1050 1410 1109 per

362 1135 480 1202 patrem
503 1140 629 1195 eorum,
654 1120 793 1180 Flavium
818 1117 1026 1196 Clementem,
1050 1132 1232 1181 ornamenta
1258 1122 1411 1206 impetrat

362 1216 541 1278 consuleris.
556 1217 626 1276 Vid.
638 1216 676 1276 ad
693 1217 752 1277 sn„
765 1216 838 1289 VH,
855 1217 1019 1294 188-198.

671 1393 738 1444 nnn.
754 1393 789 1442 n.
801 1371 830 1442 c.
845 1390 912 1456 sto,
927 1391 1023 1444 cino
1037 1391 1088 1461 93,

516 1463 532 1496 ’
787 1477 918 1531 iuvenalis
931 1477 973 1532 5².

399 1639 517 1700 Baebius
534 1639 631 1698 Massa
643 1650 834 1698 accusatura
850 1637 954 1698 Plinio
974 1639 1104 1698 Juniore
1120 1651 1151 1699 et
1168 1638 1353 1714 Senecione,
1371 1661 1414 1700 ac

359 1735 534 1796 damnatur.
549 1733 618 1794 vid.
631 1734 669 1794 ad
682 1734 741 1794 Sat.
756 1734 788 1810 1,
805 1735 853 1796 35.

675 1899 744 1950 Ann.
757 1901 789 1952 U.
802 1899 831 1950 C.
847 1899 914 1969 847,
928 1897 1022 1954 Christi
1037 1899 1087 1968 942

782 1981 916 2040 Juvenalis
933 1987 974 2040 53.

399 2148 595 2206 Domitianus
613 2144 816 2229 philosophos
831 2145 914 2206 Urbe
929 2146 1078 2228 Italiaque
1096 2148 1269 2209 submovet.
1286 2149 1413 2210 (bnfer

360 2242 507 2304 Dodwell.
520 2245 598 2304 Ann.
611 2245 718 2320 Quint.
733 2249 747 2320 ς
764 2241 816 2318 14,
831 2255 862 2302 et
876 2244 924 2302 26.

677 2419 745 2470 Ann-
758 2418 792 2469 U.
803 2417 832 2468 C.
847 2416 915 2483 848,
927 2415 1023 2468 Christi
1037 2415 1087 2487 95,

692 2501 694 2504 ’
777 2503 915 2556 novenalis
931 2504 972 2570 54.

400 2671 513 2734 Acilius
526 2672 666 2748 Glabrio,
684 2675 736 2753 qui
750 2693 823 2758 curn
838 2671 970 2752 Trajano
985 2670 1090 2765 consul
1102 2670 1218 2748 fuerat,
1232 2671 1322 2752 jussu
1340 2673 1410 2733 Do-

360 2769 481 2828 mitiani
501 2769 649 2830 occiditur
664 2791 735 2829 cum
753 2770 909 2828 Herennio
925 2770 1102 2842 Senecione,
1120 2770 1153 2827 L.
1168 2769 1264 2828 Junio
1279 2771 1411 2830 Rustico

229 2885 233 2888 ·
320 2931 324 2936 ι
360 2862 438 2934 (vid.
451 2863 490 2923 sd
506 2867 565 2924 Sat.
583 2862 647 2937 XV,
663 2865 731 2945 27),
746 2855 885 2924 Sallustio
902 2862 1050 2939 Lucullo,
1067 2863 1146 2924 AElio
1163 2867 1288 2940 Lamia,
1305 2867 1410 2926 Metio
1435 2941 1441 2952 ι

360 2959 562 3040 Pompesiano
574 2972 603 3018 et
617 2957 693 3019 eliis.
706 2955 776 3018 vid'.
792 2959 831 3018 ad
843 2963 902 3019 Sat.
920 2961 971 3035 IV,
986 2957 1025 3040 94
1041 2981 1085 3042 sq.
1105 2959 1169 3036 154.
1186 2961 1308 3021 Eodem
1322 2959 1411 3022 forte

360 3065 497 3134 tempore
510 3054 639 3130 Judaeis,
654 3076 671 3113 a
687 3055 881 3130 Domitiano,
898 3067 933 3116 ut
942 3054 1100 3138 quondam
1111 3079 1129 3116 a
1141 3056 1291 3132 Claudio,
1303 3057 1409 3118 Roma

360 3148 453 3231 pulsis
465 3150 583 3211 locatur
595 3150 680 3212 lucus
693 3155 926 3230 Camoenarum,
942 3176 960 3213 a
973 3155 1072 3214 Numa
1086 3153 1135 3214 his
1151 3168 1303 3230 sacratus,
1319 3155 1410 3216 unde

359 3245 392 3304 in
408 3245 521 3316 Urbem
533 3249 740 3310 mendicatum
753 3252 1014 3332 vaticinatumque
1025 3241 1162 3312 veniunt.
1175 3250 1268 3314 Conf.
1284 3250 1323 3312 ad
1340 3255 1408 3313 Sat.

359 3340 419 3415 ΠΙ,
439 3343 473 3402 13
488 3365 531 3426 sq.
546 3345 645 3422 etvl,
661 3344 716 3421 542
730 3368 774 3427 sq.

672 3515 740 3566 Ann.
754 3515 787 3566 U.
799 3515 827 3567 C.
841 3514 909 3584 849,
922 3511 1017 3566 Christi
1028 3515 1078 3582 96,

785 3599 917 3655 Juvenalis
931 3598 971 3650 55.

397 3752 599 3832 Domitianus,
616 3759 670 3839 qui
687 3759 773 3817 omni
791 3757 953 3817 nobilitate
971 3759 1115 3817 exstincte
1131 3757 1198 3838 jam
1221 3759 1256 3818 in
1276 3759 1408 3840 plebem

359 3868 480 3930 quoque
492 3855 596 3916 soevire
610 3869 757 3936 coeperat,
771 3855 950 3916 trucidatur.
962 3855 1031 3916 vid.
1046 3855 1086 3914 ad
1098 3857 1158 3916 Sst.
1171 3855 1224 3930 lv,
1243 3856 1317 3932 153,
1338 3855 1409 3934 154.

359 3944 474 4005 Eodem
486 3969 568 4009 anno
583 3951 712 4012 moritur
726 3955 762 4010 P.
781 3954 923 4033 Papinius
936 3954 1045 4014 Statius
1062 3965 1169 4034 poeta,
1185 3955 1240 4034 qui
1250 3967 1284 4013 n·
1293 3954 1412 4016 Domi-

360 4039 445 4098 tiano
462 4054 492 4100 et
503 4043 612 4106 Paride
625 4045 738 4108 divitiis
754 4045 984 4130 honoribusque
995 4061 1102 4110 auctus
1117 4062 1190 4108 erst.
1210 4047 1258 4108 cf.
1278 4048 1322 4108 sd
1339 4051 1411 4114 Set.

360 4134 588 4216 V111,82-93.
