3148 4950
367 407 721 428 W

332 791 335 806 Ι
408 637 506 748 uu
537 633 863 759 ntvuust
895 540 1336 743 sirinnan

373 915 583 1012 tuctur,
616 911 847 1009 nostru,
878 911 1063 1007 passu,
1098 909 1377 990 Juvautus

733 1152 1010 1270 lunone,

425 1403 542 1472 DEQUE
555 1403 691 1456 FRUCTU
706 1403 751 1453 EX
763 1401 885 1453 HARUM
897 1399 1068 1454 Lucuottn
1082 1399 1257 1452 PERCIPIEN
1263 1401 1318 1453 UO.

780 1655 962 1678 ..ι-,0,-

349 1859 574 1972 Dacttntrts
591 1892 662 1986 jam
683 1897 782 1962 variis
798 1896 912 1964 Satirae
931 1901 1092 1962 Romanae
1111 1892 1306 1988 generibus,
1322 1917 1403 1986 poe·

349 2009 460 2099 tisque
478 2009 617 2073 satiricis
639 2007 784 2073 breviter
806 2008 996 2088 recensitis,
1019 2022 1189 2098 superest,
1214 2021 1252 2070 ut
1276 2001 1401 2070 horum

349 2117 533 2209 principes,
548 2115 712 2197 Lucilius,
728 2117 901 2196 Horatius,
916 2117 1047 2183 Persius
1062 2133 1094 2182 et
1109 2119 1126 2180 J
1132 2112 1296 2195 uvenalis,
1312 2117 1402 2180 inter

350 2250 387 2294 se
410 2225 643 2309 conferantur,
662 2251 806 2321 quaeque
829 2229 934 2294 cuivis
961 2243 993 2292 ct
1015 2229 1153 2293 virtutes
1174 2244 1208 2292 et
1229 2226 1308 2292 vitia
1332 2226 1401 2291 sint

349 2338 501 2430 propria,
514 2335 712 2404 ostendatur
722 2353 743 2405 ¹.
757 2339 972 2429 Comparatio
985 2334 1040 2403 illa
1050 2333 1120 2428 jam
1133 2361 1151 2402 a
1166 2334 1279 2403 multis
1292 2337 1401 2402 estin

349 2449 482 2516 stituta:
500 2447 558 2514 sed
573 2447 639 2514 dici
654 2450 708 2515 vix
722 2465 848 2541 potest,
869 2463 1079 2542 quantopere
1098 2449 1185 2514 inter
1202 2470 1259 2514 eos
1276 2445 1399 2514 discre-

346 2574 439 2650 pet2.
456 2562 572 2651 Neque
591 2557 656 2626 hoo
674 2557 759 2626 adeo
778 2561 902 2626 mirum
915 2556 1021 2625 videri
1040 2555 1139 2626 debet
1155 2584 1162 2624 ε
1179 2581 1275 2640 nam,
1295 2572 1334 2624 ut
1351 2573 1399 2622 ta·

386 2795 407 2830 t.
421 2781 460 2831 De
477 2781 565 2832 fructu
587 2799 618 2832 ex
637 2781 755 2844 Horatii,
770 2783 850 2833 Persii
897 2795 922 2833 et
933 2780 1062 2852 Rigaitins
1075 2783 1101 2832 in
1116 2781 1183 2832 Diss.
1197 2779 1230 2832 de
1240 2781 1397 2832 Sat-iuven.

347 2871 373 2910 et
383 2859 516 2910 Juvenalis
533 2861 645 2910 iet-tione
663 2858 851 2930 percipiendo,
896 2861 1010 2932 palmam
1021 2861 1153 2914 deferunt.
1164 2860 1241 2912 Conf.
1253 2859 1399 2911 etiarnVui-

345 2954 433 3009 pauca
465 2951 567 2989 tantum
597 2939 666 2988 infra
695 2938 848 3009 disputavi,
895 2939 1399 3011 piusdeSat.iat.c.Xi,etXll;Cu·

347 3035 429 3087 quum
446 3015 479 3068 de
491 3019 590 3088 poetici
605 3016 685 3068 studii
698 3016 809 3070 utilitate
823 3021 849 3068 in
895 3039 967 3071 naeus
982 3022 1008 3071 in
1022 3021 1096 3072 Orat.
1111 3021 1230 3084 x1,xlt,
1245 3018 1333 3070 etalii.
1345 3018 1398 3069 Nc·

347 3098 498 3149 universum
510 3101 565 3168 jaro
584 3096 658 3148 multi
677 3111 798 3150 accurate
812 3111 851 3150 at·
895 3120 938 3154 rno
954 3115 1043 3152 autem
1058 3099 1100 3151 vel
1115 3100 1249 3170 copiosius
1264 3098 1302 3148 vel
1316 3116 1398 3150 accu-

347 3193 400 3248 que
412 3179 521 3246 copiose
536 3181 710 3248 preceperint
724 3193 748 3229 et
762 3179 859 3249 piera-·
894 3182 976 3232 ratius
985 3178 1017 3230 de
1027 3197 1088 3229 vers
1099 3177 1215 3248 cujusvis
1227 3189 1400 3247 poetieatqus

347 3273 412 3327 que,
421 3254 453 3306 ad
463 3253 536 3306 illam
548 3275 601 3308 rem
610 3259 719 3327 proprie
730 3273 849 3328 spectati·
896 3260 1002 3328 propris
1021 3255 1112 3308 indole
1133 3255 1296 3326 disputavit,
1317 3271 1397 3323 quarn

346 3333 398 3399 tia,
411 3334 462 3384 sint
477 3332 553 3398 talia,
568 3349 610 3400 ut,
621 3337 670 3387 nisi
685 3338 743 3408 quis
754 3337 849 3388 tardis·
895 3339 989 3388 Mauso
1004 3337 1030 3386 in
1046 3335 1130 3398 libro,
1146 3336 1191 3406 qui
1207 3334 1347 3403 inscriptus
1356 3345 1399 3386 ess

347 3413 405 3464 simi
421 3415 453 3462 sit
467 3414 580 3484 ingenii,
594 3413 648 3466 haec
666 3416 742 3468 facile
755 3437 786 3468 ex
801 3419 849 3479 iis,
894 3417 1083 3488 Nncittriiqezu
1089 3413 1191 3468 Sulsers
1201 3414 1309 3465 Theors'e
1319 3425 1337 3464 t.
1347 3413 1398 3478 lv,

347 3509 404 3562 quae
416 3491 450 3543 de
466 3507 605 3563 poetarum
624 3493 729 3546 iliorum
746 3499 848 3548 virtuti·
895 3497 969 3549 Fasr.
983 3498 1019 3558 H,
1036 3515 1063 3565 p.
1074 3493 1215 3563 iifl-49⁶
1227 3492 1296 3564 (quse
1309 3505 1399 3544 tamen

346 3567 398 3621 bus
416 3589 447 3622 nc
464 3573 571 3642 propris
586 3571 675 3624 indole
692 3573 762 3640 dixi,
778 3573 850 3626 colli·
895 3577 1080 3628 commentatio
1093 3573 1213 3626 nondum
1223 3572 1345 3624 absoluta
1355 3586 1397 3624 est

347 3667 409 3720 gere
425 3653 517 3718 possit.
895 3669 921 3706 et
934 3651 967 3705 ad
984 3653 1113 3704 Lucilium
1132 3666 1233 3704 tantum
1249 3652 1401 3702 Horatium-

384 3743 408 3779 α.
432 3729 540 3780 Horatio
559 3731 590 3782 D.
609 3733 731 3783 Heinsius
745 3729 778 3782 de
797 3731 849 3782 Set.
896 3729 1398 3802 quespectat),etKoenigdeSst.Hom.

346 3808 439 3859 Horat.
454 3821 481 3859 et
493 3811 630 3861 Dacierius
642 3811 668 3859 in
681 3809 782 3860 Praefat.
795 3809 851 3859 etii·
895 3832 922 3883 p.
944 3811 1083 3878 34-1043
1101 3829 1169 3882 quos
1186 3810 1287 3863 libellos
1304 3809 1399 3880 legisse

346 3888 413 3940 nont
430 3887 510 3958 hujus
527 3903 610 3959 poete
626 3889 746 3958 pretim
763 3890 850 3938 Persio
896 3892 1028 3942 neminem
1049 3889 1198 3961 poenitebit.
1221 3891 1277 3941 Nos
1299 3891 1399 3960 primas

346 3967 460 4022 casaub.
474 3971 500 4021 in
517 3967 662 4039 Prolegom.
679 3969 705 4018 in
720 3969 791 4019 Pers.
805 3969 851 4019 Ju·
896 3968 976 4021 modo
995 3969 1078 4021 lineas
1100 3969 1243 4035 duximus,
1263 3982 1289 4020 et
1302 3982 1398 4021 neutro

344 4048 433 4101 venali
447 4048 563 4118 Scaliger
578 4049 606 4099 iu
624 4047 671 4098 tib.
688 4049 738 4116 111,
757 4061 783 4099 et
799 4049 850 4115 vl,
891 4052 948 4121 jam
957 4049 1080 4102 contuito
1091 4049 1183 4102 eadem
1191 4049 1245 4100 fere
1255 4051 1399 4101 animono·
1436 4070 1438 4074 ·

347 4131 420 4181 Poet.
432 4129 537 4199 Lipsius
554 4129 636 4200 Epist.
654 4129 753 4196 Quoest.
768 4127 807 4194 11,
818 4146 849 4198 9,
896 4129 937 4181 bis
959 4129 1195 4181 informaveramus
1209 4126 1318 4198 judicis.
