3116 4934
335 357 401 437 546
525 355 585 417 oa
609 354 702 418 sar.
730 352 936 430 aucun,
962 352 1183 433 HORATlt,

331 505 471 576 prorsus
489 480 560 548 fere
581 477 760 546 destitutis
777 493 849 544 erat
869 505 876 543 :
896 475 1064 570 permulta
1083 481 1221 547 Horatio
1243 498 1382 573 accepta

332 593 452 672 refert,
471 605 523 671 et,
548 590 576 656 si
587 589 727 654 Cornuti
749 586 960 682 aliorumque
979 591 1167 657 Stoicomm
1190 592 1312 684 scripta
1335 591 1382 658 ad

329 720 461 773 aetatem
477 718 625 768 nostram
642 701 893 793 pervenissent,
908 696 1005 793 plura
1016 699 1108 768 haud
1125 699 1226 770 dubie
1243 705 1382 795 vestigia

327 815 370 884 ab
385 840 425 884 eo
437 838 570 906 pressa,
587 792 928 906 deprehenderemus.

373 925 471 1012 Quod
480 925 523 994 ad
533 926 715 996 sententias
727 926 861 1005 attinet,
875 925 1031 992 Horatius
1043 905 1165 1006 meets,
1180 924 1380 1016 prudenter,
1420 1002 1423 1010 ⁸

325 1034 443 1104 callide
466 1053 500 1103 et
521 1037 628 1104 amice
649 1033 784 1117 suadet;
811 1036 942 1102 Persius
963 1050 1082 1126 argute
1104 1034 1378 1127 philosophatur,

326 1172 438 1216 rerum
466 1145 616 1240 pondera
643 1169 733 1237 saepe
752 1147 983 1212 minutissimis
1002 1148 1174 1214 sententiis
1200 1146 1377 1238 frangens,

323 1259 495 1328 Juvenalis
507 1257 562 1327 vel
573 1262 719 1350 graviter
730 1257 920 1340 dissuadet,
932 1256 985 1325 vel
998 1260 1090 1325 virus
1102 1258 1290 1326 acerbitatis
1305 1284 1377 1328 suae

323 1375 463 1456 evomit,
479 1389 515 1439 at
526 1395 770 1465 nonnunquam
783 1373 918 1438 inanem
930 1372 1010 1438 artis
1024 1369 1253 1466 doctrinaeque
1269 1390 1378 1442 osten·

322 1483 433 1551 tandae
444 1481 661 1575 cupiditatem
675 1480 804 1572 prodit,
822 1498 857 1548 et
868 1481 982 1571 friget,
1000 1483 1099 1547 nimis
1112 1499 1244 1549 sectans
1258 1487 1378 1550 oratio·

321 1598 373 1662 nis
390 1594 556 1663 luxuriem
587 1597 641 1680 (v.
660 1617 690 1660 c.
708 1595 775 1660 Sat.
791 1597 855 1671 lx,
883 1617 946 1662 roa
965 1617 1036 1686 seq.
1053 1597 1103 1674 X,
1122 1594 1188 1660 218
1214 1618 1282 1688 seq.
1310 1599 1375 1676 Xl,

326 1709 387 1795 137
402 1728 473 1800 seq.
496 1708 592 1785 Xlll,
613 1707 655 1770 23
676 1727 745 1797 seq.
764 1704 807 1785 34
828 1727 898 1797 seq.
928 1711 970 1785 lo
984 1726 1053 1796 seq.
1078 1703 1139 1784 62,
1159 1726 1229 1796 seq.
1254 1701 1317 1791 al.)
1340 1722 1376 1773 et

320 1817 493 1884 rhetorum
507 1817 670 1907 argutias:
686 1837 762 1908 quae
779 1831 894 1884 mmen
906 1831 1004 1881 acuta
1021 1810 1109 1882 dicta
1120 1811 1217 1882 valde
1233 1814 1376 1883 admira-

318 1929 417 1996 batur
432 1925 587 2018 Scaliger.

366 2040 544 2127 Sententiis
557 2035 764 2119 salubribus,
776 2035 931 2104 advitam
943 2036 1045 2120 bene,
1059 2034 1220 2119 honeste,
1232 2036 1375 2106 feliciter

318 2167 419 2246 atque
431 2147 583 2242 jucunde
595 2149 761 2241 agendam
778 2165 813 2216 et
826 2147 869 2216 ad
884 2133 1034 2216 amorem
1049 2152 1183 2217 virtutis
1199 2151 1375 2218 vitiorum-

319 2284 386 2356 que
406 2259 521 2328 odium
543 2259 749 2352 gignendum
768 2258 1030 2351 pertinentibus,
1050 2260 1183 2327 refertae
1203 2278 1282 2328 sunt
1299 2279 1374 2329 tum

318 2388 494 2464 poetarum
521 2369 655 2439 illorum
681 2373 811 2452 satirae,
832 2387 903 2438 tum
924 2373 1052 2438 Horatii
1072 2372 1284 2464 potissimum
1303 2376 1374 2468 epi-

320 2481 432 2564 stota,
448 2483 639 2550 maturioris
652 2484 776 2574 ingenii
788 2481 885 2549 fetus.
899 2482 1026 2548 Omnes
1038 2483 1111 2549 istae
1123 2499 1197 2548 tum
1212 2487 1371 2568 veritate,

319 2611 391 2661 tum
404 2596 595 2686 praestantia
607 2610 641 2660 ct
652 2591 791 2660 utilitate
803 2615 905 2687 quam
918 2595 1063 2660 maxime
1073 2615 1108 2660 se
1120 2595 1371 2663 commendant.

321 2709 477 2774 Horatius
495 2722 609 2771 tamen
630 2727 686 2770 eas
708 2701 853 2770 naturali
873 2703 1018 2797 quadam
1043 2703 1270 2796 simplicitate;
1292 2712 1372 2773 Per-

295 2821 390 2893 ,sius
411 2819 541 2908 rigore,
566 2818 720 2882 acumine
741 2831 775 2880 et
795 2813 996 2898 subtilitate,
1018 2815 1190 2884 luvenalis
1208 2819 1372 2908 gravitate

319 2929 478 2995 orationis
494 2927 680 3017 exprimere
695 2922 790 2992 solet.
806 2928 971 2992 Caeterum
986 2942 1124 3018 propter
1142 2924 1265 2994 horum
1285 2951 1371 3019 prae-

321 3041 419 3130 cipue
437 3049 686 3128 praeceptorum
702 3030 949 3102 multitudinem
968 3051 1002 3102 et
1016 3039 1245 3128 praestantiam
1262 3039 1371 3104 satiri·

320 3173 436 3216 corum
450 3163 626 3240 poetarum
639 3142 814 3213 lectionem
826 3145 1036 3214 utilissimam
1048 3171 1137 3229 esse,
1151 3150 1205 3215 vix
1218 3149 1371 3243 estquod

320 3283 489 3328 moneam.
514 3263 562 3324 Ea
587 3257 737 3350 profecto
756 3283 775 3324 a
796 3260 903 3350 poetis
927 3258 1173 3351 comprehensa
1193 3259 1368 3342 versibnS,

321 3366 427 3436 multo
448 3372 554 3460 magis
577 3384 612 3436 et
630 3367 794 3435 tenebunt
815 3367 1098 3464 delectabuntque
1114 3367 1276 3436 lectorum
1299 3371 1369 3435 ani-

318 3505 411 3564 mos,
432 3499 466 3548 et
486 3481 608 3548 diutius
627 3484 661 3547 in
683 3483 846 3550 memoria
865 3481 1055 3562 haerebunt,
1080 3505 1183 3576 quam
1206 3485 1234 3549 si
1259 3507 1298 3549 ea
1326 3505 1369 3551 ex

318 3593 427 3660 ethico
442 3591 546 3676 libro,
567 3591 620 3660 vel
636 3594 782 3660 tenuiter
798 3590 851 3658 vel
868 3590 1034 3658 subtiliter
1048 3594 1191 3686 scripto,
1208 3616 1368 3685 percepe-

317 3706 399 3787 rint,
415 3719 475 3772 aut
486 3728 619 3770 morum
638 3718 883 3795 praeceptorem
899 3725 938 3768 ea
954 3699 1133 3769 docentem
1150 3718 1184 3770 et
1201 3699 1367 3794 explican-

314 3835 383 3883 tem
400 3815 598 3883 audiverint.
619 3817 690 3882 Dici
704 3831 817 3882 autem
833 3817 889 3881 vix
908 3829 1036 3906 potest,
1057 3831 1264 3909 quantopere
1281 3812 1365 3895 illis,

313 3929 484 3994 memoriae
499 3925 609 3992 infixis
624 3941 656 3992 et
669 3928 863 4018 tempestive
876 3927 910 3991 in
921 3949 994 3991 eam
1008 3928 1191 4006 revocatis,
1204 3949 1297 3992 mens
1312 3922 1363 3991 vel
