3116 4934
390 534 457 622 570
792 533 1031 599 PERstAttA

386 655 532 718 eumdem
555 655 658 716 Ιοοιιιιι
677 655 776 717 fusius
793 657 900 718 Horat.
917 657 949 716 in
972 657 1072 738 prima
1087 655 1160 717 libri
1177 657 1205 719 ll
1223 671 1279 718 sat.
1299 659 1417 722 studiosi

387 753 550 893 locedium
562 775 593 814 se
604 767 801 835 comparent:
816 773 891 814 nam
905 754 1056 815 mutantia
1068 765 1099 812 et
1117 754 1131 814 i
1150 763 1259 821 ποῖοτοῦ
1276 758 1350 834 λόγον
1366 779 1420 818 en-

386 855 452 902 ποςι
476 855 535 894 cm.

430 933 495 992 116.
509 929 628 991 Ridenti
641 927 765 991 Flaccus
775 932 881 992 arnico.
892 963 931 976 -
941 929 1079 1016 Respexit
1089 927 1182 1004 illud,
1193 929 1332 990 ridentem
1342 930 1424 992 dicere

387 1049 485 1090 uerum
500 1026 580 1112 Quid
591 1027 691 1089 uetat?

430 1127 496 1186 118.
510 1125 641 1190 Excusso
648 1122 791 1208 populum
803 1125 974 1207 susperrderu
983 1145 1065 1186 nuso.
1077 1159 1114 1170 -
1127 1125 1164 1186 ln
1177 1139 1260 1184 sexta
1270 1123 1359 1206 primi
1369 1123 1423 1184 Sat

386 1243 458 1288 naso
475 1221 624 1312 suspendis
639 1219 755 1286 adunco
768 1224 903 1308 ignotos,
922 1223 956 1281 in
976 1233 1082 1282 octava
1097 1220 1241 1300 secundi,
1263 1218 1425 1302 suspendant

386 1341 487 1382 omma
499 1341 580 1380 nuso.

431 1417 496 1477 123.
516 1416 634 1478 Audaci
657 1417 833 1504 quicumque
852 1415 952 1504 uffiute
976 1416 1103 1480 Cratino.
1125 1449 1165 1462 -
1187 1413 1425 1477 Observabamus

386 1515 620 1575 translationem
631 1533 693 1574 essa
705 1533 723 1572 a
736 1513 848 1594 pratis,
862 1512 975 1595 quibus
994 1513 1094 1574 Graeei
1111 1511 1201 1573 docta
1216 1525 1247 1573 et
1265 1509 1369 1572 florida
1383 1531 1426 1570 re·

385 1627 487 1674 terum
499 1613 611 1694 scripta
624 1630 704 1693 sarpe
716 1609 895 1670 assimilant.
911 1611 984 1670 Haec
1000 1609 1086 1671 irrora
1100 1609 1139 1671 ab
1155 1610 1289 1670 Horatio
1305 1621 1362 1684 est,
1378 1605 1425 1689 qui

387 1707 486 1790 thymo
506 1707 640 1791 appellat
661 1727 754 1790 opera
773 1708 975 1788 antiquorum
998 1720 1179 1784 auctorum,
1198 1707 1231 1766 in
1255 1704 1378 1789 epistola
1392 1701 1426 1762 ad

386 1805 505 1868 lulium
518 1806 645 1865 Florum
658 1828 665 1864 ι
678 1807 750 1888 Quoe
763 1808 975 1866 circumvolitas
986 1803 1073 1887 agilis
1088 1804 1213 1886 thyma?
1227 1805 1257 1863 Si
1268 1803 1335 1888 quis
1348 1800 1426 1880 malit

387 1900 426 1962 ad
442 1901 588 1984 Pythiam
603 1899 731 1977 referre,
746 1913 777 1961 et
790 1899 864 1962 alios
879 1903 933 1983 qui
950 1901 1088 1962 numinis
1100 1899 1209 1960 afflatu
1224 1899 1349 1961 oracula
1364 1896 1427 1957 fun·

386 1997 519 2076 debant,
536 2019 601 2059 non
620 2017 805 2080 repugnetne
822 1999 980 2078 utriusque
994 1999 1129 2067 ἐπιπνοίας
1144 1997 1292 2072 modum,
1309 2008 1338 2056 et
1353 1991 1426 2055 illius

385 2117 457 2180 quar
469 2119 487 2158 a
499 2098 629 2158 nurnine
646 2099 679 2156 in
695 2094 838 2180 Pythiam
852 2117 983 2158 manans
994 2110 1096 2157 vatent
1111 2097 1210 2184 ipsam
1225 2093 1384 2165 mddeba13
1402 2101 1427 2152 et

387 2194 453 2275 ejus
474 2213 535 2276 qua
556 2193 715 2254 adflantur
734 2193 789 2273 qui
809 2195 951 2276 priorum
971 2193 1069 2255 libros
1090 2192 1203 2254 diurna
1223 2205 1427 2269 nocturnaque

387 2312 484 2352 manu
496 2304 633 2366 versant,
642 2291 788 2352 describit
799 2292 956 2373 eleganter
966 2292 1136 2374 Dionysius
1149 2289 1314 2372 Longinus
1324 2288 1363 2348 de
1371 2286 1428 2348 imi·

386 2390 505 2452 totiono
519 2387 666 2449 differens
678 2411 686 2447 a
699 2390 793 2450 πολλοὶ
805 2393 929 2471 ἀλλοτρίῳ
947 2393 1127 2470 Βιοροροῦνται
1137 2393 1281 2468 πνεύματι,
1303 2389 1349 2447 τὸν
1360 2386 1426 2444 rolris

385 2489 481 2570 τρόπον
497 2488 525 2546 ὃν
546 2489 590 2546 rat
605 2487 652 2549 «ἡν
668 2489 763 2545 lluiirrr
781 2489 856 2564 λόγος
868 2484 924 2566 lysi
943 2483 1045 2566 τρίποδι
1057 2487 1272 2566 πλησιάζουσαν,
1289 2483 1346 2543 lita
1354 2479 1427 2566 pipi

386 2589 444 2648 lert
453 2595 518 2666 yle,
529 2589 652 2646 domuit
663 2587 696 2656 fl<
709 2607 785 2664 paura
796 2587 880 2664 ἀγρὸν
892 2581 976 2643 hiras
989 2586 1092 2642 αὐτόθεν
1103 2585 1233 2663 Ιρνύρονα
1242 2592 1289 2651 τῆς
1299 2580 1426 2662 drurprrirt

387 2689 572 2766 καθισταμένην
588 2683 715 2765 δονάρως
727 2687 870 2764 amponius
883 2681 1044 2764 χρησμῳδεῖν
1064 2682 1125 2742 riut'
1136 2686 1282 2744 inimum·
1299 2683 1373 2748 οὗτος
1382 2676 1426 2737 tal

386 2791 433 2850 'tit
444 2789 495 2840 τῶν
508 2785 621 2864 ἀρχαίων
633 2781 803 2860 μοραλορολορ
819 2785 857 2848 sle
869 2783 915 2848 alu
926 2786 977 2840 τῶν
997 2783 1143 2862 ζηλούντων
1159 2783 1275 2848 inlusus
1289 2777 1428 2859 buxin&

386 2879 438 2940 dni
451 2883 521 2963 ἱερῶν
533 2881 643 2960 στομίων
657 2879 790 2961 ἇπορῥοιαί
803 2903 870 2948 τινος
883 2882 1013 2959 pigritat,
1027 2879 1067 2957 ὑφ’
1077 2877 1113 2938 ὧν
1123 2880 1300 2960 inrmioporor
1310 2877 1352 2938 ruri
1363 2875 1426 2953 sipi

386 2983 442 3036 llari
455 2981 617 3056 yuriuorraoi
627 2984 663 3054 τῷ
674 2979 762 3058 irlparr
775 2981 986 3038 nintosnotn
1000 2979 1108 3057 pyrus.
1126 3001 1141 3032 u
1153 2976 1246 3038 Multi
1266 2977 1365 3038 alieno
1381 2991 1426 3032 sort

387 3075 495 3136 divino
518 3074 630 3156 spiritu
650 3071 749 3134 afflati
771 3073 954 3156 rapiuntur,
977 3073 1087 3135 eodem
1108 3095 1234 3158 prorsus
1259 3073 1351 3136 modo
1371 3086 1426 3152 quo

386 3171 472 3232 fama
483 3183 527 3232 est
541 3166 686 3252 Pythiam
697 3168 851 3252 Apollinis
867 3170 1057 3234 sacerdotem
1069 3170 1196 3256 Delphis
1209 3173 1303 3253 (ubi,
1321 3183 1354 3230 ut
1369 3186 1427 3251 per

386 3266 514 3345 hibent,
537 3265 639 3330 hiatus
661 3265 790 3348 quidam
810 3280 854 3327 est
873 3280 978 3342 terras,
1003 3277 1151 3352 'vaporem
1178 3268 1252 3329 inde
1273 3281 1428 3344 auramque

387 3365 713 3446 exhalantdivinam)
728 3365 845 3448 tripodi
862 3364 1021 3426 admotam
1039 3367 1173 3450 corripi,
1189 3366 1361 3448 factamque
1376 3361 1425 3422 deo

387 3465 512 3547 plenam
525 3465 663 3526 numinis
673 3466 822 3526 instinctu
832 3463 1066 3525 consulentibus
1078 3485 1225 3548 responso
1235 3465 1320 3546 dare,
1330 3475 1359 3526 et
1367 3479 1427 3522 ora·
1447 3448 1452 3458 ’

388 3564 457 3626 cula
468 3563 610 3640 reddere,
624 3565 667 3625 sic
679 3563 718 3624 ab
731 3563 789 3624 illis
801 3565 975 3647 priscorum
990 3565 1111 3645 magnis
1124 3567 1257 3646 ingeniis
1269 3567 1303 3626 in
1317 3562 1426 3623 animos

388 3662 579 3724 imitantium
595 3663 678 3742 ipsos
689 3674 840 3742 tanquam
854 3683 889 3723 ex
907 3660 998 3721 sacris
1013 3663 1099 3722 ostiis
1112 3662 1170 3723 riri
1192 3661 1320 3745 quidam
1332 3658 1426 3719 ferun·

388 3771 455 3835 tur,
467 3779 485 3818 a
497 3758 611 3841 quibus
622 3757 720 3818 afflati
734 3759 826 3816 etiam
839 3756 892 3836 qui
905 3768 1012 3837 suapte
1021 3770 1133 3818 natura
1145 3779 1209 3818 non
1221 3759 1279 3818 isto
1292 3747 1425 3817 Phoebeis

389 3867 526 3936 aguntur
543 3853 668 3929 furore,
689 3851 822 3913 aliorum
840 3852 1058 3933 magnitudine
1076 3853 1203 3936 impulsi
1226 3853 1425 3916 concitantur,

388 3955 613 4036 rapianturque
635 3951 765 4013 simul.»
791 3953 837 4011 De
852 3949 1018 4034 Eupolide,
1040 3953 1170 4012 Cratino
1192 3965 1222 4012 et
1236 3944 1424 4032 Aristophane

388 4053 533 4120 Horatius
551 4052 642 4118 initio
660 4051 766 4120 Satine
786 4048 897 4136 trithei
921 4049 1032 4134 primi3
1048 4049 1159 4116 confer
1178 4072 1251 4118 cum
1262 4051 1325 4112 istit
1342 4043 1422 4110 itum
1461 4071 1463 4075 ’

389 4147 503 4218 locum
