3176 4954
523 357 581 420 cx
607 356 993 429 ttua0x1sartu.
1212 371 1275 463 307

237 587 404 656 Tonsillas
415 611 551 684 qumque
562 484 797 681 praevalidilvin
809 591 947 662 funibus
959 613 1065 690 aptas.

734 703 775 768 V.

237 807 408 876 Fluctibus
419 832 439 875 a
453 811 630 901 ventisque
641 808 789 878 adversis
800 809 939 880 firmiter
952 834 1073 886 essent.

723 923 779 986 VI.

237 1034 392 1126 Languor
404 1044 437 1095 et
448 1029 630 1120 oppressit,
643 1029 773 1120 pigror‚
787 1045 970 1127 torporque
983 1039 1113 1130 quietis.

717 1141 791 1205 VII.

235 1253 293 1314 Nae
304 1251 340 1314 in
353 1272 429 1317 arce
443 1225 734 1340 bovem'discerpsi
748 1251 940 1342 magnifice,
954 1256 1071 1350 inquit.

707 1360 796 1424 VIII.

235 1464 413 1560 Improbu',
425 1465 613 1548 conlidens,
626 1463 735 1535 malus
747 1481 781 1534 et
793 1491 940 1562 nequam
950 1471 1109 1542 videatur.

630 1669 865 1713 mm

393 1859 468 1934 EX
493 1856 657 1934 LIBRO
682 1859 743 1933 XI
769 1858 1101 1964 SATIRARUM.

736 2074 762 2136 I.

229 2185 372 2267 Quintus
383 2183 537 2278 Opimius
548 2176 605 2246 ille
617 2179 810 2270 Iugurthini
823 2198 918 2273 pater
929 2181 1046 2277 hujus,

229 2297 269 2361 Et
283 2295 450 2360 formosus
468 2292 569 2358 homo
580 2290 659 2372 fuit,
674 2304 708 2354 et
719 2288 882 2374 famosus,
896 2311 1078 2390 utrumque

229 2407 339 2474 Primo
350 2404 563 2483 adolescens,
579 2401 745 2493 posterius
757 2399 909 2470 directiu'
923 2428 1006 2473 sese.

262 2611 304 2662 IV.
318 2610 436 2660 Nonius:
450 2608 562 2679 Aptum,
574 2622 720 2658 connexum
800 2607 820 2656 1.
830 2607 949 2660 Nonius:
963 2609 1118 2674 Famem,
1130 2608 1263 2660 infamem.

227 2700 253 2739 et
266 2687 416 2758 colligatum
428 2687 566 2759 significat.
580 2685 619 2736 lta
635 2684 721 2754 legen·
765 2684 847 2734 Unice
869 2683 922 2736 hue
940 2686 1001 2736 lacit
1029 2684 1105 2736 Iocus
1129 2685 1264 2739 Ciceronis

226 2765 288 2816 dum
306 2785 365 2818 cum
382 2767 449 2818 libro
469 2779 572 2828 vetere,
587 2783 641 2816 non
660 2781 720 2817 cum
764 2761 833 2814 libro
851 2765 891 2829 ll,
907 2765 941 2818 de
960 2767 1073 2817 Oratore
1091 2785 1099 2816 a
1121 2767 1192 2820 :Est
1207 2765 1264 2819 bel-

225 2845 320 2915 vulgo,
333 2845 426 2898 ualidis
437 2844 599 2916 inferibus,
615 2841 721 2895 labante
764 2840 819 2894 lum
837 2840 902 2895 illud
925 2861 1030 2915 quoque
1048 2861 1080 2896 ex
1104 2862 1157 2916 quo
1179 2847 1199 2896 is
1218 2847 1264 2917 qni

224 2941 307 2975 versu.
766 2919 831 2972 dixit
845 2921 968 2976 irridetur
986 2924 1012 2974 in
1033 2942 1065 2974 eo
1084 2926 1145 2994 ipso
1167 2942 1264 2994 genere

257 3006 289 3054 V.
302 3003 418 3055 Nonium
429 3003 555 3064 Firmiter,
564 2997 628 3072 proi
638 2999 718 3052 lirme.
764 3000 838 3070 quod
854 3000 936 3053 dixit:
951 3013 1073 3072 utquam
1089 3003 1122 3069 Q.
1142 3002 1262 3071 Opimius

258 3084 302 3135 vt.
326 3085 454 3136 Nonius:
481 3082 590 3154 Pt'pror,
617 3082 718 3152 generis
763 3079 925 3145 Consularis,
937 3080 982 3149 qui
992 3079 1202 3133 adolescentulus
1211 3099 1263 3133 ma·

224 3161 370 3215 masculini.
389 3160 491 3214 Merula
505 3164 542 3212 ita
556 3172 643 3212 toturn
659 3177 719 3210 rer·
761 3157 787 3212 le
805 3157 939 3222 audisset,
965 3160 1057 3211 festivo
1080 3158 1180 3212 homiui
1204 3161 1262 3229 Egi-

224 3257 281 3291 eum
290 3238 503 3292 constituendum
514 3237 610 3291 dabat:
625 3237 719 3288 ·tan-
762 3235 817 3302 lio,
841 3240 886 3309 qui
910 3237 1042 3290 videretur
1065 3237 1189 3304 mollior,
1211 3257 1261 3292 nec

220 3320 504 3391 puoreumoppreuit,
518 3319 719 3390 pigrortorpou·
763 3329 852 3381 esset,
877 3316 982 3368 dixisset
1003 3338 1010 3369 r
1033 3315 1105 3384 Quid
1125 3330 1155 3369 tu
1177 3317 1261 3386 Egilia

221 3414 273 3466 que
289 3399 424 3469 quietem
442 3410 583 3468 censetque
600 3399 628 3445 τὸ
650 3394 719 3467 quies
762 3395 842 3445 meai
862 3393 976 3461 Quando
995 3393 1029 3446 ad
1047 3413 1089 3447 me
1109 3396 1181 3448 venis
1199 3413 1261 3447 curn

220 3474 384 3528 Lucilianum
400 3489 516 3528 rarenter
532 3474 593 3526 alibi
611 3471 718 3526 obvium
763 3485 808 3526 tua
828 3470 889 3524 colu
908 3483 934 3524 ct
954 3471 1034 3524 lana?
1052 3474 1113 3525 Nou
1134 3473 1198 3544 pol,
1218 3475 1260 3525 in·

220 3571 269 3623 pro
285 3555 375 3625 quieto
389 3567 415 3606 et
430 3551 572 3626 tranquillo
587 3551 718 3622 accipien-
763 3555 835 3623 quit,
854 3550 956 3604 audeo:
970 3569 1030 3612 narn
1045 3569 1087 3604 me
1099 3550 1133 3604 ad
1143 3553 1259 3605 famosae

220 3630 283 3683 durn
294 3654 301 3682 s
314 3634 357 3685 cni
370 3633 403 3685 sit
413 3634 572 3685 contrarium
584 3631 688 3702 inquies.
761 3632 843 3684 vetuit
858 3643 942 3682 mater
951 3629 1109 3684 accedere.»
1128 3632 1180 3684 Ubi
1192 3633 1260 3703 Opi-

253 3713 308 3763 vu.
326 3713 422 3764 Donat.
448 3715 476 3763 in
498 3709 580 3762 Andr.
602 3721 652 3762 act.
673 3709 716 3775 11,
761 3711 844 3764 mium
857 3708 929 3761 hunc
943 3708 1114 3762 Consularem
1125 3713 1213 3770 vocari
1224 3712 1259 3762 vi-

221 3805 256 3840 sc.
273 3793 412 3859 t.-—Noe,
433 3789 525 3854 valde,
539 3800 601 3856 aut,
613 3801 642 3840 ut
659 3789 716 3859 qui-
760 3789 824 3856 des,
837 3807 897 3840 vere
913 3802 992 3860 atque
1010 3807 1042 3840 ex
1059 3791 1187 3842 sententie
1203 3787 1259 3841 his·

221 3865 281 3919 darn
294 3868 402 3937 volunt,
417 3890 434 3923 o
446 3873 539 3942 quam!
760 3871 919 3934 turicorum,
934 3886 995 3920 uam
1006 3868 1037 3920 T.
1051 3867 1138 3920 Livius
1151 3868 1179 3919 in
1192 3867 1257 3936 Epi-

255 3949 320 4002 Vlll.
334 3953 455 4004 Nonius:
471 3946 644 4021 confidentia,
658 3966 716 4000 rur-
761 3961 830 4000 tome
840 3966 900 4000 eum
915 3945 1057 4000 Consulem
1072 3944 1105 3998 de
1118 3942 1257 4014 Liguribus

220 4043 277 4080 tum
286 4032 432 4096 temeritas,
448 4029 565 4084 andacia.
761 4025 934 4098 triumphasse
947 4037 1073 4094 testatur„
