3116 4934
396 527 464 594 620
842 527 989 593 lNDEX

440 651 522 711 1500.
538 649 706 727 luvenalis,
719 651 848 726 Persius,
868 655 1021 728 Horatius,
1040 652 1182 728 lucilius,
1200 653 1366 736 Lugduni
1387 655 1448 715 flac

395 770 494 811 ιιι-ια.

696 873 793 935 SAEC.
814 875 900 934 XVI.
925 874 1128 936 1501-1601.

433 1048 449 1076 ⁴
465 1048 575 1110 Aldina
585 1050 615 1124 l,
629 1051 744 1111 Veneta
756 1053 827 1111 XIX
841 1053 893 1132 (n⁰
906 1053 969 1130 δι).
981 1049 1143 1128 luvenalis,
1154 1053 1289 1126 Persius,
1308 1052 1453 1112 Venetiis

393 1145 474 1226 opud
486 1145 597 1208 Aldum
613 1148 679 1208 sine
692 1149 848 1210 mentione
858 1149 950 1223 anni,
962 1150 1051 1210 iis-8⁹.

434 1245 504 1323 Quo
523 1267 609 1307 anno
626 1248 792 1330 prodierit,
815 1269 878 1308 non
895 1259 1016 1308 constat
1031 1271 1037 1306 :
1055 1268 1122 1308 eam
1140 1267 1212 1308 vero
1224 1249 1380 1328 primam
1393 1267 1453 1308 esse

393 1341 556 1418 Aldinam‚
577 1345 625 1405 vel
646 1365 731 1405 exeo
751 1343 907 1427 probabile
929 1346 982 1419 fit,
1003 1345 1087 1426 quod
1107 1344 1212 1404 Graeca
1229 1345 1358 1420 verba,
1387 1365 1453 1424 quae

394 1444 454 1504 Sat.
468 1445 511 1504 Vl
518 1489 528 1518 ,
543 1445 608 1526 195,
620 1458 649 1506 et
659 1439 768 1528 lx,'37‚
780 1448 812 1504 in
825 1444 948 1527 reliquis
958 1444 1074 1505 Aldinis
1084 1445 1238 1526 leguntur,
1252 1447 1288 1504 in
1299 1467 1359 1520 ea,
1374 1446 1452 1505 utin

393 1545 480 1604 Rom.
493 1545 589 1625 princ.
605 1544 745 1604 nondum
759 1565 909 1626 expressa,
919 1543 969 1603 sed
984 1542 1075 1625 plane
1086 1545 1194 1603 omissa
1205 1557 1293 1603 sunt.
1307 1547 1393 1604 Tres
1400 1565 1452 1603 au·

393 1651 454 1697 tem
467 1659 529 1700 esse
546 1638 704 1699 dumtaxat
715 1640 859 1714 Aldinas,
874 1641 1008 1722 primam
1021 1662 1044 1700 s.
1062 1663 1090 1702 a.
1108 1639 1236 1700 alteram
1253 1661 1339 1701 ann.
1359 1641 1451 1716 1501,

394 1749 424 1794 et
433 1737 555 1796 tertiam
573 1757 645 1796 ann.
664 1713 678 1795 Ι
680 1737 757 1812 535,
773 1737 947 1818 vulgatam,
968 1737 1086 1817 liquido
1097 1734 1285 1797 contendere
1298 1757 1452 1818 possum,

393 1835 544 1912 quoniam
558 1847 605 1894 tot
619 1835 651 1894 in
665 1835 807 1896 manibus
821 1833 931 1910 habui,
946 1854 1015 1915 quae
1032 1853 1138 1892 omnes
1154 1831 1229 1893 olim
1246 1832 1282 1891 in
1298 1831 1450 1892 biblioth.

392 1928 541 2010 preclara
552 1931 722 1992 llulenkam
726 1931 758 2012 pi
769 1931 926 1992 exstabant
939 1943 983 2005 et,
995 1942 1160 2010 antequam
1171 1928 1223 1988 illa
1235 1929 1451 2002 venderetur,

393 2027 433 2084 ab
445 2029 581 2107 Heynio,
592 2049 660 2110 quae
671 2047 782 2108 magna
795 2026 858 2107 ejus
868 2026 1078 2087 benevolentia
1090 2040 1149 2100 est,
1161 2024 1237 2084 mihi
1249 2027 1452 2085 uansmism

393 2136 474 2182 sunt.
488 2127 512 2182 A
527 2123 665 2184 Fabricio
677 2125 764 2185 nulla
776 2139 965 2184 memoratur
979 2121 1111 2199 Aldina,
1127 2123 1161 2181 in
1177 2122 1248 2181 edit.
1266 2137 1388 2182 autem
1406 2125 1452 2180 lli-

393 2232 479 2302 pont.
495 2239 557 2279 una
571 2235 707 2296 tantum,
721 2235 751 2280 et
761 2222 886 2303 quidem
899 2219 945 2280 his
961 2219 1057 2278 verbis
1072 2241 1080 2277 t
1101 2243 1114 2273 u
1124 2220 1135 2296 (
1145 2218 1234 2296 1501)
1245 2217 1375 2278 Aldina
1388 2219 1451 2278 sine

392 2319 468 2378 anni
481 2331 568 2394 nota,
580 2321 673 2394 ἰπὶ-80,
687 2323 706 2380 J
709 2320 846 2380 uvenalis
858 2337 888 2380 et
904 2319 1022 2379 Persius
1035 2339 1071 2378 ex
1082 2316 1207 2377 officina
1220 2315 1301 2375 Aldi.
1323 2317 1449 2377 Eodem

393 2436 476 2476 anno
492 2429 522 2478 et
536 2417 642 2498 prodit
655 2440 690 2478 cx
707 2418 763 2478 off.
782 2418 849 2479 Aldi
869 2419 1025 2490 Horatius3
1045 2435 1180 2496 quocum
1197 2413 1301 2495 juncti
1326 2437 1449 2476 memo-

393 2526 502 2574 rantur
517 2515 549 2574 in
565 2515 679 2598 Solgeri
695 2518 791 2578 Catal.
808 2515 885 2576 Bibl.
898 2519 984 2596 (quae
998 2513 1070 2574 dein
1085 2514 1207 2574 accessit
1220 2511 1259 2572 ad
1279 2514 1369 2574 Bibl.
1391 2517 1450 2574 No·

393 2612 649 2694 rimbergensem)
664 2627 685 2674 t.
699 2615 757 2690 ΙΙΙ,
773 2636 803 2696 p.
816 2617 889 2696 278,
904 2617 937 2672 n⁰
954 2611 1038 2686 1833,
1048 2610 1101 2669 ubi
1111 2609 1298 2670 adnotatum
1308 2610 1448 2692 legitur:

396 2711 469 2770 «Ob
488 2725 576 2772 notas
598 2713 680 2774 MSS.
706 2714 815 2772 Lazari
834 2711 990 2792 Splengeri
1020 2707 1144 2790 Syndici
1166 2707 1449 2789 Norimbergensis

393 2809 559 2869 doctissimi
577 2810 617 2889 (†
635 2808 727 2889 1534)
745 2811 779 2869 in
794 2811 892 2892 pretio
905 2806 1083 2868 habenda.»
1105 2807 1205 2865 Hasce
1218 2817 1310 2865 notas
1333 2806 1448 2866 rescivi

392 2923 458 2964 non
480 2907 587 2985 magni
601 2927 663 2966 esse
677 2907 828 2966 momenti
843 2920 873 2965 et
888 2905 927 2965 ad
941 2904 1106 2965 Horatium
1124 2903 1256 2961 maxime
1270 2905 1448 2984 pertinere.

392 3000 503 3062 Aldina
513 3015 616 3062 autem
626 3004 691 3062 sine
702 3005 777 3062 anni
788 3015 861 3062 nota
873 3004 1053 3083 neutiquam
1063 2998 1288 3060 confundenda
1298 3017 1349 3060 est
1359 3022 1446 3060 cum:

437 3095 520 3156 1501.
535 3096 672 3156 *Aldina
687 3099 730 3174 ll,
744 3100 859 3158 Veneta
872 3101 926 3158 XX
941 3097 1062 3176 (n'lia).
1080 3094 1241 3168 Juoeraalis,
1259 3097 1397 3156 Persius.
1412 3125 1448 3140 -

392 3192 437 3253 Ad
450 3192 561 3253 calcem
574 3217 581 3254 z
595 3196 722 3257 Venetiis
735 3196 765 3252 in
777 3193 885 3254 oedibus
896 3192 966 3252 Atti
974 3239 983 3266 ,
996 3193 1078 3252 inu.

432 3292 501 3350 Hoc
512 3313 595 3352 anno
608 3295 700 3352 etiam
711 3293 858 3351 Horatius
872 3305 901 3352 et
910 3290 1058 3371 Virgilius
1070 3288 1178 3349 eodem
1192 3284 1279 3369 prelo
1294 3289 1448 3369 typisque

393 3388 583 3465 minoribus,
601 3389 655 3470 qui
668 3388 771 3463 italici,
788 3399 929 3448 currentes
945 3400 975 3445 et
988 3383 1092 3449 Aldini
1104 3383 1198 3465 vulgo
1209 3395 1380 3458 vocantur,
1397 3403 1447 3444 ex-

393 3486 457 3544 cusi
483 3501 563 3546 sunt.
586 3485 677 3562 Quod
698 3506 771 3545 vero
794 3487 898 3564 Heyne
925 3484 959 3541 in
983 3481 1088 3542 lndice
1112 3480 1286 3540 editionum
1315 3481 1447 3561 Virgilii

393 3601 424 3662 p.
437 3581 504 3640 XCl
516 3582 603 3659 (edit.
619 3583 706 3662 alt),
721 3582 760 3642 de
779 3581 890 3641 Aldina
903 3581 992 3639 tertia
1009 3577 1102 3638 dixit:
1122 3603 1136 3632 u
1146 3575 1298 3636 Praeclara
1311 3587 1343 3636 et
1363 3579 1448 3636 inter

393 3683 657 3761 praestantissimas
675 3680 764 3742 facile
785 3681 891 3755 editio,
910 3680 943 3738 in
966 3699 1027 3758 qua
1049 3677 1198 3760 pleraque
1218 3696 1235 3734 e
1254 3674 1447 3734 melioribus

394 3774 482 3837 codd.
504 3781 670 3840 constituta
691 3779 852 3860 leguntur3
877 3791 906 3836 et
925 3797 1034 3856 quam,
1056 3775 1109 3854 qui
1132 3772 1247 3832 factum
1265 3772 1321 3845 sit,
1343 3787 1384 3831 ut
1402 3793 1447 3831 se·

395 3891 521 3956 quentes
536 3877 666 3937 editores
681 3897 744 3937 non
760 3889 969 3958 sequerentur,
984 3871 1035 3931 sed
1050 3870 1232 3953 plerumque
1246 3868 1285 3927 ad
1299 3870 1444 3950 priorem

394 3976 537 4036 Aldinam
554 3975 703 4051 redirent,
724 3997 790 4036 non
802 3993 982 4054 assequor,n
1003 3971 1084 4030 idem
1100 3967 1262 4028 transferri
1280 3979 1387 4047 potest
1405 3965 1444 4025 ad

394 4071 539 4132 Aldinarn
555 4074 583 4134 ΙΙ
599 4074 766 4134 luvenalis.
780 4070 1036 4131 Emendatissima
1051 4078 1095 4126 est
1112 4066 1218 4138 editio,
1234 4063 1273 4122 ad
1292 4063 1452 4122 meliores·

394 4167 477 4229 haud
491 4170 585 4232 dubie
593 4170 702 4246 libros,
713 4183 780 4230 tam·
789 4171 917 4250 scriptos
930 4187 1022 4248 quam
1034 4165 1147 4236 editos,
1158 4161 1316 4220 recensita.
1331 4160 1445 4219 Nihilo
