3148 4950
258 522 267 537 ,
481 443 592 508 vrri
615 445 890 512 Jnvnulnts.
1035 515 1039 524 ,
1140 457 1205 544 449

166 551 258 622 Urbe
278 549 454 644 submotus
469 553 660 647 missusque
680 552 723 620 ad
740 555 974 646 praefecturam
988 557 1153 646 cohortis,
1172 566 1207 632 in

166 679 315 732 extrema
328 665 461 755 AEgypti
476 679 570 756 parte
581 663 747 731 tendentis
761 675 780 731 ¹.
797 664 836 733 ld
848 665 1001 770 supplicii
1016 693 1122 761 genus
1136 674 1210 766 pla·

167 776 254 854 cuit,
267 788 307 838 ut
315 770 383 841 levi
395 787 496 866 atque
507 770 649 864 joculari
662 771 783 843 delicto
794 799 856 868 par
867 793 965 844 esset.
980 782 1106 848 Verum
1120 785 1208 851 intra

166 881 402 951 brevissimum
413 898 548 974 tempus
559 907 684 976 angore
698 900 732 952 et
744 886 845 954 taedio
857 889 987 979 periise.

208 1119 217 1152 1
244 1101 469 1156 lnlibristantnm
478 1103 667 1157 nonomnihue
713 1105 841 1178 appellari
851 1104 943 1158 voluit.
962 1105 1014 1159 Sed
1030 1125 1092 1160 vero
1108 1109 1213 1164 viderur

168 1179 248 1232 verba
264 1183 313 1233 ista
325 1181 378 1234 hoo
395 1181 487 1233 ordine
505 1184 667 1253 junguntur:
712 1202 858 1256 repugnare
886 1185 1018 1238 Juvennlis
1045 1186 1129 1255 ¹etus,
1155 1191 1213 1260 jam

169 1261 198 1311 in
207 1271 320 1312 extrema
327 1273 402 1332 parte
410 1261 537 1314 tendentis
545 1261 668 1333 AEpypti;
714 1265 888 1333 octogenarii,
899 1283 980 1335 quum
990 1263 1062 1317 Urbe
1072 1265 1213 1320 submove-

170 1358 246 1412 quem
267 1342 399 1410 ingratum
419 1339 541 1392 ordinem
559 1339 670 1391 mutavit
713 1343 1213 1414 retur;qunmqnepnnlopostreditnm

171 1419 284 1492 Ruperti.
304 1422 371 1472 Huic
388 1417 566 1472 emendationi
581 1419 671 1469 favent
712 1421 837 1491 perierit,
860 1419 997 1492 quomodo
1021 1440 1036 1473 a
1061 1423 1214 1476 Domitiano

172 1499 215 1567 31,
228 1513 254 1551 et
261 1501 305 1567 43,
317 1499 437 1568 (codices
448 1498 527 1551 Valle
537 1511 564 1550 et
573 1499 670 1569 Divaei)
714 1497 854 1551 extendere
865 1512 968 1551 nitatem
981 1507 1069 1571 potuit
1080 1502 1113 1554 nd
1123 1505 1214 1556 Nem

171 1578 303 1650 inquibus
314 1577 462 1631 tarnennlio
473 1595 551 1630 sensu
563 1577 669 1649 legitur:
714 1590 741 1630 et
758 1579 863 1648 Trojnni
882 1580 1078 1650 principatum?
1096 1601 1159 1634 enno
1177 1584 1216 1634 ite

172 1657 198 1709 in
214 1669 354 1710 extremam
369 1657 480 1732 AEqypti
497 1669 597 1725 partem
616 1668 670 1709 ten·
715 1655 807 1708 decem
822 1668 847 1708 et
861 1656 949 1727 plnres
961 1677 1039 1729 supra
1051 1674 1157 1713 eentum
1169 1679 1215 1714 nn·

171 1739 269 1820 nnsis,
285 1736 356 1810 quod
365 1735 486 1808 probavit
495 1737 672 1788 Henuin.No-
715 1753 764 1788 nos
779 1735 895 1808 explesse
908 1749 1021 1807 oportet.
1033 1740 1077 1792 Ait
1089 1752 1115 1791 et
1128 1739 1217 1794 Crini-

171 1829 251 1868 stram
273 1815 331 1867 leet.
355 1830 457 1868 exstare
482 1818 509 1866 in
534 1817 669 1886 antiquiss.
716 1828 779 1882 tue,
802 1833 831 1867 ee
851 1813 966 1892 needurp
989 1818 1116 1888 reperisse
1143 1815 1216 1888 opud

173 1895 233 1948 cod.
251 1894 324 1946 Alex.
348 1908 438 1946 monet
450 1893 608 1958 Anhaintre,
627 1894 672 1966 qui
716 1905 838 1946 auctores
858 1891 908 1944 fide
929 1893 1216 1964 dignos‚.Juvennlen1

171 1989 275 2042 umen,
288 1977 376 2026 nescio
389 1993 484 2046 qnare,
497 1979 524 2024 τὸ
536 1975 564 2025 in
575 1974 670 2025 omisit.
716 1971 766 2025 sub
791 1971 944 2024 Domitiano
964 1971 1076 2044 pulsum.
1096 1972 1177 2042 Quod
1194 1973 1218 2024 si

209 2072 233 2106 2.
256 2055 378 2105 Extrema
396 2051 450 2105 hren
468 2050 547 2104 verbu
563 2053 591 2102 iu
611 2049 670 2102 cod.
715 2051 785 2102 lorte
814 2054 870 2100 Θιὸν
897 2052 965 2101 αὐτὸν
987 2050 1115 2121 intelligas
1137 2051 1218 2104 Anti-

172 2134 248 2187 Voss.
264 2135 302 2186 sic
316 2131 474 2203 interpolate
487 2144 564 2184 eunt:
577 2130 672 2184 Verum
717 2147 797 2188 noum
806 2165 814 2194 ‚
824 2142 870 2181 eut
881 2148 931 2200 pro
941 2133 1009 2188 αὐτὸς
1019 2130 1091 2200 leqes
1103 2119 1218 2189 dietmar,

175 2213 243 2265 intra
254 2211 427 2264 brevissimum
436 2212 595 2282 temmesbs
605 2210 673 2266 αὐτὸς
716 2206 902 2279 repugnabunt
929 2211 1091 2279 sequentia,
1119 2208 1217 2280 quibus

173 2291 327 2344 adscribitur
337 2290 464 2342 Diuorum
480 2287 575 2355 choro,
593 2303 674 2338 rever·
716 2287 811 2339 dicitur
826 2290 935 2341 Romam
954 2307 1062 2342 reuersus
1077 2290 1114 2340 ad
1125 2291 1219 2342 Neruoe

173 2373 286 2444 titurque
310 2368 446 2422 Juvenalis
469 2367 598 2430 Romam,
628 2364 675 2436 qui
711 2353 741 2417 'et
754 2365 862 2438 Trajani
873 2365 1050 2437 principatum
1063 2367 1218 2439 supervixis-

174 2450 279 2504 tandem
290 2449 325 2502 ad
338 2449 433 2500 Nerua
445 2457 470 2497 et
483 2445 591 2517 Trajani
600 2444 674 2516 prin·
716 2463 755 2510 se,
777 2462 843 2516 quoe
861 2443 967 2496 demum
987 2445 1089 2516 excepit
1104 2444 1221 2498 Hadria«

174 2533 287 2604 σίραααη
299 2526 554 2599 supervivem‚senio
563 2535 590 2575 et
602 2522 675 2576 tedio
718 2543 777 2578 nus.
803 2524 932 2576 Videntur
960 2539 1049 2578 nutem
1074 2525 1156 2577 verbs
1185 2524 1220 2576 ad

174 2613 233 2666 uitoe
245 2609 392 2682 consectus,
404 2616 587 2678 properantem
598 2603 675 2674 spiri·
718 2605 812 2657 Nerua
822 2616 848 2654 et
862 2605 971 2676 Trojani
982 2604 1159 2677 principatum
1175 2623 1221 2658 su-

174 2700 230 2742 tum
260 2707 319 2740 mem
347 2685 408 2739 tussi
435 2683 545 2754 exspuit.
572 2682 674 2733 Mireris
717 2685 892 2756 pernioensex
905 2685 1094 2753 margineinrb
1108 2691 1220 2749 requiei,

176 2771 255 2820 etiem
290 2767 342 2818 istu
366 2764 450 2835 inepti
478 2759 674 2831 interpolatoris
719 2761 1132 2836 libreroriumineurimintruse,
1145 2759 1222 2814 adeo-

177 2859 326 2900 commenta
350 2843 383 2895 ab
411 2833 543 2894 Henninio
568 2853 674 2910 recepta
720 2856 772 2910 qne
787 2835 908 2889 delenda.
923 2837 1016 2909 Neque
1033 2855 1095 2890 sene
1109 2836 1144 2890 ed
1156 2839 1222 2891 Τη-

176 2943 249 2990 eme,
269 2924 314 2998 qui
330 2935 418 2974 temen
436 2918 490 2970 hec
504 2929 575 2970 reete
591 2915 676 2968 edno-
718 2918 775 2986 jani
786 2927 903 2981 etatem,
920 2913 967 2966 sed
978 2927 1005 2966 et
1018 2915 1145 2968 Hadriani
1159 2935 1221 2988 per·

176 3001 440 3066 tevit:·Verbn‚Od;
450 3001 516 3056 wirte
526 2996 679 3049 adscribitur
721 2995 808 3059 venit,
823 2992 873 3044 sub
891 2991 1003 3063 quibus,
1019 3011 1076 3046 rnrn
1094 2992 1137 3046 ille
1154 3005 1220 3046 tern-

177 3083 303 3136 Divarum
313 3079 400 3144 choro,
408 3077 530 3130 videntur
544 3074 577 3128 de
587 3075 677 3127 Domi·
721 3091 817 3146 porum
827 3071 966 3136 felicitate,
977 3071 1081 3126 videtur
1094 3070 1220 3146 pleraque

177 3164 250 3214 tiano
272 3160 340 3229 dici,
354 3160 399 3232 qni
416 3157 546 3211 Dominus
562 3155 679 3226 Deusque
722 3153 895 3224 scripsisset
