2970 4936
294 601 295 605 Ν
360 526 421 586 ιιι
529 521 683 584 victis
707 517 978 585 Lectiones
1001 519 1063 584 er
1088 519 1222 586 corn

771 647 1072 704 ...surgecnviueahitin

556 712 782 756 Pindorltttlrcadite
788 712 890 770 pecturia
896 714 974 758 rudere
980 714 1046 758 diets.

352 809 422 868 Quasi
431 807 568 854 haecomnia
580 822 674 870 quoque
687 819 762 854 estem
774 808 798 852 in
808 823 849 854 ore
858 805 965 870 discipuli
974 823 1094 856 terrorum
1103 807 1235 856 tarditatem
1244 807 1400 871 indignantia,

352 895 400 926 nnn
410 880 500 928 veroin
510 895 551 926 ore
561 892 637 941 poet:
646 895 738 927 scenam
748 879 900 928 describentis
906 898 913 936 ;
926 883 993 943 qusai
1004 895 1081 928 termo
1089 892 1161 938 estet,
1170 897 1218 928 non
1228 882 1341 928 namatio.
1353 883 1401 930 Sed

350 951 375 995 in
386 949 542 996 laudatissimo
552 949 637 996 Codice
650 965 703 996 meo
712 950 773 998 8055
782 951 938 1012 tuprefindor
947 960 982 1006 ιιι,
994 949 1195 1012 legiturfittditur,
1206 962 1233 996 nt
1242 951 1336 998 variana
1349 967 1402 1014 qua

351 1035 406 1070 tune
418 1025 529 1085 temporit
536 1023 585 1084 jam
597 1035 658 1070 euet
668 1023 796 1070 notissime.
811 1025 892 1085 ltaque
903 1022 1031 1070 lectionem
1041 1024 1116 1070 secuti
1124 1037 1204 1069 tumne
1212 1039 1266 1070 cum
1278 1021 1401 1086 probam-

351 1094 413 1140 aimie
426 1095 565 1150 editoribus,
584 1109 636 1158 quse
653 1093 706 1156 plus
719 1093 806 1141 habere
824 1095 926 1141 veritatis
942 1093 1074 1150 videretur,
1091 1111 1163 1157 quum
1178 1095 1307 1157 presertim
1322 1097 1401 1141 minua

350 1167 472 1230 probabile
481 1167 525 1222 eit,
538 1167 614 1230 ipsum
623 1166 734 1227 juvenem
749 1180 800 1213 sete
811 1167 930 1212 rudentem
938 1181 1074 1227 comparere
1084 1181 1139 1213 cnm
1147 1167 1253 1213 Arendt'te
1262 1166 1399 1227 pecoribus.

350 1238 502 1285 Cnnubonua
515 1248 539 1285 et
552 1238 669 1286 Aelnintr.
685 1236 802 1298 recipiunt
815 1236 912 1300 quidem
926 1237 1024 1292 Fundam
1035 1237 1079 1284 ted
1091 1235 1204 1300 reliquam
1215 1249 1307 1298 partem
1318 1251 1400 1284 verene

349 1310 432 1370 subjici
443 1309 524 1358 volunt
535 1309 572 1355 rel
582 1325 595 1353 a
612 1309 690 1356 Persio
700 1308 793 1354 insanae
806 1307 915 1371 querelae
924 1307 1049 1366 irridente,
1062 1307 1099 1356 tel
1110 1309 1140 1355 ah
1150 1324 1180 1356 eo
1191 1310 1297 1371 quiante
1307 1306 1400 1354 loeutus

315 1365 324 1386 ⁸
350 1393 384 1429 eat
395 1393 531 1445 preceptor.
547 1382 624 1442 Quare
635 1391 730 1428 monent
742 1381 774 1426 ite
784 1395 834 1428 ease
845 1381 1072 1444 interpungendum:

766 1477 1104 1534 ....'lurgescitvitreebilie....

550 1543 636 1586 Findor.
642 1575 647 1585 .
654 1575 670 1586 ..
680 1559 691 1581 n
700 1553 726 1586 ut
732 1543 827 1586 lrcadiae
834 1541 935 1600 pecuaris
942 1543 1020 1586 rudere
1027 1544 1093 1587 diens

347 1663 379 1674 --
395 1639 478 1692 Dices,-
491 1634 571 1698 legunt
584 1634 665 1682 credar
677 1635 762 1698 lloenig
775 1633 860 1699 aliique
874 1635 975 1685 editores
980 1654 988 1693 ;
999 1636 1040 1683 ted
1049 1637 1073 1682 in
1082 1635 1176 1682 edendo
1188 1636 1249 1682 dieue
1263 1636 1342 1682 Mtte.
1355 1639 1399 1682 mei

346 1710 495 1756 consentiunt
505 1723 600 1762 omnes,
617 1723 693 1770 neque
706 1723 800 1754 necesse
812 1707 905 1755 videtur
920 1723 1004 1754 novam
1019 1707 1106 1754 addere
1123 1710 1200 1756 verant
1214 1707 1338 1763 duritiem,
1351 1725 1399 1771 qno

348 1780 429 1827 melius
442 1783 545 1827 imitetur
558 1795 640 1827 vocem
652 1780 755 1826 rudentis
767 1781 825 1828 uiui
837 1780 991 1828 horrisonam.

381 1898 450 1948 Nor.
470 1895 502 1961 8,
513 1912 538 1965 9.
557 1894 689 1970 Turpetct't
701 1895 781 1948 vitrea
793 1895 852 1949 bilis
859 1917 868 1956 ,·
880 1895 1014 1948 Raditur.
1026 1932 1033 1944 .
1044 1932 1067 1945 ..
1087 1893 1205 1951 Arcadio
1214 1897 1340 1967 pecuaria
1355 1915 1398 1947 ru-

347 1979 405 2030 dm
416 1977 493 2028 dicas.
508 2005 545 2014 -
557 1973 645 2027 Verba
663 1973 718 2026 haee
730 1977 819 2026 omnia
835 1989 921 2047 poetae
935 1989 997 2028 sunt
1011 1974 1128 2026 subitum
1138 1973 1352 2046 iracundumque
1365 1975 1398 2027 ad

348 2055 466 2107 lahorem
478 2065 637 2126 apparatum
649 2053 789 2108 irridentis.
804 2084 840 2094 -
855 2055 944 2108 Vttrea
956 2054 1031 2116 bt'lt's,·
1045 2073 1101 2106 non
1114 2074 1147 2108 ex
1160 2073 1192 2106 eo
1207 2053 1280 2125 quod
1294 2054 1356 2107 bilis
1369 2069 1397 2106 ut

346 2137 456 2199 vitrum,
470 2133 533 2185 dum
545 2133 681 2200 sufflatur,
696 2135 828 2209 torpescit,
841 2153 930 2206 neque
942 2153 973 2186 ex
986 2152 1018 2186 eo
1031 2134 1104 2206 quod
1116 2133 1209 2206 pellidi
1220 2146 1248 2186 et
1256 2133 1358 2187 virides
1369 2149 1396 2186 ut

347 2216 438 2268 vitmm
453 2216 520 2279 sint,
538 2214 584 2285 qui
600 2215 690 2265 lurore
701 2216 796 2285 perciti
808 2228 885 2278 tunt,
902 2232 989 2286 neque
1006 2233 1038 2266 ex
1054 2233 1086 2265 eo
1104 2213 1177 2287 quod
1195 2214 1254 2266 irati
1272 2212 1396 2265 homines

264 2315 267 2324 ·
346 2290 477 2367 quidquid
488 2294 514 2344 in
529 2303 644 2344 mentem
655 2294 727 2345 venit
741 2306 841 2345 temere
855 2294 983 2346 effutiunt
997 2312 1028 2345 ac
1041 2295 1107 2346 vitro
1119 2308 1181 2346 sunt
1194 2292 1395 2366 pellucidiores.

346 2373 485 2446 (Namque
497 2370 531 2424 nd
543 2370 593 2424 hos
605 2390 695 2424 omnes
706 2389 798 2425 sensus
810 2385 950 2441 recurrunt
958 2373 1139 2445 interpretes).
1151 2371 1216 2426 Bilis
1226 2390 1287 2424 tero
1296 2370 1396 2424 dicitur

346 2455 426 2508 vitrea
440 2473 472 2506 ea
485 2452 575 2505 colore
589 2471 654 2518 suo,
668 2471 752 2524 quum
766 2455 893 2504 acerrime
909 2467 956 2505 eet.
969 2453 1061 2504 Horat.
1075 2451 1223 2519 sat.11‚3,
1237 2452 1299 2519 141ι

663 2557 1028 2614 ...jussitquedtplettdr'daltilis

345 2649 431 2716 Idem,
444 2648 537 2702 endem
548 2651 640 2714 satire,
655 2666 720 2714 ιιι,
733 2650 814 2714 vitrea
826 2649 916 2720 posuit
928 2666 978 2720 pro
990 2648 1141 2720 splendida:

596 2765 599 2770 ’
663 2753 994 2810 ...numennumen

345 2880 380 2889 -
398 2847 533 2913 llnditur‚·
544 2849 676 2917 rumpitur
685 2847 713 2896 in
724 2864 801 2898 voces
814 2845 973 2899 inconditas.
988 2879 1023 2887 -
1039 2849 1157 2902 Arcadioe
1166 2853 1288 2922 pecuaria
1294 2873 1303 2912 ,·
1314 2852 1345 2904 id
1356 2867 1395 2907 est

345 2928 447 2993 asinos,
460 2944 572 2998 quorum
584 2926 772 2977 feracissimam
785 2925 867 2978 fuisse
876 2926 1017 2980 Arcadiam
1027 2941 1157 2982 testantur
1165 2933 1263 2998 Varro,
1276 2930 1395 2998 Plinius,

344 3006 439 3060 Strabo
450 3005 587 3076 Grecique
598 3007 739 3075 scriptores
752 3003 821 3057 bene
833 3003 917 3057 multi.
931 3008 1065 3060 ,luvenalis
1079 3009 1132 3061 Set.
1147 3011 1220 3077 vm,
1236 3011 1300 3063 160:

544 3111 880 3171 NilsulitArecdicojuveni....

346 3191 492 3244 Ausonius:
541 3183 554 3216 ⁸

659 3269 992 3326 ltinosquoqueruderedices.

343 3365 391 3415 llic
405 3363 433 3414 in
449 3362 537 3414 nidere
545 3363 635 3509 prpme
649 3362 819 3434 producitur,
834 3382 891 3436 qun
905 3378 993 3416 tamen
1010 3366 1151 3436 corripitur
1166 3369 1192 3418 in
1205 3366 1277 3436 Virg.
1291 3365 1391 3438 Geor-g.

344 3444 389 3496 lib.
402 3445 452 3512 ΠΙ,
464 3462 531 3497 vers.
564 3461 577 3513 7
607 3467 613 3494 :

541 3551 647 3596 Cominus
653 3553 786 3596 obtruncant
793 3551 861 3606 ferro,
869 3553 1005 3609 greviterque
1012 3555 1122 3598 ndentes.

341 3641 430 3707 idern,
445 3641 546 3694 AEneid.
563 3641 608 3694 lib.
621 3643 683 3710 vll,
696 3661 763 3696 vert.
779 3643 825 3696 16:

541 3745 617 3790 Vincla
624 3757 765 3792 recusantum
772 3759 794 3793 et
800 3761 847 3793 sere
854 3750 895 3792 tub
903 3758 966 3793 noete
974 3751 1099 3794 taedentem.

340 3839 369 3890 ln
382 3837 476 3894 Ouidio
490 3857 597 3912 quoque
609 3843 764 3914 corripitur,
774 3844 832 3896 Art.
844 3844 891 3908 ΙΙΙ,
904 3861 970 3913 ι9οε

541 3948 569 3990 Ut
575 3948 636 3990 rudit
642 3949 670 3992 ed
677 3950 777 3993 seehrent
785 3949 853 4006 turpis
860 3950 925 3994 aselle
933 3949 1021 3996 molem.

371 4060 437 4112 Nor.
461 4075 501 4112 ιο.
513 4062 575 4112 Jam
585 4058 662 4127 liber,
673 4073 699 4112 et
709 4060 805 4114 bicolor
813 4063 901 4135 peritis
911 4066 1063 4116 membrana
1075 4063 1186 4136 capillis.
1199 4045 1234 4106 ¹—-
1245 4067 1308 4118 Jom
1315 4068 1386 4127 rico-

336 4139 408 4199 nice;
421 4137 494 4220 haud
506 4141 543 4192 ita
555 4143 626 4193 enim
638 4140 750 4214 diligens
762 4139 812 4216 luit
823 4142 977 4216 discipulus.
993 4174 1028 4184 -
1042 4145 1130 4206 Liben-
1144 4148 1181 4197 sic
1193 4145 1279 4200 dictus
1289 4165 1303 4197 o
1314 4147 1387 4198 libris

334 4217 472 4286 arborum,
485 4221 583 4291 quibus
596 4219 810 4274 adscribendum
823 4224 965 4276 utebantur
978 4238 1086 4278 veteres.
1100 4257 1134 4264 -
1147 4228 1301 4278 Membrana
1309 4249 1317 4287 ,·
1332 4227 1384 4278 sub
