2986 4924
339 405 389 468 tn
412 401 624 469 satutant
647 405 895 488 QUARTAM.
1077 415 1138 502 ¹7³
1235 363 1242 376 ι

89 533 230 585 seientiam
244 529 384 584 hominem
395 544 540 584 revocaret.
556 533 648 584 llorat.
663 531 716 585 Sat.
729 535 768 600 ll,
781 533 813 602 5,
828 533 892 587 ruti:

382 629 475 685 &reple
483 627 566 671 factum
573 628 746 672 laudetviclns'e.

124 723 195 774 Nor.
207 719 252 790 47.
266 719 329 773 Viso
339 719 361 771 si
370 717 472 789 polles,
485 720 612 790 improbe,
625 738 743 772 nummo.
753 749 790 760 -
798 723 876 773 Nunc
888 723 943 792 agit
953 725 1040 777 minus
1051 725 1141 779 indul·

91 814 186 872 genter
199 817 260 850 cnm
273 796 384 850 homine
399 817 476 871 quern
491 799 535 850 alii
548 797 674 866 laudent,
689 818 803 871 eumque
813 802 854 852 sui
862 803 918 854 vitii
927 816 1025 855 mouet.
1037 835 1073 844 -
1083 807 1141 857 Im-

89 879 189 950 probe‚·
203 879 350 949 opponitur
358 875 393 928 ad
404 878 534 952 epreqium
547 895 637 930 versus
650 880 804 948 superioris.
819 907 855 918 -
870 880 931 933 Viso
940 881 963 933 si
971 880 1057 954 palles
1065 902 1140 936 nom·

93 976 136 1009 mo
144 982 155 1020 ,·
166 957 195 1008 lu.
205 975 227 1009 e.
243 957 384 1010 allaborat
398 958 516 1008 ovantia.
531 957 596 1024 Quae
612 976 694 1030 porro
710 961 791 1011 luerit
807 962 915 1012 avaritia
927 963 1056 1030 Neronis,
1071 977 1097 1016 et
1111 965 1140 1017 in

93 1036 267 1088 conficiendis
281 1038 394 1088 nummis
410 1036 571 1105 improbitas,
584 1049 642 1088 turn
653 1057 685 1090 ex
696 1036 784 1090 multis
799 1039 856 1090 aliis
870 1039 968 1112 liquet,
982 1054 1039 1094 tum
1051 1062 1065 1094 e
1077 1044 1140 1096 Sue·

92 1131 147 1166 ton.
154 1115 259 1166 Neron·
267 1113 311 1166 32.
321 1115 406 1166 Nimis
417 1126 509 1184 argute
518 1114 685 1185 distinguunt
695 1131 902 1170 commentantes
911 1118 1052 1190 prodigum
1059 1123 1141 1176 fuisse

92 1193 243 1260 Neronem,
257 1211 313 1244 non
326 1211 389 1243 vero
403 1210 520 1244 avarum.
542 1194 610 1244 Nam
630 1212 725 1246 avarus
744 1197 832 1264 primo
846 1195 917 1247 idem
932 1211 972 1250 est
988 1217 1019 1250 ac
1033 1200 1139 1265 avitlue;

92 1283 144 1322 turn
156 1291 268 1324 aruum
277 1275 333 1323 non
342 1271 406 1323 dixit
416 1273 537 1338 Persius,
549 1271 596 1324 sed
603 1271 747 1344 pallentem
758 1275 810 1326 viso
820 1293 945 1342 nummo,
957 1296 1011 1347 pre
1022 1277 1140 1332 habendi

93 1351 211 1423 improbo
225 1351 360 1424 cupidine.
376 1349 417 1401 Cf.
432 1369 521 1421 supra.
535 1351 585 1417 ΙΙΙ,
601 1368 650 1422 109
660 1369 718 1425 sqq.
733 1353 788 1406 oisc
799 1364 836 1404 est
844 1353 868 1407 si
872 1353 945 1424 forte
955 1357 1081 1426 pecunia.
1092 1389 1099 1408 =.
1110 1389 1134 1410 i.

125 1459 195 1512 tior.
214 1461 259 1522 68.
275 1461 306 1513 Si
314 1461 385 1532 focis
398 1458 427 1509 in
438 1471 533 1528 penem
548 1459 674 1531 quidquid
687 1459 732 1511 tibi
745 1461 817 1514 venit
829 1477 957 1517 amorum.
976 1494 1011 1504 —
1029 1466 1141 1520 Struunt

92 1538 229 1602 nonnulli,
240 1541 310 1591 inter
317 1557 383 1611 quos
392 1538 501 1607 Koeuig,
509 1549 628 1590 omarum
636 1549 696 1590 'cum
702 1559 795 1612 penem
801 1563 811 1603 ,·
819 1541 907 1612 placet
913 1531 976 1595 vero
984 1545 1066 1614 magis
1074 1549 1141 1599 strui

92 1633 151 1668 cuni
162 1617 292 1690 quidquid
302 1619 330 1669 in
342 1630 414 1668 recto
426 1633 500 1667 casu.
510 1645 547 1656 -
555 1617 682 1669 Amorum
692 1637 742 1670 vox
752 1619 788 1670 ed
799 1638 928 1686 amorem,
942 1635 988 1674 aut
998 1626 1139 1692 miserum,

92 1710 137 1748 aut
149 1709 273 1769 turpem,
286 1699 363 1770 quasi
372 1709 544 1759 consecratu
556 1699 645 1751 Graece
656 1695 734 1768 irrepis
746 1697 807 1767 iper.
818 1700 910 1772 virgil.
924 1701 1016 1774 Eclog.
1030 1701 1076 1756 lib.
1089 1705 1139 1772 ΙΙΙ,

8 1795 9 1802 ’
95 1775 142 1830 rot
154 1793 215 1850 sqq.

538 1859 606 1892 ....et
613 1849 709 1906 quisquis
716 1864 802 1910 amores

294 1913 795 1972 lutmenretduloes,auterperietnrarsoror.

123 2063 185 2108 Vn.
203 2060 243 2122 49.
256 2061 281 2107 Si
291 2058 373 2125 puteal
385 2057 458 2107 mullo
471 2069 554 2108 coums
568 2059 638 2108 vibice
647 2060 763 2126 stupellas.
776 2089 808 2110 a.
820 2061 904 2110 Scribit
917 2064 966 2110 MS.
983 2062 1043 2123 8068
1056 2065 1139 2114 tibisce

30 2157 38 2168 ·
92 2146 136 2194 pro
147 2133 231 2188 cibiae,
243 2132 309 2197 qnod
317 2135 342 2179 iu
352 2149 396 2180 usu
405 2145 525 2196 receptum
536 2143 579 2179 est.
989 2127 1004 2180 f

125 2231 196 2283 Nor.
214 2231 259 2302 49.
273 2232 304 2284 St
314 2229 405 2302 puteal
415 2229 499 2282 multa
511 2241 600 2282 cautus
610 2229 691 2281 vibice
693 2229 826 2304 stupellas.
841 2249 878 2272 -e
889 2230 1004 2283 Multum
1017 2231 1052 2284 atl
1066 2229 1138 2287 huno

92 2329 197 2364 rursum
210 2329 270 2364 sese
284 2323 411 2383 torquent
426 2311 599 2381 interpretes,
619 2327 705 2380 neque
724 2309 757 2361 de
777 2309 831 2362 ulla
845 2309 937 2362 aliare
951 2314 1139 2380 consentiunt,

95 2409 176 2461 quarn
193 2391 227 2444 de
245 2391 298 2443 loci
316 2395 374 2463 ejus
393 2389 557 2442 difficultate.
575 2419 611 2431 -
629 2387 725 2441 Puteal
731 2411 741 2451 ς
755 2408 770 2441 a
784 2385 882 2460 puteo,
901 2392 1008 2464 proprie
1021 2391 1141 2446 umbella

94 2468 137 2522 rel
147 2485 267 2542 petasus,
280 2490 333 2544 qua
346 2484 443 2542 puteus
456 2472 583 2542 operitur.
598 2469 722 2521 Puteolio
735 2468 789 2521 duo
804 2472 892 2520 Roma
906 2470 1029 2522 videntur
1042 2471 1138 2524 fuisse:

93 2547 213 2601 Alterum
223 2552 285 2602 Attii
297 2551 393 2616 Narii,
405 2551 432 2600 in
444 2549 552 2600 comitio
557 2566 565 2608 3
578 2548 655 2616 cnjus
666 2546 785 2596 meminit
793 2544 898 2611 Cicero,
910 2545 945 2598 de
956 2547 1138 2616 Divinatione,

93 2629 119 2694 l,
134 2646 181 2698 ¹7³
196 2630 268 2680 conf.
280 2629 337 2681 Liv.
350 2631 374 2695 Ι,
386 2628 434 2690 36,
449 2627 562 2679 alterum
574 2623 705 2678 Scribonii
716 2623 838 2690 Libonis,
850 2627 877 2675 in
889 2626 995 2695 porticu
1006 2625 1091 2693 Julia,
1105 2623 1141 2680 acl

93 2723 185 2759 arcum
195 2706 353 2759 Fabianum.
366 2705 428 2757 vid.
438 2709 559 2772 Festum,
571 2704 604 2756 de
613 2702 692 2754 verb.
705 2701 911 2772 significatione,
920 2722 982 2775 pag.
993 2705 1062 2773 487,
1073 2703 1137 2758 edit.

8 2829 9 2832 ,
94 2785 196 2838 liacier.
210 2789 273 2858 Ejus
285 2786 398 2856 liguram
410 2784 509 2856 prabet
518 2801 643 2837 nummus
655 2781 726 2855 apud
742 2785 826 2835 Patin.
838 2781 872 2834 de
885 2783 975 2835 Famil.
987 2785 1063 2836 Rom.
1077 2803 1137 2858 pag.

95 2865 153 2934 249.
163 2867 253 2934 Qum
259 2865 295 2919 ad
304 2866 357 2918 hoc
365 2865 457 2939 puteal
463 2861 752 2936 congregarisolerent,
763 2865 809 2933 qui
817 2863 947 2934 pecunias
957 2863 1139 2935 occupabant,

93 2942 131 2996 rel
140 2944 190 2997 rub
200 2947 290 2998 usuris
300 2944 454 3011 sumebant,
467 2963 518 3016 pro
528 2943 642 3013 negotiis
652 2943 823 2994 foeneratoriis
831 2943 954 3014 usurpari
962 2956 1079 3014 coeptum
1088 2956 1137 2996 est,

94 3027 180 3079 Horat.
193 3027 281 3099 Epist.
295 3029 322 3093 Ι,
335 3045 381 3097 19,
393 3028 409 3080 8
422 3043 496 3098 sqq.:

465 3115 582 3158 ...torum
588 3113 708 3169 malque
715 3109 802 3154 Libonis

293 3182 401 3226 llandabo
409 3180 479 3225 siccis,

94 3265 128 3319 ld.
142 3267 195 3321 Sat.
210 3269 252 3335 ΙΙ,
266 3269 297 3334 6,
311 3265 361 3320 35:

292 3357 382 3401 Roscius
389 3357 466 3401 orabat
472 3354 514 3398 sibi
521 3354 605 3398 adm
613 3354 640 3396 ad
646 3354 724 3409 puteal
730 3363 784 3395 cras.

8 3471 9 3474 ¹
96 3440 166 3494 Oritl.
179 3438 312 3494 Remedia
325 3442 413 3493 Amor.
427 3440 491 3494 561:

293 3537 335 3596 Qui
341 3539 430 3596 puteal,
438 3539 561 3594 Jmumqne
569 3535 632 3578 timet
638 3532 760 3590 colemque
766 3530 872 3575 calendas.

97 3617 173 3674 Cicer.
186 3643 237 3696 pro
249 3623 356 3691 Sextio,
369 3622 384 3674 8
398 3644 405 3674 ε
422 3644 523 3674 ......
532 3617 633 3692 puteali
644 3637 674 3669 ac
686 3617 875 3669 foeneratorum
888 3611 1011 3684 gregibus
1026 3613 1136 3666 intesta-

97 3713 223 3775 tusaeque
233 3719 385 3775 percussus.
395 3726 406 3749 s
418 3701 494 3754 Unde
504 3701 577 3771 pn'or
587 3715 679 3750 seusus
689 3698 786 3762 oritur,
795 3711 873 3766 quem
879 3691 1136 3756 Cornutus,Britau·

100 3783 179 3849 uuus,
189 3783 290 3854 aliique
300 3795 462 3854 sequuntur:
473 3782 494 3832 ai
505 3776 670 3831 debitoribus
681 3777 767 3848 gravis
777 3793 803 3826 cs
813 3787 839 3825 et
847 3772 986 3838 molestus,
1000 3770 1063 3823 dum
1073 3788 1136 3824 usu·

8 3847 9 3898 i
99 3877 149 3913 tarn
163 3865 261 3933 exibas,
276 3866 298 3915 si
314 3881 361 3915 eos
376 3861 497 3933 repetitis
513 3857 591 3911 cedis
608 3855 713 3909 ictibus.
732 3857 820 3924 Quam
835 3853 1037 3924 explicationem
1052 3851 1135 3902 ferme

8 3949 9 4006 l
99 3940 170 3992 relert
180 3941 278 3993 Badius
288 3939 444 4008 ascensius,
455 3941 501 4011 qui
510 3936 603 4010 puteal
610 3938 783 3990 loeueratores
796 3947 822 3986 et
831 3934 964 3986 usurarios
975 3947 1032 3983 esse
1043 3938 1133 3999 putat,

8 4031 9 4048 ³
101 4031 124 4069 et
134 4019 216 4072 multo
231 4022 312 4074 vibice
321 4019 449 4098 flagellas
462 4038 511 4090 pro
530 4019 603 4090 gravi
616 4016 714 4070 damno
732 4011 838 4067 afficere
856 4013 973 4085 positum
986 4008 1132 4100 arbitratur.

101 4097 142 4152 llis
151 4100 244 4172 lloeuig
257 4104 380 4168 assentit,
393 4097 489 4154 clarius
502 4097 601 4171 aliquid
612 4095 770 4168 (leopertus,
784 4105 811 4148 ot
823 4090 996 4148 casaubonus
1008 4089 1034 4140 iu
1046 4105 1134 4158 priore
