3148 4950
182 377 1222 426 mmummwkumwwufimmwumwswmmmmmuwsm

316 568 500 674 AULl
537 573 778 679 PERSll
816 578 1080 685 FLACCl

612 821 797 933 VITA

197 1068 273 1126 PER
291 1067 419 1127 ANNOS
438 1070 718 1134 PROBABlLlBUS
740 1074 1005 1136 CONJEGTURlS
1023 1079 1202 1142 Dthlstt.

568 1285 833 1308 ...ἡ-...-

504 1451 534 1499 A.
550 1449 583 1500 U.
598 1451 627 1502 C.
644 1449 711 1520 787,
725 1450 886 1520 chrisost,

642 1541 721 1592 Persii
737 1557 759 1591 t.

176 1709 379 1825 Taurorum,
390 1751 504 1832 quibus
519 1763 610 1811 natus
620 1763 663 1810 est
674 1754 804 1826 Persius,
816 1755 983 1834 imaginem
996 1757 1105 1818 vividis
1115 1760 1222 1820 admo·

174 1848 251 1909 dum
270 1848 423 1908 coloribus
439 1850 582 1930 expressit
605 1851 668 1908 Vir.
682 1847 728 1908 Cl.
749 1849 787 1910 G.
806 1855 839 1912 L.
859 1852 990 1932 ttoenig,
1013 1876 1108 1936 quarn
1124 1857 1220 1920 relatu

174 1945 423 2030 perutilissimam
439 1945 687 2006 existimavimus.

212 2043 378 2106 Debellatis
403 2055 448 2104 tot
466 2045 622 2125 tantisque
642 2044 820 2106 nationibus
839 2066 858 2104 a
881 2048 1049 2122 Romanis,
1071 2053 1220 2131 omnique

174 2144 290 2203 ratione
299 2142 454 2222 expilatis,
466 2143 605 2222 ingentes
619 2141 749 2218 divitiae,
763 2163 893 2226 quaeque
905 2165 941 2204 ex
954 2143 1001 2206 his
1013 2149 1095 2206 nasci
1109 2149 1219 2225 solent,

174 2239 319 2314 avaritia,
339 2237 480 2312 luxuria,
498 2239 667 2318 omniaque
680 2239 829 2298 vitiorum
850 2261 977 2319 genera,
996 2245 1125 2302 Romam
1146 2267 1221 2304 con·

173 2337 324 2400 lluxersnt
335 2359 342 2410 3
359 2336 472 2417 quibus
484 2336 609 2396 tandem
621 2339 753 2418 corrupti
768 2338 896 2398 victores
909 2353 938 2399 et
949 2345 1083 2401 enervati
1094 2364 1218 2404 ornnem

172 2425 337 2499 honestatis
359 2449 388 2496 et
406 2435 554 2496 libertatis
572 2455 696 2495 sensum
716 2436 791 2496 adeo
814 2439 1003 2514 amiserunt,
1025 2454 1060 2499 ut
1079 2443 1220 2521 gravissi-

173 2556 261 2595 mum
274 2535 428 2595 servitutis
434 2532 562 2614 jugum,
577 2553 595 2592 a
606 2534 790 2615 turpissimis
803 2536 958 2596 interdum
971 2537 1151 2598 hominibus
1161 2540 1220 2600 sibi

172 2631 368 2714 impositum,
384 2650 473 2712 aequo
483 2632 589 2690 animo
604 2645 792 2712 paterentur.
807 2633 906 2692 Prisca
922 2633 973 2694 illa
989 2635 1085 2694 animi
1100 2637 1221 2716 magni·

172 2731 247 2791 tudo
259 2743 289 2792 et
301 2731 450 2810 gravitas,
461 2750 522 2810 qua
535 2732 670 2790 Romani
681 2744 795 2790 veteres
807 2731 939 2812 reliquas
952 2734 1091 2794 nationes
1102 2737 1218 2814 praesti-

171 2841 288 2902 terant,
309 2827 364 2887 vili
382 2827 468 2886 cessit
482 2825 652 2887 adulationi
672 2826 845 2909 puerilique
864 2827 991 2888 levitati.
1014 2831 1137 2890 Etenim
1151 2831 1219 2912 ipsa

170 2921 345 3007 frugalitas,
357 2937 455 2984 mater
466 2943 554 3004 paene
566 2924 707 2982 omnium
722 2925 889 3001 virtutum,
905 2925 1016 3006 quibus
1030 2946 1144 2986 nomen
1159 2930 1218 2987 llo-

171 3042 301 3082 manum
312 3021 360 3080 vel
372 3032 472 3079 nostes
484 3018 696 3080 infestissimos
707 3020 741 3080 iu
752 3022 798 3080 sui
812 3020 1050 3081 admirationem
1061 3037 1219 3104 rapuerat,

170 3117 283 3198 opibus
297 3118 380 3195 orbis
392 3131 544 3178 terrarum
561 3118 594 3176 in
614 3117 723 3179 urbem
739 3120 905 3201 congestis,
920 3119 1044 3201 expulsa
1061 3118 1138 3178 adeo
1151 3141 1220 3179 eva-

171 3216 261 3290 nuit,
289 3228 324 3273 ut
345 3217 377 3274 in
405 3217 511 3296 paucis
538 3215 710 3275 admodum
735 3217 936 3296 generosioris
962 3215 1093 3291 indolis,
1119 3217 1173 3298 qui
1202 3237 1219 3275 a
1287 3219 1291 3227 '

171 3313 333 3372 communi
352 3312 496 3374 vitiorum
517 3315 663 3395 contagio
682 3315 835 3373 intactum
853 3327 1047 3374 servaverant
1061 3316 1221 3390 animum,

171 3412 298 3494 vestigia
319 3411 383 3494 ejus
402 3426 604 3474 remanerent.
623 3414 742 3474 Umbra
763 3411 930 3488 libertatis,
952 3433 1046 3493 quarn
1069 3413 1221 3494 Augustus

170 3507 305 3582 civibus,
320 3510 418 3590 magis
429 3507 471 3569 ut'
481 3510 527 3569 sui
543 3510 637 3591 ipsius
652 3509 760 3584 saluti,
776 3529 868 3589 quam
882 3521 918 3568 ut
930 3527 1037 3568 eorum
1049 3509 1221 3569 commodis

170 3606 363 3683 consuleret,
386 3608 569 3689 reliquerat,
594 3629 613 3667 a
637 3608 759 3666 Tiberio
782 3606 924 3666 funditus
948 3605 1086 3684 sublata,
1108 3591 1221 3686 (Tacit.

170 3705 280 3766 Annal.
299 3707 330 3782 l,
356 3705 408 3780 153
432 3708 490 3768 Dio
513 3707 594 3765 Cass.
615 3706 730 3780 LVlll‚
754 3725 809 3780 so,
827 3705 871 3764 ibi
891 3706 926 3764 V.
949 3705 1082 3764 Reimar.
1097 3705 1223 3766 Sueton.

169 3803 236 3864 Tib.
259 3806 316 3886 373
339 3806 494 3888 Pompon.
514 3806 593 3886 ll,§
614 3825 643 3884 9.
664 3805 702 3863 D.
728 3804 766 3865 de
793 3825 838 3864 or.
859 3803 947 3881 Jur.)
973 3805 1127 3879 Romani,
1150 3823 1223 3862 cura

172 3888 485 3984 rerumpublicarum
499 3903 627 3975 omissa,
639 3900 860 3962 convertebant
871 3902 993 3963 animos
1008 3901 1046 3958 ad
1061 3919 1106 3958 res
1122 3901 1225 3980 priva·

169 4010 237 4074 tas,
249 4011 442 4080 atqueamor
456 3999 567 4082 patriae
583 3997 781 4076 studiumque
800 4019 901 4058 rerum
920 3997 1137 4058 communium
1155 4015 1225 4056 sen·

1026 4096 1079 4159 3ο.
