3038 4932
289 795 393 912 nn
431 713 609 915 carr
647 791 969 916 suerin

186 1085 569 1222 sussstur
617 1085 1072 1192 susurretur

438 1363 621 1437 nourrls
641 1361 821 1424 noritur

402 1599 525 1678 VITA
548 1602 613 1675 ET
637 1600 863 1678 SCRIPTIS

193 1835 241 1888 EX
259 1831 350 1885 GASP.
369 1831 590 1898 SAGlTTARlO,
610 1833 731 1885 FRANC.
751 1833 883 1898 DOUSA,
903 1832 946 1884 ET
965 1831 1056 1885 AldlS.

573 2099 682 2116 -οσ-

106 2251 215 2349 Carus
229 2289 389 2364 Lucinas,
410 2290 574 2350 satirarum
588 2290 737 2370 scriptor,
757 2290 806 2349 cui
826 2290 866 2350 ab
882 2289 951 2350 aliis
972 2311 1153 2372 prenomen

105 2383 211 2443 Lucius
224 2403 282 2463 pro
295 2385 396 2460 Caius,
417 2384 456 2444 ab
470 2385 538 2446 eliis
553 2403 666 2445 nomen
682 2381 824 2446 Lucillius
844 2405 900 2467 pro
914 2383 1059 2460 Lucilius,
1083 2407 1154 2468 per·

53 2559 65 2566 -
106 2499 210 2560 peram
224 2480 402 2563 utrobique,
417 2481 614 2556 adscribitur,
627 2492 768 2541 natusest
778 2482 827 2562 Sp.
839 2479 1017 2541 Posthumio
1030 2481 1154 2556 Albino,

105 2575 137 2634 b.
150 2575 322 2656 Calpurnio
334 2577 445 2638 Pisone
454 2597 623 2638 coss.anno
636 2579 673 2636 U.
686 2578 721 2636 C.
733 2596 809 2650 nor,
823 2575 904 2637 bello
916 2577 1036 2636 Punico
1048 2579 1155 2650 tertio,

105 2671 284 2754 olympiade
303 2693 398 2734 curru
411 2674 532 2750 (scribit
547 2676 636 2756 Casp.
650 2673 846 2754 Sagittarius,
859 2673 962 2752 curu).
976 2673 1082 2733 Suessa
1094 2672 1155 2732 Au-

104 2788 276 2828 runcorum
287 2767 371 2831 hunc
390 2771 559 2831 oriundum
573 2769 667 2830 fuisse
678 2769 830 2852 probatur
841 2789 939 2845 exeo,
954 2768 1039 2850 quod
1053 2770 1152 2828 satirae

104 2862 171 2945 ejus
180 2865 318 2926 camma
326 2869 431 2928 Suessa
448 2868 488 2928 ab
503 2869 638 2928 Ausonio
650 2866 810 2942 dicuntur,
827 2880 857 2926 et
871 2887 995 2948 maanus
1005 2867 1153 2926 Auruncae

104 2958 270 3022 alumnusa
280 2964 446 3040 iuvenale,
460 2985 490 3024 v.
505 2985 559 3040 20,
573 2966 634 3025 Sat.
647 2965 678 3039 1,
688 2977 826 3025 vocatur.
842 2963 953 3025 lisdem
965 2983 1061 3046 prope
1074 2975 1153 3023 tern-

106 3059 233 3140 poribus
247 3059 352 3122 flornit
364 3061 478 3142 quibus
488 3073 578 3143 poeta
590 3063 714 3138 Accius,
737 3063 843 3121 Sextus
857 3061 1029 3142 Turpilius,
1045 3073 1075 3120 et
1086 3060 1152 3120 Sta·

105 3157 166 3216 tius
188 3158 334 3218 Caecilius
347 3159 380 3218 in
396 3179 488 3218 scena
511 3158 643 3218 celebres
660 3155 758 3216 habiti
774 3169 856 3216 sunt.
878 3157 941 3218 Sub
956 3154 1070 3216 Publio
1091 3157 1152 3216 Sci·

106 3253 200 3334 pione
217 3254 359 3314 Africano
374 3256 510 3332 minore,
527 3255 609 3316 bello
627 3255 835 3329 Numantino,
854 3253 939 3333 quod
956 3253 1064 3334 incipit
1078 3273 1151 3314 ann.

106 3351 144 3409 U.
158 3351 193 3410 G.
211 3371 310 3428 ncxx,
325 3373 416 3432 eques
428 3353 580 3436 stipendia
601 3353 731 3427 meruit;
750 3364 824 3414 teste
841 3352 958 3412 Velleio
971 3351 1152 3425 Paterculo,

106 3443 160 3505 lib.
180 3447 224 3522 11,
241 3469 309 3529 cap.
326 3469 376 3522 ¹¹3
399 3467 460 3529 quo
478 3447 604 3530 quidem
620 3459 774 3529 tempore,
793 3465 866 3506 eum
883 3467 983 3507 annos
1001 3445 1153 3506 sexdecim

107 3556 215 3606 natum
226 3545 321 3606 fuisse
334 3547 432 3607 aiunt.

144 3643 294 3704 Luciliam
306 3655 429 3726 gentem
441 3645 596 3728 duplicem
609 3646 719 3720 fuisse,
730 3643 890 3726 patriciam
901 3663 1011 3720 unam,
1022 3641 1151 3704 alteram

106 3737 257 3819 plebeiam
266 3762 301 3802 ex
312 3741 438 3803 dirersis
454 3743 652 3825 scriptoribus
665 3761 829 3824 agnoscere
846 3755 905 3818 est,
924 3751 1033 3823 praeter
1044 3759 1150 3800 eorum

105 3835 299 3916 opinionem,
310 3837 365 3918 qui
379 3836 505 3920 plebeiae
521 3840 584 3919 ejus
597 3850 721 3898 tantum
733 3839 950 3898 meminerunt.
965 3837 1004 3897 At
1014 3836 1149 3918 patriciae

108 3931 232 4010 quidem
244 3933 305 3993 fuit
319 3933 413 3995 Poeta
427 3935 553 4010 Noster3
569 3949 599 3994 et
612 3933 676 4016 ejus
690 3934 837 3996 nobilitas
850 3935 899 3995 rel
913 3955 949 3995 cx
966 3932 1031 3993 solo
1047 3934 1151 3990 Pater·

105 4027 180 4089 culo
191 4029 281 4139 plana
299 4045 360 4110 est,
378 4033 431 4116 qui
446 4053 535 4109 eum,
549 4033 616 4094 loco
631 4035 725 4094 citato
733 4037 879 4115 ‚equitem
891 4031 1065 4092 militavisse
1079 4047 1151 4086 nar·

16 4115 18 4182 ἕ
107 4137 177 4184 rat·
170 4127 316 4212 ,insuper
329 4131 475 4192 accedant
486 4133 661 4192 testimonia
679 4133 803 4192 Horatii
813 4130 978 4214 ,quamvis
991 4127 1030 4187 ab
1052 4126 1151 4185 invito

17 4195 19 4274 i
107 4244 261 4305 expressa,
273 4241 303 4290 et
318 4232 350 4291 in
365 4232 474 4292 eodem
485 4251 595 4312 genere
610 4231 760 4292 scribendi
773 4230 900 4304 aemulo,
914 4227 979 4292 haec
993 4227 1031 4286 de
1042 4238 1153 4300 semet,
