3116 4934
381 499 454 566 618
834 497 982 562 INDEX

426 622 529 682 Editio
550 619 622 683 satis
639 620 739 683 obvia.
758 620 898 683 'situlum
909 621 1068 704 excipiunt
1085 621 1208 699 eadem,
1222 643 1295 703 quar
1315 623 1348 682 in
1369 623 1421 683 Ve-

388 735 457 783 neta
471 721 556 796 IIIII,
566 740 603 780 ex
615 721 780 801 quantiam
792 741 930 802 expressa
941 720 1072 796 videtur,
1082 719 1134 780 sed
1145 719 1351 783 emendatius.

430 816 516 900 1498.
530 817 547 850 *
560 819 675 878 Veneta
694 817 779 878 XVII
797 819 848 895 (η’
860 819 922 900 57).
942 817 1107 893 luvenalis,
1129 839 1193 879 cum
1213 831 1423 900 quutuoroom·

387 918 536 978 mutonis
560 922 630 976 Ant.
654 913 847 992 Muneiuelli,
870 919 956 977 Dom.
983 915 1133 977 Caiderini
1145 963 1153 994 ,
1182 914 1310 976 Meruioe
1328 929 1357 975 et
1379 917 1424 974 Ge.

388 1013 493 1078 Vatia.
504 1049 541 1058 -
552 1014 705 1088 Venetiis,
722 1015 927 1095 pertoannem
945 1013 980 1074 de
999 1016 1096 1076 Cereio
1115 1013 1189 1074 atus
1212 1015 1380 1074 Tueuiuum
1396 1011 1426 1071 de

391 1110 526 1183 I'ridino,
541 1109 643 1170 in-foI.
1146 1171 1150 1180 ,

429 1209 500 1268 Non
513 1227 596 1268 mera
610 1207 751 1289 repetitio
765 1209 888 1268 Venetas
900 1209 986 1283 XIII,
1001 1207 1050 1268 sed
1065 1228 1146 1268 nora
1161 1207 1313 1281 recensio,
1327 1207 1426 1287 inqua

389 1307 482 1368 etiem
490 1306 822 1366 tribuscommentariis
830 1303 963 1387 adjectus
972 1319 1017 1367 est
1026 1319 1155 1387 quartus
1163 1304 1302 1367 Meruloe.
1311 1306 1362 1366 Sic
1372 1325 1397 1363 r.
1404 1325 1426 1363 c.

391 1403 424 1462 in
441 1405 501 1464 Sat.
514 1403 571 1478 VI,
583 1423 686 1463 versus
699 1401 772 1478 233,
786 1404 840 1484 qui
854 1424 889 1462 ex
903 1401 955 1463 iIIa
970 1402 1138 1482 exciderat,
1151 1403 1184 1463 in
1202 1401 1262 1462 hac
1274 1405 1427 1462 restitutus

391 1514 449 1576 est,
461 1511 492 1559 et
501 1512 572 1580 post
581 1520 609 1558 v.
622 1495 696 1574 614,
711 1497 774 1558 duo
785 1499 883 1579 spurii
894 1515 965 1558 sunt
976 1499 1082 1558 inserti
1090 1501 1163 1582 ,ffqui
1173 1519 1238 1559 non
1254 1500 1290 1559 in
1301 1497 1363 1558 alin
1373 1497 1428 1557 edi·

390 1597 492 1673 tione,
509 1596 593 1679 quod
611 1597 720 1670 sciam,
742 1597 952 1678 reperiuntur,
967 1619 1061 1679 qnam
1079 1599 1112 1657 in
1132 1599 1248 1658 Veneto
1266 1597 1352 1656 VIII.
1369 1596 1427 1656 dIia

391 1717 488 1776 euque
499 1696 597 1756 multa
610 1698 770 1756 variarum
787 1691 954 1757 lectionum
971 1695 1108 1780 exempla
1120 1695 1388 1779 suppeditarimns
1399 1697 1428 1756 iu

393 1793 475 1853 notis
487 1795 608 1853 criticis.

436 1888 521 1970 1498.
538 1889 574 1922 *⁴*
590 1874 770 1951 Ascensiana
787 1892 800 1951 I
817 1897 866 1966 (n·
877 1889 940 1965 60).
957 1889 1108 1951 quenalis
1116 1889 1271 1974 familiare
1292 1911 1429 1952 commea·

393 2000 453 2046 tum
463 1987 504 2066 (h.
515 2009 542 2048 e.
556 1988 712 2047 Iuvenalis
726 2009 796 2048 cum
807 2008 921 2048 comm.
934 1986 1017 2047 Badii
1031 1989 1175 2066 Ascensii)
1185 2009 1250 2047 curn
1264 1988 1339 2048 Ant.
1351 1987 1429 2046 Meu·

392 2081 492 2142 emelii
504 2084 722 2163 explanatione,
739 2097 766 2144 et
784 2105 850 2144 cum
869 2105 970 2146 uocum
989 2105 1025 2144 uc
1042 2105 1136 2144 rerum
1150 2083 1252 2145 indice.
1266 2121 1304 2129 —
1317 2090 1430 2165 Impru-

393 2199 456 2237 sum
470 2191 511 2238 est
521 2181 575 2240 hoc
585 2201 655 2260 opus
664 2181 786 2262 pmfido
797 2194 823 2240 et
839 2181 911 2242 buno
927 2179 1082 2263 bibliopola
1096 2180 1244 2262 Stephano
1259 2178 1429 2260 Guryuurde

393 2282 472 2348 <non
488 2275 659 2357 Iiuyuurdo,
677 2292 711 2337 ut
722 2279 891 2354 Maittaire,
906 2276 953 2338 vel
969 2277 1164 2357 Guuyuardo,
1179 2291 1213 2337 ut
1227 2280 1305 2338 socii
1320 2278 1430 2358 Bipont.

394 2372 554 2453 scripsere)
572 2375 632 2432 cive
645 2373 847 2456 Luqdunensi,
863 2387 924 2434 arte
941 2385 969 2432 et
986 2372 1126 2432 industrio
1140 2371 1258 2433 Nicolcu'
1273 2369 1429 2456 WoIsAie

395 2473 498 2530 numiui
510 2473 570 2552 ipso
582 2472 719 2532 Ascensio
732 2474 864 2532 uitiorum
876 2482 1059 2554 expunctore,
1077 2471 1235 2552 Lugduni,
1249 2471 1349 2548 in·d⁰.

436 2569 507 2628 IIaec
518 2567 629 2642 editio,
639 2569 778 2630 collatae
791 2571 947 2629 Maittsrio
959 2570 991 2628 in
1002 2569 1049 2629 ed.
1060 2569 1160 2628 Lond.
1175 2570 1266 2651 1716,
1282 2583 1329 2630 est
1341 2570 1430 2650 prima

395 2686 467 2725 cum
479 2687 597 2728 nomm.
609 2669 739 2728 ascensii
749 2715 757 2742 ,
768 2681 798 2728 et
807 2667 989 2749 plerumque
1000 2669 1134 2727 conciuit
1146 2687 1215 2728 cum
1226 2668 1348 2727 Veneta
1363 2663 1430 2724 xnl.

395 2763 527 2824 Iodocus
538 2765 651 2825 Badius
666 2779 755 2826 natus
768 2787 841 2826 ann.
862 2763 935 2839 1462
946 2767 978 2825 in
989 2765 1071 2836 vicu,
1084 2785 1181 2847 prope
1192 2764 1357 2825 Bruxellas
1371 2763 1430 2834 sio,

396 2860 449 2938 qni
471 2880 557 2920 nune
575 2865 662 2920 Assen
681 2874 815 2936 vocatur,
837 2863 921 2922 unde
935 2863 997 2945 ipse
1011 2863 1140 2922 Ascemir'
1159 2883 1272 2923 nomen
1297 2863 1431 2934 adscivit,

396 2969 538 3016 mortuus
554 2979 627 3018 ann.
646 2958 738 3035 1535,
756 2958 911 3020 Professor
926 2963 1062 3042 primurn
1083 2959 1315 3042 Lugdunensis,
1331 2958 1432 3022 deinde

397 3073 468 3112 vero
491 3053 706 3114 celeberrImus
732 3055 944 3138 typographus
971 3057 1141 3116 Parisiacus
1173 3077 1324 3140 socerque
1348 3057 1431 3116 trium

397 3151 502 3229 magni
519 3153 655 3212 nominis
669 3153 953 3236 typographorum,
965 3153 1074 3214 Misch.
1087 3155 1269 3230 VascosanI,
1286 3154 1366 3216 Rob.
1378 3153 1431 3213 Ste-

397 3243 496 3325 phani
517 3261 546 3308 et
562 3250 609 3309 Jo.
631 3249 669 3309 de
688 3251 837 3333 Revigny,
857 3251 970 3312 multos
992 3265 1131 3311 auctores
1145 3251 1286 3311 classicos
1306 3264 1338 3312 et
1356 3249 1432 3332 preIo

398 3343 531 3418 excudit,
546 3357 576 3403 et
585 3348 830 3424 commentariis,
842 3347 891 3408 scd
903 3347 1021 3407 Ievibus
1031 3345 1178 3427 etjejunis
1187 3345 1381 3431 (familiarem
1389 3365 1431 3405 er·

397 3438 596 3519 piurtutionem
610 3459 715 3520 vocat,
728 3465 780 3505 seu
788 3444 941 3530 familiare
952 3447 1178 3524 commentum),
1191 3445 1348 3505 instruxit.
1361 3446 1432 3504 Heu·

398 3539 503 3598 ninius
517 3541 604 3618 dicit,
618 3565 689 3604 eum
703 3546 735 3604 in
749 3544 987 3604 Commentariis
1000 3545 1062 3603 suis
1074 3541 1220 3604 infimum
1236 3544 1321 3603 trivii
1336 3543 1432 3626 pulve·

398 3655 463 3696 rem
485 3653 515 3698 et
534 3643 737 3722 exspirantem
761 3643 934 3702 barbariem
954 3641 1054 3716 olere,
1078 3661 1186 3701 verum
1211 3643 1284 3722 quia
1311 3636 1432 3701 subinde

399 3732 537 3798 Iectionis
545 3740 723 3800 varietatem
739 3753 781 3814 et,
793 3739 936 3819 quamvis
949 3739 1118 3814 rarissime,
1129 3737 1209 3798 forte
1218 3737 1347 3798 fortuna
1359 3755 1433 3796 men·

399 3843 461 3890 tem
473 3833 632 3895 Iuvenalis
644 3833 831 3918 quaudoque
848 3833 1100 3918 deprehenderit,
1115 3835 1296 3917 excerpendi
1315 3833 1430 3896 taedium

400 3947 457 3988 ase
467 3929 650 3992 devoratum
660 3954 730 3993 esse.
739 3935 934 4005 -Coeterurn
946 3953 1037 3992 meras
1046 3951 1133 4013 paene
1142 3933 1340 4014 repetitiones
1350 3926 1431 4011 hujus

400 4025 472 4085 edit.
483 4041 556 4086 sunt
566 4031 748 4110 posteriores
755 4031 945 4091 Ascensianae
953 4029 1051 4110 Ludg.
1064 4029 1148 4105 1501,
1161 4031 1246 4112 1507,
1260 4028 1443 4104 1511,1512,‘

406 4121 490 4200 1515,
503 4126 597 4188 Paris.
622 4129 711 4204 1505,
732 4131 806 4189 1512
821 4141 851 4189 et
871 4127 954 4208 ¹5¹9·
977 4128 1175 4188 decensiafias
1193 4143 1297 4189 autem
1314 4147 1376 4187 non
1388 4141 1432 4184 ess
