3116 4934
574 522 854 589 JUVENALIS.
1051 583 1056 590 .
1163 525 1232 592 603

188 648 265 708 tario
276 666 343 706 non
355 645 472 730 integro
482 647 631 728 (quinque
641 657 762 706 tantum
772 646 884 726 priores
895 647 1004 709 Satires
1012 647 1235 732 complectitur)

188 765 321 827 cumque
332 741 454 804 scholiis
468 744 507 804 ad
519 744 688 826 marginem
701 756 731 804 et
742 744 821 805 inter
836 742 932 805 lineas
942 746 1073 828 scriptis3
1090 757 1234 829 praeterea

189 842 281 901 Persii
298 841 405 901 Satiras
419 840 475 917 vl,
488 839 536 900 sed
550 841 578 900 X
591 860 658 900 saec.
671 853 813 900 exaratas.
829 841 923 902 Hunc
937 840 1071 904 codicem
1090 862 1169 925 saepe
1183 862 1235 903 sas·

188 941 256 1024 pius
276 940 445 1016 volvimus,
465 939 559 1000 veluti
580 940 741 1003 doctorum
757 942 923 1003 attentione
943 940 1166 1024 dignissimum.
1187 945 1233 1004 lta

187 1037 362 1100 inscribitur
375 1060 382 1096 ι
399 1035 514 1098 Claudii
524 1036 676 1098 Funcbetir'
694 1040 766 1121 regii
776 1035 939 1101 consiliarii
950 1042 1039 1100 cunm
1051 1051 1233 1100 monetarum

186 1133 324 1216 prmsidis.

266 1314 296 1375 6.
318 1313 414 1375 Codex
426 1312 531 1376 Pithoei
546 1315 598 1395 (n'
612 1317 715 1398 8072).

186 1454 436 1516 Membranaceus
457 1454 557 1516 insol.
576 1457 618 1518 xl
635 1476 702 1517 saec.
722 1472 881 1532 exaratus,
898 1471 1040 1518 constans
1062 1455 1235 1533 notoriis,

186 1551 282 1613 nitide
297 1565 327 1613 et
344 1566 483 1613 accurate
498 1553 625 1637 scriptus
645 1567 738 1636 atque
754 1567 876 1638 propter
894 1553 1141 1615 emendationem
1156 1555 1236 1614 iuter

185 1649 319 1730 optimos
340 1648 557 1723 recensendus3
574 1669 666 1730 quem
684 1669 749 1709 non
764 1661 879 1709 attente
897 1649 1001 1709 minus
1016 1670 1111 1730 quam
1125 1670 1236 1732 prace-

185 1745 308 1806 dentem
323 1745 500 1829 perscrutati
517 1767 631 1807 sumus.
644 1747 682 1806 ln
700 1767 734 1806 eo
751 1746 944 1827 reperiuntur
961 1747 1033 1806 Xlll
1049 1747 1163 1830 priores
1182 1748 1235 1808 Sa·

185 1844 250 1903 tirae
268 1843 424 1904 iuvenalis
444 1844 558 1926 absque
573 1842 712 1921 scholiis,
733 1845 853 1905 Horatii
878 1845 1061 1928 Lyricorum
1081 1845 1152 1906 libri
1175 1859 1234 1905 tres

185 1942 280 2002 Persii
291 1943 392 2002 Satirae
409 1962 475 2018 sex,
489 1944 521 2001 in
537 1963 629 2026 parvo
643 1941 745 2002 codice
760 1954 898 2025 separato
917 1963 951 2002 12
967 1940 1047 2003 foliis
1058 1955 1217 2005 constante
1225 1965 1234 2018 3

185 2038 318 2118 denique
333 2036 469 2119 ejusdem
483 2039 640 2098 Juvenalis
652 2039 755 2098 Satirae
770 2039 798 2114 l,
818 2039 864 2114 ll,
878 2039 940 2116 111,
956 2040 998 2115 V,
1016 2040 1076 2116 vl,
1093 2051 1235 2124 repetun-

185 2151 235 2198 tur
245 2157 316 2196 cum
326 2133 506 2216 fragmentis
518 2136 650 2196 aliorum
662 2137 822 2196 recentiori
833 2158 928 2197 mauu
940 2137 1057 2221 scriptae
1069 2159 1103 2198 ac
1115 2137 1235 2198 mendis

186 2233 310 2294 refertae.
336 2234 438 2293 Primo
457 2244 561 2293 autem
580 2232 655 2294 folio
673 2231 784 2314 legitur
803 2230 860 2292 hoc
875 2254 1009 2310 nomeu,
1031 2237 1068 2296 P.
1087 2232 1233 2308 Pithone,

186 2353 280 2392 manu
296 2333 390 2414 ipsius
409 2331 584 2412 possessoris
600 2331 759 2413 scriptum.
777 2329 862 2389 ldem
878 2330 971 2391 codex
989 2329 1098 2391 exinde
1114 2330 1233 2391 transiit

186 2431 218 2489 in
240 2427 455 2489 bibliothecam
468 2429 532 2489 lac.
556 2430 632 2509 Aug.
653 2426 789 2502 thuani,
811 2440 913 2509 postea
932 2428 1085 2504 Colberti‚
1105 2427 1233 2489 demum

185 2543 254 2611 post
268 2541 398 2590 mortem
411 2526 502 2610 hujus
521 2528 600 2587 inter
613 2527 720 2607 Regios
736 2526 796 2586 fuit
814 2525 937 2587 relatus.

267 2725 295 2786 7.
320 2701 500 2765 Colbertinus
513 2703 544 2764 ll
557 2705 606 2783 (n’
617 2702 720 2778 8285).

187 2847 259 2910 Cod.
275 2848 445 2908 membran.
460 2844 539 2921 ἰιι-[ιθ
554 2845 631 2906 min.
643 2857 787 2906 constans
799 2846 839 2906 60
854 2843 952 2920 foliis,-
969 2843 1027 2905 ΧΗ
1043 2865 1111 2906 suc.
1126 2865 1231 2905 exara-

186 2960 234 3006 tus
252 2945 423 3006 charactere
439 2944 590 3019 Gothico,
607 2965 708 3026 neque
727 2943 876 3024 eleganti,
895 2963 997 3025 neque
1014 2942 1131 3019 nitido,
1155 2943 1232 3024 quin

183 3045 278 3102 etiam
289 3043 331 3101 ita
343 3041 475 3124 pallido,
488 3054 522 3102 ut
534 3042 584 3101 vir
601 3039 661 3122 legi
672 3052 781 3121 queat:
797 3052 934 3100 attamen
945 3060 1012 3100 non
1020 3037 1137 3104 infimae
1150 3053 1235 3102 notae

186 3138 306 3200 videtur
320 3139 371 3200 ille
384 3139 493 3215 codex,
507 3138 558 3200 sed
571 3159 588 3198 e
599 3139 683 3198 bono
694 3137 804 3199 ductus
815 3137 963 3221 exemplo.

268 3305 297 3364 8.
320 3304 417 3366 Codex
430 3308 566 3366 Memmii
580 3307 630 3384 (n⁰
648 3307 751 3388 8287).

186 3449 358 3510 Membran.
369 3449 456 3526 ind',
467 3461 608 3512 constans
617 3446 656 3525 48
666 3449 762 3527 foliis,
772 3449 845 3510 Xlll
856 3469 922 3510 saec.
934 3461 1089 3528 exaratus,
1101 3449 1233 3510 mendo-

187 3568 236 3607 sus
251 3567 336 3629 aeque
349 3566 383 3606 ac
394 3545 579 3630 ineleganter
591 3547 737 3630 scriptus,
749 3567 820 3608 cum
832 3545 958 3608 scholiis
969 3545 1008 3607 ad
1020 3547 1191 3628 marginem
1204 3559 1235 3609 et·

187 3647 266 3707 inter
279 3645 375 3706 lineas
386 3645 512 3728 scriptis.

266 3841 296 3901 9.
318 3819 414 3883 Codex
427 3818 556 3883 Silvestri
569 3819 604 3880 de
616 3817 766 3882 Florentia
778 3822 829 3900 (η’)
843 3821 946 3902 8292).

188 3963 357 4024 Membran.
376 3959 463 4038 ind',
475 3975 617 4024 constans
632 3960 860 4044 74f01iis,xt11
877 3974 1003 4024 exeunte
1017 3981 1083 4021 saec.
1097 3958 1147 4020 vel
1162 3960 1233 4020 xlv

189 4061 314 4121 ineunte
328 4075 484 4138 exaratus,
503 4060 658 4142 eleganter
671 4060 812 4140 quidem,
834 4059 884 4121 sed
901 4079 964 4120 non
982 4058 1059 4118 adeo
1072 4056 1240 4139 diligenter

189 4178 244 4218 nec
260 4171 417 4220 accurate:
433 4155 648 4219 memorabiles
663 4169 768 4218 tamen
783 4163 977 4241 reperiuntur
987 4153 1149 4231 lectiones,
1164 4155 1235 4237 quis
