2986 4924
356 399 422 466 206
528 395 681 498 PARIAE
706 392 978 458 LEC'PIONES
1002 393 1063 456 ET
1088 393 1226 494 NOTAE

353 527 410 577 risse
421 521 509 574 oculor
521 521 636 592 impune.
648 546 681 559 -
694 518 825 570 Candidus
838 518 915 570 umbo
923 537 933 578 ,·
948 519 984 570 tic
1000 516 1116 588 appellat
1128 530 1218 588 togam
1229 519 1331 572 virilem
1346 538 1400 590 que

353 597 403 656 luit
417 602 489 669 alba,
507 615 532 653 et
549 605 624 670 cujus
640 599 665 649 in
681 597 820 650 humerum
833 596 949 650 reductae
967 597 1040 669 plictc
1052 599 1079 649 in
1093 611 1204 669 pectore
1217 602 1331 651 cintrum
1346 599 1400 651 effi·
1488 599 1489 604 ’

354 682 472 746 ciebant,
485 677 558 752 quod
568 675 699 729 vocabant
708 676 853 728 umbonem.
861 677 901 728 lta
910 675 1035 728 candidate
1043 677 1120 730 umbo
1130 680 1278 749 opponitur
1282 696 1400 750 purpuria

355 782 411 835 quae
432 761 511 814 cessit.
534 761 577 812 Sic
595 757 667 809 huno
687 754 885 827 explicaverunt
903 754 991 808 locum
1011 757 1135 824 feliciter,
1154 771 1184 810 ut
1203 757 1269 810 mihi
1286 757 1400 824 videtur,

353 845 420 894 Just.
433 843 504 912 Lips.
517 837 631 891 Elector.
644 834 689 888 lib.
704 839 732 903 l,
747 854 771 886 c.
789 835 836 902 13,
849 849 874 889 et
886 835 1072 902 casaubonus,
1081 839 1108 888 in
1118 837 1164 889 lib.
1177 841 1217 891 De
1232 858 1261 889 re
1274 839 1399 890 vestiaria
1487 875 1491 885 .

354 924 472 974 Pratoeue
487 915 609 987 intelligit
623 915 759 968 umbonem
774 913 807 966 tle
822 913 931 987 clypeo,
951 934 1037 986 puro,
1052 925 1154 981 vacuo,
1169 919 1226 970 sine
1240 915 1401 988 insignibus,
1490 915 1491 965 i

354 1021 434 1073 quem
445 997 500 1052 vult
510 999 591 1050 fuiaae
601 996 694 1049 datum
706 993 842 1067 tyronibua
855 994 945 1066 aliquo
956 993 1040 1046 nobili
1052 995 1125 1048 iacto
1137 994 1314 1068 signandum
1324 1014 1400 1068 aeque

273 1129 275 1134 .
353 1091 455 1132 tutatur
466 1077 517 1130 laon
531 1073 621 1146 virgil.
633 1073 711 1138 loco,
723 1071 825 1126 AEneid.
838 1073 889 1139 tx,
900 1071 967 1140 548:

556 1217 611 1262 linae
620 1215 672 1261 letis
682 1217 742 1260 nudo
751 1231 871 1274 parmaque
880 1212 985 1274 ingloriua
994 1215 1050 1262 elba.

353 1351 465 1422 -jam3
480 1345 556 1420 quod
569 1365 622 1398 non
638 1345 718 1396 fiebat
730 1359 816 1397 autea.
826 1347 976 1399 —Terent.
991 1346 1060 1399 And.
1074 1353 1125 1400 act.
1139 1349 1166 1412 l,
1179 1365 1252 1399 scen.
1269 1362 1299 1412 t,
1313 1345 1360 1410 141

556 1490 613 1532 itam
624 1489 766 1544 iapaatquam
777 1489 901 1532 1111111111
911 1489 1017 1545 ephebia.
1024 1516 1039 1533 ..

554 1555 652 1600 biberint
662 1555 747 1598 riveudi
758 1555 800 1598 luit
810 1565 911 1612 poteataa.
920 1557 977 1600 um
986 1564 1051 1600 antea

556 1625 598 1680 Qui
608 1623 662 1667 acire
672 1635 756 1679 ponet,
765 1632 805 1668 aaa
814 1624 927 1680 ingenium
937 1637 1037 1678 macere,

555 1691 613 1733 Dum
622 1698 684 1741 attat,
696 1701 778 1744 merua,
789 1691 891 1748 magister
900 1690 1063 1748 prohibebam
1071 1721 1090 1733 ..
1100 1721 1120 1733 ..

352 1822 520 1896 Propertius,
533 1818 578 1871 lib.
591 1819 642 1883 Ill,
655 1815 727 1888 Eleg.
744 1819 821 1881 15,2
836 1835 895 1890 sqq.

554 1961 582 2006 ut
591 1955 648 2002 ntat
657 1966 766 2015 pruteat·
774 1957 846 2015 pudor
854 1957 963 2002 exrelatu·
972 1958 1069 2013 amictu,

584 2025 611 2070 Ea
618 2027 671 2070 data
679 2025 767 2070 bum
775 2039 865 2070 uacare
874 2026 956 2070 amorio
965 2027 1012 2070 iter.

351 2154 430 2212 Cani.
443 2153 562 2210 Juvenal.
581 2151 632 2218 lll,
647 2151 679 2216 ὅς
693 2151 806 2205 Martial.
819 2153 871 2219 v1,
885 2151 936 2220 66,
952 2170 962 2204 1
978 2171 1036 2225 sqq.
1054 2151 1132 2206 Ovid.
1146 2155 1216 2207 fast.
1232 2155 1282 2222 111,
1297 2167 1349 2228 777
1365 2175 1402 2228 aq.

351 2241 477 2296 Burman.
489 2239 518 2291 in
528 2233 636 2290 Anthol.
649 2234 734 2286 Latin.
748 2248 811 2286 torn.
826 2233 862 2302 11,
874 2233 923 2306 Ep.
938 2233 972 2302 4,
984 2251 1046 2308 pag.
1063 2230 1123 2302 514.

385 2388 454 2445 Nor.
467 2387 519 2457 34,
536 2385 579 2441 35.
598 2362 739 2460 Quumque
752 2387 802 2437 iter
813 2385 966 2458 ambiguum
979 2397 1015 2438 est
1023 2423 1032 2450 ,
1049 2395 1075 2438 et
1087 2387 1145 2438 vitae
1158 2388 1256 2440 nescius
1270 2405 1344 2440 error
1357 2387 1402 2440 Dl-

350 2471 422 2526 &tcit
439 2469 553 2544 trepidat
570 2485 671 2522 ramosa
684 2466 711 2518 itt
726 2466 841 2541 compita
859 2478 964 2519 menter.
979 2497 1016 2505 —
1033 2467 1171 2541 Quumque
1184 2469 1236 2521 iter
1249 2471 1401 2542 ambiguum

350 2563 403 2614 eat,·
417 2547 523 2624 quando
537 2559 612 2600 metra
631 2545 806 2598 adolescentia
823 2545 903 2598 haeret
917 2549 1016 2598 incerta
1029 2549 1119 2598 vitium
1134 2549 1203 2598 inter
1214 2565 1245 2599 ac
1262 2544 1402 2612 virtutem,

350 2631 442 2685 similia
452 2645 491 2684 eat
502 2630 596 2682 viatori
609 2629 634 2678 in
645 2622 745 2678 bivium
757 2626 899 2690 incidenti,
913 2628 957 2700 qui
971 2627 1082 2702 ambipit
1093 2641 1177 2679 utram
1188 2631 1214 2680 in
1225 2631 1295 2679 viam
1305 2629 1401 2685 flectat,

349 2711 405 2766 Cic.
420 2713 497 2766 otte.
510 2712 537 2776 1,
556 2725 603 2780 ¹¹7
619 2722 644 2760 et
659 2707 824 2762 rib-Vitae
834 2706 931 2761 nescius
944 2725 1027 2771 error,·
1039 2707 1138 2761 locutio
1147 2711 1269 2762 Persiana
1282 2711 1403 2762 brevitet

350 2793 495 2866 elegantior
502 2811 566 2864 pro:
578 2792 710 2862 ignoratio
717 2791 788 2854 vire,
798 2787 963 2841 imbecillitas
974 2789 1084 2854 consilii,
1095 2809 1153 2862 quae
1168 2791 1247 2858 facit,
1259 2800 1289 2842 ut
1300 2793 1402 2844 nescia-

350 2895 408 2929 mus
422 2875 489 2927 bene
502 2891 532 2923 ac
546 2871 623 2922 beate
633 2872 734 2933 vivere,
749 2867 821 2941 quod
834 2884 922 2922 monet
935 2869 1121 2942 philosophia,
1133 2871 1174 2923 vel
1190 2873 1403 2944 experientia.-

350 2954 477 3025 Trepidas
488 2961 602 3010 mentes,·
617 2950 744 3021 ancipites
758 2967 788 2999 ac
801 2947 926 3001 sollicitas
938 2947 971 3001 de
984 2952 1075 3004 itinere
1088 2951 1314 3022 ingrediendo.-
1324 2953 1403 3006 Didu-

349 3035 386 3087 cit
397 3053 497 3088 ramoso
511 3032 538 3081 in
549 3030 663 3101 compito
672 3052 681 3090 ,·
698 3047 786 3080 rursus
803 3027 895 3082 alludit
915 3031 1017 3083 Persius
1035 3031 1068 3082 ad
1086 3030 1196 3084 litteram
1211 3031 1401 3105 Pythagoream

349 3112 393 3186 (Y)
405 3113 438 3166 de
450 3131 501 3184 qua
513 3112 568 3182 jam
581 3111 703 3181 superius
713 3109 765 3160 Sat.
780 3110 830 3176 lll,
843 3106 894 3161 562

551 3267 578 3310 lit
588 3267 626 3311 tibi
636 3281 684 3323 quae
693 3267 778 3310 Samiot
788 3233 877 3311 diduxit
886 3269 956 3312 littera
966 3283 1039 3313 ramoa

548 3333 678 3390 Surgentem
689 3333 764 3377 dextro
775 3335 904 3378 monstravit
915 3335 984 3379 limite
993 3336 1077 3379 callem.

380 3475 442 3520 van.
454 3473 491 3523 36.
505 3471 545 3520 Me
554 3473 594 3521 ott
602 3475 719 3537 repperiti.
729 3476 834 3536 -hegit
843 3476 961 3539 bongarth
970 3487 1036 3522 verua
1042 3475 1118 3524 attia.
1130 3481 1229 3541 aepmttt',
1241 3481 1281 3526 eoi
1292 3486 1396 3545 apposita

349 3555 383 3590 eat
391 3545 564 3607 interpretatio:
576 3544 605 3590 ad
615 3557 637 3590 te
647 3547 774 3607 regregari.

385 3677 452 3730 Nor.
467 3676 512 3730 36.
523 3678 569 3730 Me
581 3676 627 3728 tibi
637 3677 759 3747 supposui
765 3695 775 3737 ,·
793 3689 891 3730 teneros
904 3688 932 3730 tu
947 3677 1049 3748 sumitis
1062 3695 1152 3734 aanor.
1165 3706 1203 3720 -·
1214 3683 1261 3734 Me
1276 3684 1324 3737 tibi
1335 3704 1395 3757 aup-

347 3755 439 3828 potui5
454 3757 586 3821 summisi,
600 3753 698 3807 tradidi
712 3755 891 3808 educandum.
904 3757 966 3810 Vult
978 3759 1073 3828 Koenig
1084 3759 1267 3830 metaphoram
1284 3766 1353 3816 sumi
1363 3763 1395 3814 de

349 3835 437 3888 rttuttr
450 3834 618 3899 lactentibus,
630 3839 675 3910 qui
688 3837 794 3908 proprie
805 3838 934 3890 summitti
944 3837 1076 3890 dicuntur.
1087 3841 1171 3892 Varro
1185 3842 1216 3894 tt.
1231 3844 1263 3894 R.
1273 3847 1311 3911 V,
1324 3865 1355 3915 a,
1366 3849 1394 3918 5,

353 3931 393 3985 17.
411 3913 586 3968 Casaubonua
605 3913 713 3968 deducit
728 3935 744 3967 1
758 3933 842 3985 groco
857 3915 1009 3980 1111111111,
1026 3917 1180 3986 teitaun„
1196 3922 1271 3992 quod
1282 3943 1394 3999 usurpa·

349 4007 393 4046 tur
406 3991 546 4046 Plutarcho
561 3996 587 4046 in
600 3993 673 4048 laune
688 3997 794 4048 aerisona
809 4016 815 4045 :
835 3994 937 4050 traduc
956 4015 983 4052 te
996 3999 1023 4050 in
1040 3991 1214 4070 disciplinam.
1230 4029 1268 4042 -
1286 4003 1395 4062 Tenem

350 4073 489 4146 tuatacipis
499 4093 599 4136 1111111111
611 4072 638 4125 b.
657 4092 680 4126 e.
694 4087 811 4126 teneram
829 4085 858 4128 111
874 4077 981 4148 suscipit
989 4079 1163 4149 juventutem.
1180 4079 1314 4154 Suscipere
1326 4103 1392 4156 pne-
