3116 4934
416 477 641 542 1M1Tt'r10
666 477 878 544 HORATll.
1106 479 1171 545 585

166 601 231 660 130.
246 598 304 682 Qui
315 611 347 659 tu
362 600 532 681 impunitior
541 600 673 660 1πίεὲ-
683 600 820 678 lbidem,
834 621 878 662 vs.
895 603 949 665 105
964 625 970 658 :

307 772 383 833 'l'erpo
391 768 480 834 plector
490 771 552 816 enim
563 788 570 826 ς
584 771 625 835 qui
635 783 660 817 tu
669 774 823 834 impunitior?

165 925 230 986 135.
251 922 377 984 Lubrica
392 924 460 984 Coc.
479 957 517 968 —-
534 924 741 1006 Exposuimus
753 921 860 984 mollia
873 937 903 984 et
920 929 1084 1001 ituroruit,
1103 947 1172 1009 quae

121 1023 268 1085 attributa
282 1024 394 1082 scimus
408 1019 468 1102 legi
485 1041 564 1103 saepe
581 1021 664 1103 apud
678 1022 812 1082 medicos
825 1022 864 1082 de
878 1022 1064 1104 quibusdam
1077 1023 1171 1099 vinis,
1228 1075 1231 1082 .

120 1121 249 1182 fortasse
261 1135 364 1180 tamen
378 1140 441 1178 non
458 1119 539 1178 male
550 1117 662 1179 referas
675 1119 712 1178 ad
726 1140 798 1179 vasa
812 1122 875 1202 ipsa
892 1119 1005 1202 quibus
1021 1121 1086 1180 Coa
1102 1121 1174 1180 vina

120 1223 361 1282 continerentur.
384 1219 544 1279 Fictilibus
564 1220 646 1279 enim
670 1221 748 1278 vasis
771 1219 972 1294 vinaGraeca
996 1222 1030 1280 in
1050 1221 1172 1280 ltaliam

121 1320 338 1380 deferebantur
353 1331 453 1378 :testae
464 1316 578 1375 Graecoe
594 1316 723 1375 vinariae
737 1316 880 1377 meminit
894 1319 1040 1377 Horatius
1057 1317 1118 1376 oda
1133 1337 1172 1377 20

120 1415 192 1475 libri
210 1417 321 1498 primi,
337 1436 373 1474 eo
386 1427 491 1474 autem
504 1413 649 1474 libentius
664 1415 707 1472 ita
722 1434 831 1473 vocem
847 1411 959 1474 lubrica
976 1416 1173 1496 interpreter,

121 1518 194 1597 quia
218 1517 362 1576 Horatius
377 1512 566 1596 conjunctim
582 1514 645 1573 vini
668 1513 721 1572 Coi
742 1526 772 1571 ct
789 1513 981 1572 lubricorum
996 1511 1174 1595 conchylio·

120 1635 190 1673 rum
208 1614 365 1688 meminit,
382 1614 479 1672 Satira
494 1625 619 1693 quarta,
640 1611 712 1671 libri
727 1611 774 1684 ll,
797 1632 860 1669 non
877 1632 940 1691 quo
963 1611 1052 1670 illum
1066 1612 1172 1671 locum

122 1714 258 1771 imitatus
273 1712 312 1771 sit
323 1712 459 1786 Persius3
473 1710 523 1770 sed
537 1713 591 1792 qui
611 1710 733 1769 videtur
745 1730 779 1769 ex
792 1699 913 1769 assidua
929 1711 1031 1770 Flacci
1046 1709 1174 1770 lectione

120 1814 178 1872 Coi
188 1813 251 1872 vini
266 1812 357 1872 simul
370 1827 401 1872 et
415 1810 539 1894 epitheti
556 1811 638 1870 illius
654 1812 687 1870 in
706 1813 887 1870 memoriam
904 1811 961 1892 ipsi
975 1811 1101 1880 venisse.

164 1907 227 1968 136.
245 1902 324 1967 Tolle
340 1927 436 1967 recens
444 1909 558 1987 primus
571 1908 662 1988 piper.
673 1905 839 1966 —Eadem
851 1905 1000 1966 sententia
1014 1903 1113 1967 illius:

307 2107 391 2127 .....
401 2077 462 2122 Cave
471 2092 501 2122 ue
510 2087 592 2138 portus
601 2089 699 2139 occupet
707 2075 773 2123 alter.

120 2216 258 2298 Epistola
272 2231 353 2276 sexta
369 2218 480 2299 primi,
493 2239 535 2276 vs.
548 2217 596 2277 32.

164 2315 230 2390 140.
246 2319 313 2377 Jam
321 2318 417 2398 pueris
425 2315 529 2397 pellem
542 2317 704 2375 succinctus
717 2327 744 2374 et
756 2313 943 2396 oertopborum
959 2325 1050 2395 optus.
1072 2349 1111 2360 -
1120 2315 1172 2374 Sa·

33 2466 35 2473 ,
121 2415 178 2474 tira
190 2417 321 2496 septima
335 2414 406 2473 libri
422 2415 535 2496 primi:

307 2608 404 2623 ......
416 2576 526 2636 Quinque
535 2585 667 2635 sequuntur

306 2648 339 2692 Te
349 2648 416 2706 pueri
425 2645 530 2691 lasanum
541 2657 658 2707 portantes
668 2642 876 2707 oenopborumque.

164 2784 226 2861 145.
243 2788 339 2868 Quam
351 2807 411 2846 non
422 2789 576 2846 extinxerit
590 2807 666 2845 urna
677 2787 800 2847 cicutce?
809 2821 847 2832 -
857 2787 893 2846 ln
907 2785 1033 2870 epistola
1047 2785 1085 2845 ad
1098 2784 1171 2846 Flo·

120 2905 205 2958 rum,
217 2883 297 2943 libro
313 2883 467 2960 secundo,
482 2907 526 2943 vs.
543 2885 599 2944 53:

305 3046 362 3105 Qun
374 3057 486 3108 poterunt
497 3063 599 3111 unquam
610 3050 665 3094 ratis
675 3062 802 3111 expurgare
813 3046 910 3093 cicutae?

163 3183 228 3263 149.
249 3188 388 3261 Nummi,
408 3208 479 3266 quos
500 3187 547 3246 bic
567 3191 729 3267 quincunce
751 3187 876 3246 modesto
893 3189 1051 3247 Nutriems.
1074 3221 1112 3231 —-
1134 3187 1169 3245 lu

120 3281 256 3365 Epistola
274 3285 324 3357 18,
338 3281 376 3341 ad
391 3282 547 3358 Lollium,
562 3283 640 3343 libro
654 3284 773 3365 primo,
787 3305 827 3342 vs.
845 3283 900 3344 53:

309 3477 407 3490 ......
417 3445 530 3489 Nummos
539 3442 628 3490 alienos
637 3457 725 3506 pascet.

165 3594 229 3656 152.
250 3595 346 3670 Ciuis,
368 3606 396 3654 et
414 3617 529 3672 manes,
549 3593 697 3680 etfabula
709 3595 776 3677 fies.
799 3631 836 3639 --
856 3595 924 3655 Oda
944 3593 963 3670 l}
984 3595 1056 3655 libri
1078 3597 1169 3678 primi

122 3690 322 3766 Carminum,
339 3711 380 3751 vs.
401 3694 453 3752 16:

305 3843 358 3888 Jaru
367 3854 391 3888 ta
399 3856 490 3905 premet
499 3859 543 3890 nor
552 3841 685 3912 fabulaque
697 3858 785 3890 manes.

166 3985 228 4044 153.
250 3987 280 4049 V
279 3989 321 4046 ive
341 4007 452 4046 memor
469 3985 524 4047 leti.
541 4021 578 4031 —-
594 3987 692 4046 Satira
710 4000 793 4047 sexta
808 3986 878 4046 libri
893 3985 1037 4060 secundi,
1056 4005 1097 4044 vs.
1113 4005 1169 4065 97:

301 4147 363 4206 ,Vive
375 4162 464 4194 memor
473 4161 544 4210 quarn
553 4148 584 4194 sis
594 4148 635 4193 ceri
644 4145 726 4193 brevis.
