3148 4950
378 577 444 658 470
576 569 690 634 AllLl
718 566 870 632 PERSll
897 565 1065 632 FLACCl
1090 566 1212 630 VlTA.

706 727 737 776 Δ.
750 725 782 776 U.
795 723 826 776 C.
838 723 906 794 793,
921 711 1078 788 christiin,

834 813 915 866 Persii
926 811 952 864 6.

413 961 529 1022 Persius
553 960 695 1020 Flaccum
719 973 836 1042 patrem
861 960 983 1019 amittit.
1007 959 1110 1041 Usque
1133 957 1172 1018 ad
1194 957 1419 1018 duodecimum

373 1061 469 1122 relatis
483 1080 602 1118 annum
616 1061 647 1120 V
644 1051 773 1120 oialerris
787 1071 894 1118 manet.

701 1215 731 1262 Α.
745 1215 777 1265 U.
792 1213 821 1265 C.
837 1212 904 1283 795,
919 1211 1016 1265 Christi
1030 1213 1080 1280 da,

836 1303 914 1354 Persii
928 1303 953 1356 8.

412 1441 551 1501 Nascitur
562 1442 730 1516 Corduba,
744 1444 777 1502 in
789 1443 955 1526 Hispania,
968 1445 1109 1505 Lucanus
1121 1456 1229 1526 pocta;
1243 1444 1417 1524 praecipuus

338 1589 341 1598 .
374 1553 471 1623 poetae
495 1543 590 1601 nostri
618 1540 798 1602 admirator.
824 1544 977 1614 Moritur,
1004 1543 1111 1602 eodem
1140 1563 1224 1602 anno
1250 1541 1418 1601 fortissime

376 1639 478 1710 Arria,
497 1638 574 1697 Poeti
596 1658 682 1704 uxor.
698 1636 783 1718 cujus
801 1637 921 1699 virilem
942 1640 1081 1699 animum
1101 1660 1193 1700 nemo
1213 1641 1316 1700 nescit.
1338 1637 1418 1697 Vide

372 1733 467 1793 infra.
1295 1711 1305 1730 .

709 1841 737 1922 d.
755 1873 785 1923 U.
799 1872 830 1923 C.
846 1889 913 1941 799,
925 1869 1020 1924 Cluisti
1032 1873 1084 1939 46,

825 1962 906 2014 Persii
924 1976 962 2012 ta.

414 2104 542 2162 llomam
556 2103 692 2164 defertur
702 2105 821 2162 Persius
832 2103 869 2162 ad
880 2101 1066 2162 llhemnium
1087 2100 1303 2172 Palaemonem,
1317 2118 1420 2179 gram·

376 2200 533 2274 mancum,
547 2215 577 2259 et
591 2200 765 2280 virginium
782 2199 940 2271 Flaccum,
952 2195 1118 2258 rhetorem.

414 2296 584 2358 Rhemnius
599 2299 723 2370 Pennus
738 2298 894 2357 Palemon
907 2309 972 2356 erat
985 2295 1097 2355 nobilis
1111 2295 1327 2378 grammaticus
1340 2309 1420 2354 tem·

374 2395 688 2478 poreClaudii.Verna
699 2409 788 2455 natus
800 2395 902 2454 literas
910 2393 1020 2452 didicit
1029 2415 1126 2475 quum
1135 2392 1420 2476 paedagogusesset‚

372 2493 485 2554 deinde
500 2495 705 2554 manumissus
720 2495 823 2553 liomre
837 2493 954 2552 docuit.
967 2493 1040 2550 Erat
1056 2493 1224 2552 nomnibus
1242 2493 1323 2551 vitiis
1340 2491 1421 2551 infa-

375 2592 450 2667 mis,
476 2593 640 2673 palamque
661 2604 690 2651 et
710 2590 832 2650 Tiberio
856 2603 886 2649 et
912 2609 983 2648 mox
1006 2587 1136 2648 Claudio
1161 2588 1421 2670 praedicantibus,
1511 2675 1514 2678 Ι

314 2723 318 2734 .
374 2689 491 2750 nemini
511 2691 614 2749 minus
634 2689 858 2748 institutionem
870 2707 1036 2769 puerorum
1049 2686 1097 2745 rel
1107 2684 1259 2769 juvenum
1275 2687 1422 2745 commit·

374 2786 509 2845 tendam.
525 2785 674 2866 Capiebat
687 2783 827 2844 homines
847 2806 919 2844 cum
938 2785 1086 2844 memoria
1101 2805 1221 2861 rerum,
1238 2798 1305 2844 tum
1325 2782 1423 2842 facili·

374 2895 436 2942 tate
448 2883 613 2953 orationis,
634 2902 763 2941 necnon
782 2881 872 2941 etiam
889 2897 1028 2963 poemata
1043 2881 1174 2942 faciebat
1192 2903 1227 2942 ex
1246 2896 1395 2964 tempore.
1406 2905 1421 2935 η

375 2979 516 3056 (Sueton.
537 2977 574 3037 de
590 2977 670 3037 Clar.
691 2977 829 3037 Gramm.
846 2979 912 3052 23).
932 2978 1136 3059 Quadragena
1146 3000 1251 3040 annua
1267 3000 1303 3038 ex
1317 2976 1425 3038 schola

374 3075 468 3157 cepit,
484 3094 539 3134 nec
556 3075 761 3158 paulominus
777 3095 812 3133 ex
825 3095 855 3132 re
870 3073 1033 3150 familiari,
1045 3074 1131 3156 cujus
1142 3089 1207 3136 erat
1219 3075 1424 3156 diligentissi-

376 3192 455 3230 mus.
470 3170 550 3232 lbid.

416 3268 576 3350 Virginius
594 3267 720 3330 Flaccus
735 3268 840 3329 rhetor
851 3269 908 3328 sub
922 3267 1055 3350 Trajano
1069 3281 1208 3330 mortuus
1226 3283 1279 3330 est.
1297 3268 1428 3350 Scripsit

375 3365 414 3425 de
426 3379 490 3427 arte
502 3365 636 3428 dicendi.
649 3365 772 3458 (Quint.
785 3367 857 3426 lust.
872 3365 933 3442 Ill,
953 3387 962 3425 ι
976 3388 985 3441 3
1002 3366 1097 3426 Tacit.
1111 3366 1190 3427 dnn.
1203 3369 1273 3442 XV,
1286 3368 1351 3451 71.)

710 3530 740 3580 Δ.
752 3529 785 3579 U.
800 3529 829 3579 C.
843 3527 910 3592 803,
924 3527 1021 3588 Christi
1034 3527 1084 3592 so,

830 3614 912 3685 Persii
929 3618 969 3666 ιδ.

419 3764 538 3823 Persius
559 3766 643 3824 venit
665 3765 698 3822 in
723 3764 920 3844 disciplinam
947 3765 1054 3825 Annaei
1078 3765 1223 3840 Cornuti,
1247 3761 1428 3848 philosophi
1461 3788 1464 3798 ·

378 3858 488 3934 Stoici,
504 3879 601 3940 eoque
617 3872 702 3941 patre
718 3860 816 3941 magis
830 3872 859 3919 et
877 3862 992 3936 amico,
1007 3881 1101 3942 quam
1118 3860 1263 3941 magistro
1280 3881 1352 3920 usus
1371 3875 1428 3920 est.

418 3961 553 4018 Annaeus
568 3959 721 4018 Cornutus
733 3957 818 4033 Afer,
829 3958 934 4018 Stoicae
949 3971 1033 4018 sectae
1048 3956 1193 4032 remulus,
1207 3977 1355 4038 magnam
1369 3956 1430 4018 hu·

379 4057 535 4116 manitatis
558 4055 793 4137 disciplinarum
816 4057 949 4137 gloriam
976 4071 1084 4115 nactus
1107 4069 1161 4114 est.
1191 4053 1429 4138 Philosophiam

380 4151 485 4210 llomae
512 4151 664 4233 professus
682 4151 838 4233 juventuti
863 4152 901 4211 ad
928 4153 1110 4236 sapientiam
1132 4151 1310 4213 erudiendae
1332 4173 1428 4212 omne

379 4257 501 4328 tempus
521 4249 730 4329 impendebat.
745 4249 851 4326 Quum
867 4249 1036 4326 Neronem,
1052 4250 1206 4332 insignem
1217 4249 1428 4311 eruditionem
