3176 4954
411 470 471 536 EX
496 469 643 534 LIBRO
667 470 787 533 XXVI
813 471 967 536 SATIR.
1172 475 1237 564 393
1314 551 1319 560 ,

665 597 753 662 XIX.

234 729 276 790 Et
284 722 376 817 quod
387 721 448 790 tibi
457 745 661 814 magnopere
671 721 764 790 cordi
778 737 845 803 est,
854 707 937 790 milri
948 723 1164 795 vehementer
1176 727 1238 796 dis-

189 833 298 926 plicet.

674 947 745 1010 XX.

233 1071 379 1140 Summis
390 1071 452 1137 niti
464 1084 594 1137 naturae
606 1068 726 1162 opibus
738 1096 748 1153 3
766 1087 801 1137 at
811 1096 874 1164 ego
887 1089 1003 1140 contra
1016 1089 1053 1140 ut
1066 1073 1236 1142 dissimilis

187 1205 280 1250 arem.

666 1298 755 1362 XXI.

172 1409 419 1515 ¹Suspendatne
432 1448 484 1507 se,
499 1447 543 1490 an
555 1421 702 1516 gladium
716 1424 907 1510 incumbat,
923 1450 966 1495 ne
980 1388 1234 1498 caelum'videat.

660 1548 765 1612 XXII.

187 1668 271 1730 Rem
282 1686 463 1756 cognoscas
476 1663 587 1748 simul,
596 1681 630 1732 et
639 1663 735 1733 dictis
749 1669 901 1736 animum
910 1667 1075 1754 attendas,
1089 1669 1234 1764 postulo.

586 1842 591 1857 .
646 1787 768 1852 XXIII.

233 1905 279 1968 Ut
299 1923 361 1991 ego
382 1899 549 1982 effutiam,
571 1899 664 1996 quod
683 1925 744 1996 ego
764 1919 798 1971 te
816 1905 969 1997 inprimis
993 1927 1117 1996 cupere
1132 1905 1237 1998 apisci

186 2009 344 2105 intelligo.
897 2033 900 2040 ’

647 2129 766 2194 XXIV.

230 2257 355 2320 Contra
366 2249 530 2344 flagitium
543 2255 674 2320 nescire
689 2255 777 2322 vinci
792 2253 897 2340 bello,
913 2281 934 2322 a
949 2253 1091 2324 barbaro
1110 2257 1235 2322 Viriato

186 2361 359 2432 Annibale.

657 2479 758 2542 XXV.

231 2607 288 2672 Sin
301 2619 414 2673 autem
431 2604 496 2672 hoc
514 2602 643 2687 vident,
661 2603 750 2682 bena
766 2627 900 2698 semper
915 2621 1030 2698 petere
1047 2606 1234 2696 sapientem

186 2731 315 2808 purant.

553 2857 560 2866 ·
649 2830 768 2896 XXVI.

231 2958 386 3028 Veterem
401 2951 591 3038 historiam,
607 2954 765 3027 inductus
778 2953 905 3040 studio,
918 2952 1035 3023 scribis
1047 2953 1092 3022 ad
1101 2977 1234 3022 amores

186 3077 272 3130 tuos

183 3315 289 3366 iterare.
306 3316 363 3368 ιΙοο.
377 3315 492 3387 Scaliger
502 3316 574 3369 hunc
585 3335 689 3370 vasum
737 3316 828 3384 rQuin
841 3312 960 3387 qladr‘um
980 3314 1078 3366 faciam
1094 3312 1235 3379 culcitam,

185 3395 356 3450 scribendam
376 3412 484 3450 censet:
505 3398 562 3450 uUt
578 3398 688 3450 Romam
734 3411 850 3465 sumque
864 3393 1042 3446 incumbam..

186 3477 477 3551 viatpadr'aroribmp
490 3476 688 3530 ctesttrochai·
769 3475 851 3526 XXII.
870 3473 974 3526 Nonius
992 3494 998 3524 ι
1022 3476 1179 3546 coquoscere
1196 3485 1236 3526 est

185 3573 287 3608 cas—
301 3557 388 3625 Vitat,
408 3555 491 3621 hiat,
508 3554 687 3609 eat-Gla·
734 3551 840 3619 audire,
853 3553 989 3606 estimare.
999 3551 1237 3605 IdemrAttenclere
1293 3570 1298 3582 ·

184 3631 423 3700 ἅίαιοήὸιιε,υιωσ
433 3631 588 3702 absolutus,
598 3633 688 3701 idest,
734 3643 773 3686 est
784 3630 930 3684 intendere.

184 3730 292 3765 munere
309 3712 476 3784 gladiatorio.
492 3715 532 3766 Ita
547 3715 642 3766 Cicero
655 3714 690 3766 cd
769 3713 864 3764 XXIII.
872 3710 1106 3785 Noniusidpitci‚
1116 3709 1235 3781 adipisci.

185 3789 264 3841 Attio.
275 3789 493 3844 ..Gladiatoribus
500 3793 589 3844 Romae
600 3809 686 3844 esta·
767 3792 862 3843 XXIV.
882 3793 987 3845 Nonius
1005 3813 1011 3841 :
1031 3791 1163 3845 Viriatum
1170 3827 1180 3855 ,
1192 3787 1234 3838 di-

220 3868 289 3922 xix.
303 3873 426 3925 Nonius:
442 3872 519 3924 Cordi
536 3881 586 3936 est,
603 3870 689 3923 hone·
734 3883 806 3926 ctum
818 3885 857 3924 est
869 3889 1026 3945 magnarum
1039 3871 1141 3921 virium.

186 3961 226 4002 ste
238 3947 337 4004 dietum
351 3953 440 4005 animo
454 3949 537 4005 sedet.
769 3950 852 4002 XXV.
864 3951 986 4002 Nonius:
1001 3950 1107 4011 Petere,
1121 3961 1235 4016 cupere,

220 4029 278 4082 XX.
287 4033 393 4086 Nonius
405 4054 411 4083 :
421 4030 498 4096 Nisi,
512 4029 608 4082 fultum
621 4049 688 4084 csse.
734 4041 869 4099 appetere.

219 4109 288 4162 XXI.
311 4110 415 4162 Nonius
431 4130 437 4160 ι
454 4108 619 4162 Accusativus
638 4125 688 4179 pro
769 4107 862 4162 XXVI.
884 4108 987 4162 Nonius
1003 4125 1009 4154 ε
1028 4101 1140 4170 Iudaei,
1165 4099 1236 4154 dele-

183 4183 282 4240 dativo.
312 4187 354 4241 sie
384 4187 492 4242 Plautus
516 4189 543 4240 in
573 4185 687 4242 Casina:
735 4187 809 4238 ctari.
