3006 4934
468 488 637 555 SATIRA
661 491 824 556 entus.
1132 499 1174 564 '23

128 613 220 683 Men'
229 616 352 682 mutire
359 615 534 698 nefaa‚nec
541 613 710 698 clam,nec
717 641 793 684 curn
802 617 1174 716 anchei-Nusquam.

130 729 250 794 -Hic
261 743 373 794 tamen
385 726 563 796 infodiam:
577 725 745 810 vidi,vidi
756 733 843 822 ipse,
856 730 982 800 libelle:
1126 757 1175 798 rsa

132 842 304 912 Auriculas
317 845 401 911 asini
413 843 505 911 Mida
518 869 577 911 rex
587 841 698 912 babet.
710 848 782 911 Hoc
793 869 854 936 ego
865 861 1039 938 opertum,

132 955 203 1022 Hoc
213 953 322 1023 ridere
333 972 465 1039 meum,
476 972 544 1022 tam
557 949 618 1037 nil,
630 951 726 1024 nulla
737 949 795 1024 tibi
806 955 915 1024 'vendo

132 1061 242 1134 Iliade.
273 1066 400 1135 Audaci
414 1070 621 1162 quicumque
632 1065 746 1136 afflate
758 1071 907 1150 Cratino,

130 1181 257 1246 lratum
271 1178 470 1271 Eupolidem
481 1179 673 1272 praegrandi
685 1203 764 1247 cum
777 1203 858 1248 sene
869 1177 988 1271 palles,

128 1288 273 1381 Adspice
284 1305 318 1359 et
329 1289 418 1374 haec,
432 1292 461 1359 si
472 1292 559 1360 forte
570 1289 698 1385 aliquid
709 1291 881 1360 decoctius
894 1291 998 1358 audis.

131 1396 213 1466 lnde
225 1419 384 1492 vaporata
395 1399 501 1468 lector
511 1400 594 1470 mihi
605 1401 733 1470 ferveat
744 1425 845 1469 aure:

131 1512 208 1575 Non
218 1505 288 1592 hic,
302 1511 407 1603 quiin
418 1509 571 1603 crepidas
583 1513 761 1580 Graiorum
773 1509 890 1580 ludere
903 1513 1002 1604 gestit

130 1619 308 1704 Sordidus,
321 1637 354 1690 et
364 1621 460 1690 lusco
472 1624 531 1716 qui
542 1623 649 1714 possit
659 1621 788 1703 dicere,
800 1644 917 1705 nnscr3

129 1732 207 1797 Sese
218 1729 367 1825 aliquem
378 1731 535 1816 credens,
549 1732 633 1801 ltalo
645 1731 736 1828 quod
749 1731 878 1802 honore
890 1735 1033 1825 supinus

130 1845 278 1940 Fregerit
289 1842 441 1912 heminas
452 1847 562 1913 Arreti
573 1845 680 1914 aedilis
691 1849 842 1941 iniquas:
1129 1855 1176 1910 13⁰

129 1957 198 2019 Nec
210 1955 268 2048 qui
279 1953 382 2024 abaco
394 1979 553 2024 numeros
565 1971 599 2023 et
611 1972 702 2024 secto
714 1959 750 2024 in
761 1954 901 2049 pulvere
912 1970 1019 2024 metas

128 2065 196 2130 Scit
208 2066 319 2134 risisse
330 2065 442 2149 vafer3
455 2065 602 2133 multum
615 2065 760 2159 gaudere
771 2084 927 2160 paratus,

130 2229 282 2290 ramim.
308 2264 341 2278 -
368 2231 454 2292 Mon.
478 2232 637 2312 Nusquam
659 2231 784 2292 licentia
807 2229 942 2290 dabitur.
963 2263 1002 2275 -
1025 2230 1115 2290 Pons.
1140 2227 1179 2286 At
1260 2259 1265 2270 ·

130 2349 252 2388 sumam
266 2350 325 2410 ego
339 2328 431 2403 mihi;
447 2343 538 2411 atque
552 2328 603 2389 bic
618 2329 699 2390 libro
713 2349 818 2389 sensus
829 2330 1025 2388 committam
1040 2347 1177 2387 arcanos.
1265 2315 1278 2338 '

132 2423 161 2480 Ο
178 2421 299 2497 libelle,
316 2425 381 2482 ridi
399 2437 540 2504 egomet,
560 2425 625 2483 vidi
640 2426 724 2506 ipse:
746 2424 898 2484 auriculas
917 2425 994 2483 asini
1013 2423 1108 2484 babet
1124 2437 1179 2483 nex

134 2517 230 2576 Mida.
254 2519 346 2576 Hunc
364 2539 422 2598 ego
440 2521 538 2578 risum
557 2521 727 2578 accuratius
749 2520 975 2594 dissimulatum
996 2522 1181 2579 innocuum-

133 2635 211 2698 que,
234 2635 331 2696 usque
354 2615 431 2674 adeo
454 2613 596 2688 nullum,
620 2615 719 2674 nolim
739 2626 843 2674 tamen
866 2626 1055 2675 commutare
1079 2631 1180 2676 tecum

130 2723 196 2771 tota
210 2711 317 2772 lliade.
335 2714 417 2793 Ergo
431 2712 529 2793 agite,
545 2710 672 2772 lectores
689 2711 861 2787 lectissimi,
880 2714 943 2772 sive
962 2711 1090 2772 audacia
1108 2713 1181 2772 Cra-

128 2811 190 2869 tini
211 2808 310 2869 afflati
333 2811 419 2884 estis,
442 2811 506 2870 sive
528 2808 736 2891 impallescitis
754 2809 886 2891 legendo
905 2809 1108 2891 Eupolidem,
1128 2823 1182 2870 aut

131 2908 302 2967 marimum
315 2909 474 2966 seniorum
487 2909 681 2968 comicorum
693 2905 979 2989 (Aristophanem),
993 2905 1053 2966 huc
1065 2907 1181 2983 adeste,

129 3017 160 3064 et
173 3018 314 3064 nostrum
328 3023 454 3084 quoque
467 3024 547 3085 opus
562 3005 715 3086 respicite,
729 3005 754 3064 si
769 3003 849 3064 forte
861 3006 894 3063 in
908 3003 969 3064 hoc
983 3006 1112 3064 recurrit
1126 3005 1180 3065 ali·
1222 3061 1228 3070 .

132 3103 208 3183 quid
225 3103 364 3164 limatius
382 3101 618 3184 perfectiusque.
641 3101 695 3162 llle
713 3101 791 3161 mibi
811 3103 980 3184 requiritur
995 3101 1104 3176 lector,
1125 3104 1179 3183 qui

133 3201 173 3258 sit
190 3202 315 3282 optimis
332 3201 513 3261 Graecorum
531 3199 660 3260 satiricis
677 3201 763 3280 quasi
780 3201 956 3274 instinctus,
973 3198 1060 3280 cujus
1076 3221 1181 3275 aures,

136 3315 190 3376 per
205 3298 357 3378 optimam
370 3296 552 3371 lectionem,
567 3307 706 3377 purgatae
722 3296 870 3356 ferveant.
887 3297 984 3356 lstum
997 3316 1072 3356 vero
1090 3296 1182 3358 lecto·

135 3411 202 3450 rem
218 3412 361 3467 amoveo,
376 3396 424 3453 cui
442 3392 559 3453 insulso
572 3392 673 3475 lepida
687 3414 733 3452 res
744 3406 788 3454 est
799 3393 966 3453 Graior‘um
979 3393 1106 3453 irridere
1118 3413 1180 3453 cre·

134 3490 236 3572 pidas,
255 3503 309 3550 aut
325 3488 423 3551 dicere
438 3490 562 3552 bomini
578 3490 678 3566 lusco,
693 3492 793 3552 luscus
810 3513 857 3565 es;
877 3495 931 3573 qui
950 3513 1012 3552 sese
1029 3513 1181 3574 magnum
1202 3539 1221 3567 q

133 3590 237 3649 virum
254 3601 357 3670 putat,
376 3588 461 3670 quod
479 3587 820 3649 humillimummunus
834 3589 868 3648 in
880 3589 1042 3670 provincia
1055 3589 1182 3662 obierit,

133 3687 218 3748 unde
231 3687 420 3768 superbiret3
441 3686 525 3768 quod
541 3689 654 3762 Arreti,
676 3686 827 3769 oppidulo
843 3685 955 3762 ltaliae,
971 3684 1108 3768 jusserit,
1124 3706 1181 3768 pro

132 3806 189 3843 sua
201 3783 300 3845 aedilis
312 3797 475 3866 potestate,
489 3783 593 3866 frangi
606 3798 635 3846 et
644 3784 763 3845 aboleri
773 3805 931 3845 mensuras
939 3782 1022 3864 justo
1035 3785 1182 3844 minores.

134 3885 240 3962 Neque
254 3882 350 3941 alium
369 3884 462 3942 istum
478 3881 602 3957 malim,
623 3883 673 3942 cui
690 3881 766 3942 adeo
786 3881 932 3942 callidum
948 3893 992 3942 est
1005 3880 1182 3962 ingenium,

136 3992 171 4038 ut
186 3999 331 4039 numeros
351 3980 448 4040 abaco
470 3981 650 4062 inscriptos,
670 3991 723 4038 aut
742 3977 840 4039 lineas
858 3979 965 4039 domas
986 3979 1019 4036 in
1041 3973 1182 4056 pulvere,

136 4097 180 4136 res
189 4097 241 4157 per
250 4099 278 4137 se
290 4089 319 4138 et
328 4077 446 4154 doctas,
458 4091 487 4139 et
496 4077 653 4158 simplices,
668 4075 794 4139 irrideat
807 4079 871 4137 risu
885 4077 1009 4156 inepto;
1024 4073 1103 4153 qui,
1116 4091 1183 4132 ma·

135 4193 231 4256 gnam
245 4174 316 4236 inde
329 4177 479 4260 percipiet
491 4175 648 4258 laetitiam,
667 4177 692 4236 si
712 4177 854 4238 meretrix
870 4183 1000 4235 stoicum
1016 4169 1181 4250 quemdam
