3148 4950
379 489 445 556 sss
737 489 798 554 nn
821 455 1058 558 surmus

377 639 444 713 que
457 617 699 712 Seqrranicum,
720 629 754 684 et
769 613 898 712 judicio
918 617 1057 706 Quintil.
1075 623 1122 704 X,
1146 644 1180 706 r,
1203 625 1266 714 87:
1285 630 1344 693 uin
1364 629 1424 710 iis,

375 753 437 822 per
459 751 536 826 quae
558 751 685 796 nomen
710 744 762 797 est
780 729 1006 826 adsequatus,
1032 735 1198 827 interpres
1223 735 1288 802 fuit
1314 741 1424 830 operis

374 840 489 926 alieni,
502 865 571 910 nou
584 838 793 936 spernendus
808 840 962 935 quidem,
976 867 1095 912 verum
1111 842 1154 911 ad
1170 846 1358 940 aagendam
1373 850 1423 916 fa-

374 951 825 1047 cultatemfdicendilparum
845 952 1035 1047 locuples.»
1054 963 1178 1025 Praeter
1196 958 1305 1043 hunc,
1324 986 1424 1056 quos-

372 1063 452 1132 dam
465 1064 548 1133 alios
567 1067 737 1133 satiricum
756 1063 889 1134 dicendi
907 1090 1014 1158 genus
1030 1067 1152 1134 frustra
1167 1085 1244 1136 ante
1258 1093 1295 1138 se
1307 1095 1422 1163 exper-

375 1193 425 1245 tos
440 1201 513 1245 esse
532 1176 633 1245 tradit
647 1179 821 1259 Horatius,
839 1177 914 1246 loco
931 1180 1020 1247 citat.
1043 1194 1079 1246 at
1094 1181 1233 1274 quinam
1247 1180 1281 1248 hi
1298 1182 1422 1251 fuerint

289 1305 294 1316 ⁵
370 1291 576 1380 ignoramus.
595 1288 814 1355 Casaubonus
832 1286 900 1357 huc
913 1288 1016 1356 refert
1032 1288 1184 1373 Savium,
1199 1315 1259 1360 sen
1273 1292 1420 1362 Suevium

372 1401 577 1479 Nicanorem,
593 1415 628 1467 et
641 1402 803 1482 Lenoeam,
820 1403 969 1493 Pompeii
984 1404 1098 1494 Magni
1112 1401 1286 1488 libertum,
1294 1408 1419 1484 liram-

371 1516 510 1581 matioos
523 1511 608 1600 (vid.
623 1513 773 1581 Macrob.
786 1515 852 1582 Sat.
867 1517 913 1596 ll,
934 1519 989 1598 14,
1006 1531 1039 1581 et
1048 1517 1139 1583 Suet.
1152 1515 1195 1582 de
1208 1516 1258 1584 lll.
1269 1523 1416 1586 Gramm.

369 1651 442 1720 oap.
459 1624 495 1709 5,
509 1645 543 1694 et
561 1626 630 1714 15);
643 1649 788 1720 quorum
799 1619 920 1694 Satires
931 1626 1017 1693 forte
1029 1650 1097 1694 non
1111 1627 1301 1697 Lucilianae
1314 1629 1418 1699 fuisse

368 1763 471 1833 supra
485 1737 641 1805 diximus.
658 1735 779 1805 Omisit
792 1753 906 1805 autem
921 1739 962 1805 L.
976 1737 1169 1821 Albutiam,
1186 1763 1288 1834 quem
1306 1764 1366 1809 nos
1381 1745 1418 1810 in

368 1852 490 1923 horum
502 1849 615 1917 locum
630 1848 880 1932 substituimus,
900 1873 941 1916 ex
952 1853 1106 1916 Varrone
1122 1847 1164 1916 de
1177 1853 1225 1917 Ile
1239 1855 1332 1917 Rust.
1348 1856 1417 1934 111,

369 1991 407 2048 π,
429 1988 487 2054 17:
505 1969 648 2032 «Nonne
663 1964 744 2029 item
757 1965 794 2028 L.
812 1959 965 2027 Albutius
979 1960 1082 2027 homo
1092 1964 1144 2047 (ut
1154 1963 1255 2048 scitis)
1265 1965 1419 2055 apprime

367 2079 503 2159 doctus,
517 2074 613 2168 cujus
623 2071 796 2139 Luciliano
807 2070 998 2138 charactere
1011 2086 1091 2138 sunt
1103 2068 1225 2155 libelli,
1239 2071 1370 2141 dicebat
1382 2077 1419 2142 in

368 2187 496 2258 Albano
516 2182 662 2254 fimdum
677 2179 777 2250 suum
796 2182 1007 2275 pastionibus
1026 2206 1161 2274 semper
1175 2185 1297 2250 vincia
1317 2182 1419 2251 villa?

366 2325 486 2395 agrum
500 2300 591 2367 enim
611 2299 723 2364 minus
738 2294 827 2361 dena
846 2292 950 2360 millia
969 2290 1127 2376 reddere,
1146 2292 1261 2361 villam
1277 2293 1353 2386 plus
1371 2299 1419 2362 vi·
1467 2277 1482 2292 ⁶

365 2437 483 2483 cenas
509 2417 546 2481 ln
565 2412 700 2504 optimis
723 2409 884 2475 Varronis
903 2399 1075 2474 codicibus
1097 2404 1220 2498 legitur
1241 2408 1416 2489 Abuccius,

366 2542 404 2594 ut
418 2540 452 2592 et
466 2527 532 2606 lll,
548 2523 587 2605 6,
607 2521 647 2602 6,
667 2517 727 2587 sed
747 2539 944 2611 praenomen
957 2514 1060 2594 forte,
1080 2540 1149 2585 non
1167 2540 1292 2584 nomen
1307 2541 1417 2601 ernen-

366 2631 517 2703 dandum
537 2648 571 2700 et
588 2625 822 2723 reponendum
842 2626 877 2692 Τ.
891 2624 1052 2692 Albutius
1070 2645 1097 2691 s.
1120 2626 1284 2692 Albucius.
1300 2631 1332 2694 ls
1352 2626 1418 2694 fuit

366 2746 504 2842 aqualis
528 2742 674 2825 Lucilio,
699 2743 758 2835 qui
781 2741 908 2832 passim
931 2735 1003 2830 ejus
1029 2739 1181 2804 meminit
1197 2739 1245 2835 *in
1272 2741 1415 2808 Satiricis

366 2854 478 2943 (verb.
501 2877 592 2923 caus.
615 2877 668 2946 ap.
685 2853 752 2918 Cic.
773 2853 845 2917 Fin.
862 2853 894 2931 l,
918 2851 955 2930 3,
970 2864 1004 2916 et
1017 2851 1109 2918 Orat.
1132 2853 1212 2938 44),
1229 2853 1417 2945 Propraetor

365 2966 541 3046 sardiniae,
560 2970 598 3031 A.
614 2965 657 3031 U.
674 2965 711 3030 C.
727 2961 794 3046 648
811 2962 896 3046 (Cic.
912 2962 1022 3028 Divin.
1044 2985 1101 3051 19,
1122 2963 1186 3029 Pis.
1210 2963 1270 3047 38;
1284 2964 1350 3032 Off.
1365 2967 1414 3045 11,

371 3081 544 3162 14;Prov.
572 3099 607 3164 7;
626 3077 717 3141 Erat.
744 3075 836 3160 ab),
860 3069 1029 3165 perfectus
1051 3073 1237 3165 Epicureus
1261 3091 1295 3143 et
1316 3099 1416 3168 paene

364 3191 519 3268 Graecus,
535 3188 593 3282 qui
604 3188 751 3281 primum
765 3181 961 3251 adolescens
983 3201 1017 3251 et
1033 3197 1150 3278 postea
1163 3185 1259 3254 exsul
1276 3183 1416 3278 Athenis

364 3301 446 3368 vixit
457 3299 540 3387 (Cic.
557 3303 648 3364 Brut.
666 3299 725 3380 30,
738 3312 772 3364 et
785 3300 887 3364 Tusc.
901 3298 969 3382 Qu.
984 3301 1025 3379 V,
1041 3298 1128 3385 37.).

411 3413 540 3480 Horatii
551 3426 647 3479 astate
661 3409 771 3475 Julius
785 3408 915 3490 Floras,
933 3425 982 3487 et,
1002 3409 1029 3476 si
1051 3405 1215 3501 Porphyr.
1234 3407 1276 3477 ad
1296 3413 1413 3478 Horat.

358 3525 469 3618 Epist.
492 3527 521 3606 1,
545 3523 564 3590 3
595 3519 679 3588 fides
704 3515 874 3602 habenda,
901 3515 979 3586 ubic
1000 3517 1119 3585 Florus
1147 3517 1212 3586 fuit
1232 3521 1416 3588 Satirarum

365 3628 626 3726 scriptor,cujus
637 3646 718 3700 sunt
726 3628 840 3698 electra
852 3653 894 3697 ex
905 3629 1029 3712 Ennio,
1041 3627 1170 3697 Lucilio
1181 3635 1384 3698 etVarrone:
1397 3663 1412 3693 ι

363 3743 517 3840 adeoque
531 3741 662 3812 diversa
684 3745 798 3811 Satirae
813 3765 936 3835 genera
949 3743 1121 3821 tractavit,
1141 3740 1196 3808 vel
1209 3743 1351 3810 miscuit.
1375 3748 1417 3812 Ei

365 3857 534 3951 inscriptae
560 3872 640 3925 sunt
662 3857 778 3922 Horat.
802 3855 906 3946 Epist.
932 3855 967 3933 3,
983 3850 1041 3918 lib.
1063 3856 1094 3936 1;
1121 3868 1155 3920 et
1177 3875 1214 3932 a,
1230 3851 1286 3920 lib.
1302 3857 1352 3935 113
1373 3877 1416 3921 ex
1545 3845 1547 3866 ²

366 3969 489 4065 quibus
512 3971 565 4054 (et
585 3963 723 4060 quidem
747 3987 787 4031 ex
810 3967 872 4055 Ep.
890 3968 954 4046 111,
975 3986 1034 4044 21,
1057 3967 1121 4046 243
1145 3977 1178 4029 et
1196 3966 1240 4043 ll,
1262 3961 1322 4052 59,
1337 3965 1413 4049 60).
1536 4016 1541 4033 .

364 4076 581 4145 Casaubonus
605 4099 680 4169 pag.
709 4079 801 4157 230,
831 4091 864 4141 et
886 4071 1084 4142 Wielandus
1111 4071 1173 4159 (ad
1204 4077 1319 4141 Horat.
1352 4077 1431 4165 Ep..

365 4207 445 4259 tom.
472 4194 516 4272 ll,
544 4211 619 4282 pag.
653 4189 758 4280 129),
783 4183 987 4278 conjiciunt,
1012 4209 1090 4252 eum
1118 4209 1186 4252 non
1210 4185 1273 4250 nisi
1298 4183 1414 4274 ἐρωτικά
