3148 4950
373 328 456 413 ,494
607 322 668 388 DE
692 319 860 388 sauma
883 320 1212 388 nouluoltutu.

388 447 547 534 Exodia),
564 443 730 540 ejusmodi
749 447 828 528 fuit,
846 462 885 512 ut
903 449 938 512 in
957 469 995 512 ea
1009 450 1164 541 quamvis
1181 446 1269 516 duro
1281 466 1315 515 et
1327 450 1417 519 veluti

386 562 509 653 agresti
520 556 617 651 joco,
627 556 670 624 de
683 559 771 624 vitiis
785 559 909 622 civium
927 572 1039 623 tamen
1059 559 1130 625 sine
1148 556 1223 626 ullo
1236 563 1360 652 proprii
1369 586 1418 630 nc

386 672 487 738 minis
507 667 605 737 titulo
624 691 761 735 carmen
784 681 884 734 esset.
903 665 1002 752 Quod
1026 669 1108 734 item
1131 691 1241 761 genus
1262 671 1418 739 comoediae

387 783 510 869 (Satira
526 777 724 862 dramatica)
744 775 860 843 multis
878 776 987 844 obfuit
1004 779 1127 869 poetis,
1147 801 1258 872 quum
1275 783 1309 846 in
1326 785 1419 875 suspi-

386 895 519 961 cionem
539 886 732 981 potentibus
755 885 884 954 civibus
906 889 1091 970 venissent,
1114 885 1252 956 illorum
1274 889 1357 958 iacta
1372 891 1419 958 de·

388 1003 560 1093 scripsisse
576 1003 611 1066 in
626 995 724 1091 pejus
745 1020 784 1064 ac
796 995 1000 1064 deformasse
1022 1020 1128 1090 genus
1150 997 1242 1092 stylo
1256 1003 1416 1082 carminis,

386 1110 477 1206 quod
486 1115 588 1204 priato
600 1108 747 1174 Lucilius
761 1131 841 1172 novo
853 1105 1164 1198 conscripsit'modo,
1177 1125 1218 1175 ut
1227 1112 1342 1201 poesin
1352 1109 1419 1177 inde

385 1223 510 1288 laceret
524 1216 713 1310 (singulare
729 1218 916 1283 carminum
934 1238 1056 1306 genus,
1076 1215 1168 1310 quod
1188 1241 1261 1286 non
1278 1237 1418 1310 ageretur

385 1334 421 1399 iu
434 1354 551 1407 scena,
573 1327 632 1395 sed
646 1326 825 1418 legeretur,
847 1349 916 1394 non
934 1324 1155 1395 dramaticum
1176 1344 1285 1412 esset,
1305 1329 1361 1396 sed
1376 1329 1417 1396 di·

345 1453 349 1459 '
385 1438 552 1510 dacticum
562 1443 591 1523 ),
606 1433 718 1518 idest,
731 1439 833 1504 unius
845 1437 1001 1502 carminis
1015 1434 1131 1528 plures
1144 1436 1289 1506 libros.»

431 1553 537 1622 Satira
549 1552 663 1643 itaque
680 1571 701 1614 a
718 1547 846 1614 Lucilio
860 1549 1011 1630 inventa,
1026 1563 1060 1613 et
1078 1551 1253 1641 praecipue
1271 1546 1314 1616 ab
1327 1552 1417 1614 Hora-
1522 1595 1523 1622 2

385 1667 446 1745 tio,
468 1663 580 1730 Persio
600 1683 640 1727 ac
659 1657 837 1742 Juvenale,
858 1657 917 1725 sed
940 1658 983 1726 ab
1004 1682 1214 1756 unoquoque
1232 1659 1361 1727 diversa
1374 1684 1416 1725 ra·

385 1777 475 1843 tione
486 1771 635 1854 exculta,
647 1787 698 1840 est
711 1769 796 1838 illud
807 1772 993 1838 carminum
1002 1793 1124 1863 genus,
1139 1771 1233 1867 quod
1244 1779 1326 1844 vivis
1338 1773 1415 1843 colo-

383 1886 477 1953 ribus
487 1882 756 1978 imaginibusque
768 1905 879 1949 mores
891 1881 1067 1949 hominum
1078 1880 1300 1968 adumbrare,
1312 1902 1343 1954 et
1354 1901 1414 1952 tunt

385 2001 542 2066 virtutem
555 1996 745 2088 praeccptis,
755 2017 900 2088 quorum
910 1993 1053 2084 gravitas
1064 1997 1220 2064 comitate
1232 1995 1414 2090 plerumque

384 2130 424 2173 ac
439 2106 617 2173 festivitate
633 2103 767 2171 condita
781 2118 846 2185 est,
864 2102 1118 2188 commendare,
1136 2121 1212 2173 tum
1228 2131 1354 2174 errores
1364 2128 1415 2198 po

385 2217 552 2284 tissimum
569 2236 610 2281 ac
628 2215 723 2296 vitia,
742 2212 923 2280 luculentis
938 2213 1099 2306 exemplis
1113 2214 1308 2310 salibusque
1326 2213 1413 2282 modo

384 2324 541 2404 urbanis,
560 2320 662 2390 modo
674 2325 794 2414 nigris,
815 2321 868 2390 vel
887 2324 990 2405 risui,
1011 2321 1065 2390 vel
1086 2324 1224 2394 invidiae
1244 2345 1411 2418 exponere,
1522 2379 1523 2386 ,

383 2436 536 2530 adeoque
548 2433 726 2526 multiplici
742 2455 900 2526 poeseos,
912 2431 1104 2501 dramaticae
1115 2437 1342 2526 potissimum,
1352 2447 1412 2500 arte

382 2562 582 2637 argumenta
597 2569 616 2614 e
629 2546 697 2612 vita
714 2543 910 2638 quotidiana
930 2542 1129 2636 deprompta
1150 2561 1309 2627 tractare,
1327 2545 1411 2611 etsie

383 2655 524 2726 lectores
541 2675 609 2724 tam
627 2655 809 2737 delectare,
829 2677 932 2748 quam
951 2651 1072 2721 docere
1087 2669 1121 2721 et
1137 2653 1317 2724 emendare
1327 2675 1411 2722 cona·

383 2782 450 2834 tur.
464 2771 588 2834 Utrum
601 2764 672 2832 haec
688 2767 794 2833 Satira
811 2765 853 2830 sit
862 2759 992 2855 justum
1011 2787 1132 2856 poema
1152 2789 1275 2847 necne,
1290 2767 1323 2832 in
1336 2781 1412 2857 que·

383 2879 526 2943 ationem
545 2889 709 2943 vocarunt
729 2878 843 2940 Horat.
860 2875 924 2942 Sat.
942 2878 973 2956 l,
991 2877 1027 2957 4,
1044 2877 1180 2964 39-64
1194 2903 1203 2960 ;
1216 2869 1364 2944 Wieland
1376 2865 1410 2936 ad

383 2985 417 3053 b.
432 2983 455 3053 l.
470 3001 541 3052 not.
559 3010 594 3075 7;
609 2983 752 3051 Casaub.
772 2983 815 3051 de
832 2987 898 3052 Sat.
916 2988 1012 3052 Rom.
1032 2989 1076 3068 11,
1098 2990 1115 3054 5
1133 2986 1213 3074 (ubi
1227 2985 1312 3054 conl.
1328 2989 1410 3050 Ram·

383 3094 484 3182 bach)
497 3110 531 3162 et
546 3093 619 3174 alii,
636 3096 695 3190 qui
711 3095 746 3161 in
760 3117 899 3186 poeseos
912 3111 1067 3162 naturam
1080 3097 1274 3190 diligentius
1287 3092 1408 3188 inquisi-

383 3231 478 3289 vere,
492 3209 580 3299 inpr.
594 3208 706 3274 Astitu
717 3202 760 3274 de
772 3206 918 3276 Platonis
932 3206 1074 3276 Phaed'ro
1085 3233 1161 3302 pag.
1179 3217 1219 3295 44
1235 3233 1303 3304 seq.

428 3323 503 3386 lam
520 3321 548 3386 si
562 3320 735 3412 quaeritur,
748 3342 833 3386 num
844 3335 877 3386 et
891 3340 1014 3386 nomen
1029 3317 1188 3413 et'ipsum
1204 3319 1353 3390 carminis
1364 3333 1408 3404 ge

384 3451 467 3510 nus,
490 3430 559 3496 sive
583 3429 798 3512 altemM,
826 3431 984 3496 Romanis
1004 3433 1177 3522 proprium
1200 3433 1314 3511 fuerit,
1336 3443 1407 3492 ana

382 3539 523 3622 Graecis,
543 3557 581 3606 ut
597 3539 761 3634 quidquid
778 3537 821 3606 ad
835 3555 924 3605 artes
944 3541 1167 3636 scientiasque
1183 3554 1322 3636 spectat,
1338 3531 1407 3626 peti·

383 3667 458 3717 tum
470 3651 656 3718 etsatiricae
671 3674 788 3718 eorum
800 3651 893 3742 poesi
904 3666 1100 3740 cognatum;

481 3818 682 3879 Grammatici
694 3833 813 3880 certant
825 3832 854 3879 et
865 3817 968 3880 adbuc
980 3819 1036 3879 sub
1046 3818 1151 3900 judice
1163 3821 1200 3882 lie
1211 3833 1262 3881 est.

384 3987 469 4057 Illud
482 4009 739 4083 propugnarunt
758 3997 793 4060 in
806 3995 923 4085 primis
934 3997 1004 4060 los.
1019 3993 1174 4087 Scaliger,
1187 3989 1404 4062 easaubonuc
