3176 4954
368 341 371 351 ’
464 392 524 454 ux
548 390 692 456 mano
716 393 820 456 xvu
847 393 994 457 sarra.
1157 347 1161 361 “
1186 397 1245 460 381

699 522 756 586 VI.

208 631 250 695 Hi
263 651 347 721 quos
360 626 483 695 divitioe
498 627 704 720 producunt,
719 645 752 696 et
766 645 868 720 caput
878 648 1011 737 ungunt

208 738 438 808 Horridulum.

696 839 768 902 VIl.

208 949 275 1012 Cur
285 960 355 1012 tam
368 949 531 1036 ignaviter
540 943 605 1014 hoc
616 948 802 1038 prasertim
814 962 966 1038 tempore
978 949 1120 1040 quaeris?

680 1056 772 1120 VIII.

210 1161 390 1231 Publicitus
403 1160 520 1230 vendis
533 1177 663 1245 tamen,
675 1180 777 1258 atque
791 1179 938 1230 extrema
950 1162 1095 1256 ligurus,

700 1277 755 1340 IX.

209 1390 281 1452 Hoc
292 1382 384 1450 aliud
396 1382 570 1475 longeest,
581 1387 707 1478 inquit,
720 1387 779 1478 qui
791 1406 873 1477 cepe
885 1384 1027 1452 serebat.

210 1585 513 1678 Mediaepistrina.
709 1498 746 1560 X·

614 1765 848 1786 mmmm

339 1909 412 1982 EX
440 1905 605 1983 LIBRO
632 1907 757 1985 XVII
785 1904 1117 1984 SATIRARUM.

716 2086 742 2147 l.

211 2195 299 2259 Num
310 2213 427 2260 censes
441 2203 644 2279 καλλιπλόκαμον
659 2203 827 2277 καλλίσφυρον
839 2189 932 2258 illam

209 2297 1338 2394 Nonlicitumesseute1·um,atqueetiaminguinatangeremammis?

209 2416 431 2503 Compcrnem
442 2423 501 2476 aut
512 2432 627 2475 varam
635 2409 740 2476 fuisse
751 2407 1006 2502 Amphitruonis
1018 2419 1116 2478 ἄκοιτιν

210 2524 403 2591 Alcmenam
415 2536 515 2615 atque
530 2519 628 2602 alias,
641 2518 767 2589 Ledam
779 2523 888 2612 ipsam
899 2519 1044 2615 denique
1056 2521 1136 2588 nolo

209 2638 343 2715 Dicere,
357 2650 428 2701 tute
440 2631 535 2713 vide,
548 2655 587 2700 ac
600 2630 807 2724 dissyllabon
820 2630 904 2725 elige
916 2628 1068 2727 quodvis.

210 2755 286 2834 Τυρὼ
298 2755 455 2833 εὐπατέρειαν
469 2742 618 2837 aliquam
629 2767 702 2810 rem
716 2745 882 2834 insignem
897 2742 1069 2824 habuisse,

210 2857 393 2922 Verrucam
404 2905 412 2934 ‚
425 2875 560 2922 naevum
571 2856 719 2946 pictum,
732 2852 869 2922 dentem
884 2851 1071 2919 eminulum
1084 2875 1201 2919 unum.

209 3070 319 3127 propter
336 3073 494 3110 concursum
515 3056 650 3110 literarum
665 3075 711 3109 so·
757 3058 844 3121 trina,
865 3057 899 3109 ad
922 3058 1054 3110 tubaniam
1076 3055 1204 3127 referens,
1229 3069 1257 3108 ul

211 3139 338 3188 nantium.
756 3152 879 3205 caupona
891 3134 1015 3188 dicitur.»
1026 3135 1129 3200 Varro,
1142 3131 1187 3185 lib.
1206 3135 1256 3200 lv,

246 3216 291 3267 VI.
303 3215 405 3268 Nonius
418 3237 423 3267 ε
436 3216 600 3269 Horrendum
612 3229 637 3268 et
651 3215 712 3268 luor-
758 3214 790 3265 de
801 3216 875 3284 laing-
886 3216 943 3265 Lat.
959 3214 1087 3279 «Pilum,
1098 3213 1169 3284 quod
1178 3232 1210 3265 eo
1218 3215 1258 3264 far

211 3292 296 3344 ridum
309 3291 410 3346 habent
420 3293 562 3366 plurimam
573 3292 711 3346 diversita-
757 3297 882 3365 pinsum:
896 3293 924 3345 id
938 3293 985 3346 ubi
995 3296 1027 3346 ait
1036 3294 1185 3365 plslriaum.
1198 3295 1220 3345 L
1233 3307 1259 3345 et

210 3386 273 3426 tem.
295 3374 340 3425 Est
358 3376 426 3426 enim
446 3372 601 3427 liorrcudum
615 3387 712 3426 tetrum
756 3377 777 3429 S
786 3377 854 3428 inter
868 3395 896 3428 aa
909 3393 978 3446 saepe
994 3387 1179 3427 commutant:
1196 3374 1258 3428 inde

211 3463 237 3503 et
255 3449 379 3515 vitabile3
403 3451 534 3505 horridum
554 3451 712 3524 plerumque
754 3451 1255 3526 pistor,velLuciliipistrinaetpismlra

210 3543 329 3596 exstans,
340 3543 366 3583 et
374 3533 527 3603 prominens
537 3544 563 3584 et
571 3531 710 3584 incultum.
793 3536 812 3585 l.
829 3534 933 3585 Nonius
951 3553 957 3582 :
976 3534 1145 3604 Compernes,
1166 3531 1260 3584 dicun-

246 3610 302 3665 VII.
312 3612 709 3684 Nou.19naviter,pro:ignave.
757 3611 892 3682 turlongr'a
900 3611 1023 3684 pedibus.
1036 3609 1124 3662 ldem=
1136 3612 1163 3666 V
1161 3613 1210 3679 κη’,
1218 3611 1259 3664 di·

244 3690 310 3742 VIII.
325 3691 428 3743 Nonius
445 3711 452 3740 ι
467 3688 629 3752 Pollicitus,
643 3708 711 3761 pro:
757 3705 854 3744 cuntur
869 3690 981 3744 obtortis
994 3690 1101 3761 plantis.
1118 3692 1190 3742 Inter
1205 3690 1261 3743 lau·

211 3770 323 3842 publice.
756 3769 803 3824 des
814 3769 951 3822 mulierum
960 3773 1156 3835 καλλιπλόκαμος,
1167 3783 1194 3822 ct
1204 3773 1260 3819 καλ-

246 3851 290 3900 ΙΧ.
307 3850 379 3902 Non.
402 3851 597 3922 Cepe‚generis
616 3851 711 3900 neutri.
757 3853 884 3920 λίσφροςι
909 3851 978 3902 aicut
995 3862 1089 3901 contra
1108 3851 1177 3900 inter
1196 3849 1260 3898 viria

248 3929 280 3979 X.
293 3925 440 3994 Charisius,
454 3928 500 3980 lib.
511 3930 532 3979 1.
548 3927 712 3979 uPistrinum
758 3929 902 4002 compernis
912 3942 937 3980 et
947 3927 1023 4002 valqa
1032 3941 1057 3980 et
1067 3926 1143 3980 uada.
1152 3925 1259 3977 -Tute

212 4007 366 4059 neutraliter
375 4006 487 4074 dicitur,
498 4004 546 4060 aed
557 4003 674 4058 Lucilius
685 4006 713 4056 in
759 4007 901 4080 videatque
910 4007 935 4058 d.
948 4007 1016 4058 ratio
1029 4019 1199 4055 numeroram
1212 4021 1259 4072 po-

211 4087 270 4140 XVI
281 4089 407 4142 feminine
420 4087 511 4144 extulit
522 4109 528 4138 ι
542 4087 631 4147 Media
641 4088 714 4157 epir-
761 4083 882 4138 stolatae
895 4103 944 4155 pro
957 4093 1059 4154 :atqua
1070 4109 1106 4120 -
1114 4083 1179 4150 lupo
1190 4083 1258 4134 dma-
