<?xml version="1.0" encoding="UTF-8"?>
<!DOCTYPE html PUBLIC "-//W3C//DTD XHTML 1.0 Transitional//EN"
    "http://www.w3.org/TR/xhtml1/DTD/xhtml1-transitional.dtd">
<html xmlns="http://www.w3.org/1999/xhtml" xml:lang="en" lang="en">
 <head>
  <title>
</title>
<meta http-equiv="Content-Type" content="text/html;charset=utf-8" />
  <meta name='ocr-system' content='tesseract 3.04.00' />
  <meta name='ocr-capabilities' content='ocr_page ocr_carea ocr_par ocr_line ocrx_word'/>
</head>
<body>
  <div class='ocr_page' id='page_1' title='image "./sexdecimsatir00lemagoog_0076.png"; bbox 0 0 3026 4944; ppageno 0'>
   <div class='ocr_carea' id='block_1_1' title="bbox 351 490 1224 560">
    <p class='ocr_par' dir='ltr' id='par_1_1' title="bbox 351 490 1224 560">
     <span class='ocr_line' id='line_1_1' title="bbox 351 490 1224 560; baseline 0 0"><span class='ocrx_word' id='word_1_1' title='bbox 351 493 395 560; x_wconf 84' lang='lat'>60</span> <span class='ocrx_word' id='word_1_2' title='bbox 526 492 683 555; x_wconf 83' lang='lat' dir='ltr'>VARlAE</span> <span class='ocrx_word' id='word_1_3' title='bbox 706 490 979 559; x_wconf 84' lang='lat' dir='ltr'>LECTIONES</span> <span class='ocrx_word' id='word_1_4' title='bbox 1002 493 1066 558; x_wconf 86' lang='lat' dir='ltr'>ET</span> <span class='ocrx_word' id='word_1_5' title='bbox 1089 494 1224 560; x_wconf 86' lang='lat' dir='ltr'>NOTAE</span> 
     </span>
    </p>
   </div>
   <div class='ocr_carea' id='block_1_2' title="bbox 349 616 1413 1336">
    <p class='ocr_par' dir='ltr' id='par_1_2' title="bbox 349 616 1413 1336">
     <span class='ocr_line' id='line_1_2' title="bbox 350 616 1410 692; baseline 0.003 -21"><span class='ocrx_word' id='word_1_6' title='bbox 350 621 400 671; x_wconf 87' lang='lat' dir='ltr'>ruis</span> <span class='ocrx_word' id='word_1_7' title='bbox 407 618 512 670; x_wconf 81' lang='lat' dir='ltr'>Etrusci</span> <span class='ocrx_word' id='word_1_8' title='bbox 520 629 546 668; x_wconf 87' lang='lat' dir='ltr'>et</span> <span class='ocrx_word' id='word_1_9' title='bbox 553 618 679 684; x_wconf 84' lang='lat' dir='ltr'>Romani,</span> <span class='ocrx_word' id='word_1_10' title='bbox 685 628 877 688; x_wconf 83' lang='lat' dir='ltr'>perserpentes</span> <span class='ocrx_word' id='word_1_11' title='bbox 885 616 1135 682; x_wconf 77' lang='lat' dir='ltr'>exhibueruut3uou</span> <span class='ocrx_word' id='word_1_12' title='bbox 1142 639 1194 672; x_wconf 88' lang='lat' dir='ltr'>uua</span> <span class='ocrx_word' id='word_1_13' title='bbox 1200 619 1410 692; x_wconf 80' lang='lat' dir='ltr'>putcdecausa.</span> 
     </span>
     <span class='ocr_line' id='line_1_3' title="bbox 350 697 1411 771; baseline 0.003 -20"><span class='ocrx_word' id='word_1_14' title='bbox 350 699 467 752; x_wconf 86' lang='lat' dir='ltr'>Plurium</span> <span class='ocrx_word' id='word_1_15' title='bbox 485 701 555 750; x_wconf 89' lang='lat' dir='ltr'>euim</span> <span class='ocrx_word' id='word_1_16' title='bbox 571 713 660 750; x_wconf 80' lang='lat' dir='ltr'>rerum</span> <span class='ocrx_word' id='word_1_17' title='bbox 672 697 822 770; x_wconf 74' lang='lat' dir='ltr'>symbolum</span> <span class='ocrx_word' id='word_1_18' title='bbox 836 715 867 750; x_wconf 87' lang='lat' dir='ltr'>ac</span> <span class='ocrx_word' id='word_1_19' title='bbox 880 712 942 750; x_wconf 86' lang='lat' dir='ltr'>nota</span> <span class='ocrx_word' id='word_1_20' title='bbox 958 698 1064 752; x_wconf 88' lang='lat' dir='ltr'>habitus</span> <span class='ocrx_word' id='word_1_21' title='bbox 1079 713 1118 752; x_wconf 88' lang='lat' dir='ltr'>est</span> <span class='ocrx_word' id='word_1_22' title='bbox 1133 717 1257 771; x_wconf 84' lang='lat' dir='ltr'>serpens,</span> <span class='ocrx_word' id='word_1_23' title='bbox 1274 716 1304 756; x_wconf 89' lang='lat' dir='ltr'>ut</span> <span class='ocrx_word' id='word_1_24' title='bbox 1317 701 1411 755; x_wconf 82' lang='lat' dir='ltr'>solum</span> 
     </span>
     <span class='ocr_line' id='line_1_4' title="bbox 349 777 1412 852; baseline 0.003 -21"><span class='ocrx_word' id='word_1_25' title='bbox 349 782 480 852; x_wconf 88' lang='lat' dir='ltr'>patrium,</span> <span class='ocrx_word' id='word_1_26' title='bbox 493 780 590 844; x_wconf 85' lang='lat' dir='ltr'>vitam,</span> <span class='ocrx_word' id='word_1_27' title='bbox 607 777 733 844; x_wconf 87' lang='lat' dir='ltr'>salutem,</span> <span class='ocrx_word' id='word_1_28' title='bbox 748 777 971 844; x_wconf 68' lang='lat' dir='ltr'><strong>incolumitatem,</strong></span> <span class='ocrx_word' id='word_1_29' title='bbox 988 779 1227 846; x_wconf 85' lang='lat' dir='ltr'>immortalitatem,</span> <span class='ocrx_word' id='word_1_30' title='bbox 1242 793 1293 832; x_wconf 88' lang='lat' dir='ltr'>etc.</span> <span class='ocrx_word' id='word_1_31' title='bbox 1308 782 1412 834; x_wconf 85' lang='lat' dir='ltr'>innue-</span> 
     </span>
     <span class='ocr_line' id='line_1_5' title="bbox 350 857 1413 932; baseline 0.001 -18"><span class='ocrx_word' id='word_1_32' title='bbox 350 875 422 914; x_wconf 74' lang='lat' dir='ltr'>ret·</span> <span class='ocrx_word' id='word_1_33' title='bbox 440 863 522 932; x_wconf 74' lang='lat' dir='ltr'>Heyn.</span> <span class='ocrx_word' id='word_1_34' title='bbox 534 861 606 929; x_wconf 73' lang='lat' dir='ltr'>Virq.</span> <span class='ocrx_word' id='word_1_35' title='bbox 622 857 725 910; x_wconf 83' lang='lat' dir='ltr'>AEneid.</span> <span class='ocrx_word' id='word_1_36' title='bbox 738 860 771 924; x_wconf 90' lang='lat' dir='ltr'>V,</span> <span class='ocrx_word' id='word_1_37' title='bbox 786 858 828 925; x_wconf 69' lang='grc'>84.</span> <span class='ocrx_word' id='word_1_38' title='bbox 841 861 880 910; x_wconf 81' lang='lat' dir='ltr'>Ex</span> <span class='ocrx_word' id='word_1_39' title='bbox 891 859 944 912; x_wconf 90' lang='lat' dir='ltr'>hoc</span> <span class='ocrx_word' id='word_1_40' title='bbox 958 861 1040 913; x_wconf 85' lang='lat' dir='ltr'>Persii</span> <span class='ocrx_word' id='word_1_41' title='bbox 1051 859 1112 912; x_wconf 93' lang='lat' dir='ltr'>loco</span> <span class='ocrx_word' id='word_1_42' title='bbox 1125 861 1184 932; x_wconf 84' lang='lat' dir='ltr'>ipso</span> <span class='ocrx_word' id='word_1_43' title='bbox 1195 863 1330 932; x_wconf 75' lang='lat' dir='ltr'><strong>conjicere</strong></span> <span class='ocrx_word' id='word_1_44' title='bbox 1343 881 1413 932; x_wconf 88' lang='lat' dir='ltr'>pos·</span> 
     </span>
     <span class='ocr_line' id='line_1_6' title="bbox 351 939 1413 1013; baseline -0.002 -17"><span class='ocrx_word' id='word_1_45' title='bbox 351 959 453 1007; x_wconf 85' lang='lat' dir='ltr'>sumus,</span> <span class='ocrx_word' id='word_1_46' title='bbox 462 941 490 992; x_wconf 90' lang='lat' dir='ltr'>in</span> <span class='ocrx_word' id='word_1_47' title='bbox 500 959 550 993; x_wconf 85' lang='lat' dir='ltr'>usu</span> <span class='ocrx_word' id='word_1_48' title='bbox 559 941 640 993; x_wconf 84' lang='lat' dir='ltr'>fuisse</span> <span class='ocrx_word' id='word_1_49' title='bbox 648 953 783 1011; x_wconf 75' lang='lat' dir='ltr'>serpentes</span> <span class='ocrx_word' id='word_1_50' title='bbox 792 939 938 1011; x_wconf 83' lang='lat' dir='ltr'>parietibus</span> <span class='ocrx_word' id='word_1_51' title='bbox 949 943 1106 1013; x_wconf 72' lang='lat' dir='ltr'>appingere,</span> <span class='ocrx_word' id='word_1_52' title='bbox 1114 941 1211 1013; x_wconf 90' lang='lat' dir='ltr'>quibua</span> <span class='ocrx_word' id='word_1_53' title='bbox 1219 941 1413 996; x_wconf 84' lang='lat' dir='ltr'>locisauctitas</span> 
     </span>
     <span class='ocr_line' id='line_1_7' title="bbox 350 1021 1412 1094; baseline 0.003 -18"><span class='ocrx_word' id='word_1_54' title='bbox 350 1023 514 1076; x_wconf 87' lang='lat' dir='ltr'>iudicaretur</span> <span class='ocrx_word' id='word_1_55' title='bbox 525 1037 551 1075; x_wconf 84' lang='lat' dir='ltr'>et</span> <span class='ocrx_word' id='word_1_56' title='bbox 566 1023 643 1094; x_wconf 85' lang='lat' dir='ltr'>quasi</span> <span class='ocrx_word' id='word_1_57' title='bbox 656 1021 852 1074; x_wconf 79' lang='lat' dir='ltr'>defenderetur.</span> <span class='ocrx_word' id='word_1_58' title='bbox 868 1051 905 1064; x_wconf 91' lang='lat'>·-</span> <span class='ocrx_word' id='word_1_59' title='bbox 917 1023 1015 1090; x_wconf 77' lang='lat' dir='ltr'>Extra,</span> <span class='ocrx_word' id='word_1_60' title='bbox 1029 1041 1066 1075; x_wconf 86' lang='lat' dir='ltr'>sc.</span> <span class='ocrx_word' id='word_1_61' title='bbox 1083 1034 1156 1076; x_wconf 72' lang='lat' dir='ltr'>exitu</span> <span class='ocrx_word' id='word_1_62' title='bbox 1171 1023 1258 1076; x_wconf 85' lang='lat' dir='ltr'>locum</span> <span class='ocrx_word' id='word_1_63' title='bbox 1278 1024 1350 1078; x_wconf 73' lang='lat' dir='ltr'>hunc</span> <span class='ocrx_word' id='word_1_64' title='bbox 1364 1042 1412 1078; x_wconf 76' lang='lat' dir='ltr'>sa·</span> 
     </span>
     <span class='ocr_line' id='line_1_8' title="bbox 350 1102 1412 1177; baseline 0.001 -19"><span class='ocrx_word' id='word_1_65' title='bbox 350 1118 434 1158; x_wconf 84' lang='lat' dir='ltr'>crum.</span> <span class='ocrx_word' id='word_1_66' title='bbox 441 1131 478 1158; x_wconf 91' lang='grc'>,-</span> <span class='ocrx_word' id='word_1_67' title='bbox 486 1103 593 1176; x_wconf 76' lang='lat' dir='ltr'>Mejite3</span> <span class='ocrx_word' id='word_1_68' title='bbox 603 1115 748 1154; x_wconf 85' lang='lat' dir='ltr'>extremum</span> <span class='ocrx_word' id='word_1_69' title='bbox 758 1102 924 1156; x_wconf 75' lang='lat' dir='ltr'>contumeliae</span> <span class='ocrx_word' id='word_1_70' title='bbox 934 1105 1046 1174; x_wconf 72' lang='lat' dir='ltr'>siguum.</span> <span class='ocrx_word' id='word_1_71' title='bbox 1057 1107 1116 1157; x_wconf 87' lang='lat' dir='ltr'>Hoc</span> <span class='ocrx_word' id='word_1_72' title='bbox 1125 1121 1160 1157; x_wconf 81' lang='lat' dir='ltr'>ue</span> <span class='ocrx_word' id='word_1_73' title='bbox 1170 1107 1228 1177; x_wconf 89' lang='lat' dir='ltr'>quis</span> <span class='ocrx_word' id='word_1_74' title='bbox 1239 1105 1412 1171; x_wconf 84' lang='lat' dir='ltr'>admitteret,</span> 
     </span>
     <span class='ocr_line' id='line_1_9' title="bbox 350 1181 1411 1256; baseline 0.003 -21"><span class='ocrx_word' id='word_1_75' title='bbox 350 1185 378 1235; x_wconf 91' lang='lat' dir='ltr'>iu</span> <span class='ocrx_word' id='word_1_76' title='bbox 392 1183 499 1236; x_wconf 75' lang='lat' dir='ltr'>tumulis</span> <span class='ocrx_word' id='word_1_77' title='bbox 513 1184 585 1254; x_wconf 87' lang='lat' dir='ltr'>cippi</span> <span class='ocrx_word' id='word_1_78' title='bbox 600 1181 692 1236; x_wconf 89' lang='lat' dir='ltr'>titulus</span> <span class='ocrx_word' id='word_1_79' title='bbox 705 1181 909 1253; x_wconf 79' lang='lat' dir='ltr'>deprecebatur,</span> <span class='ocrx_word' id='word_1_80' title='bbox 924 1183 1027 1254; x_wconf 84' lang='lat' dir='ltr'>adjecta</span> <span class='ocrx_word' id='word_1_81' title='bbox 1039 1201 1108 1256; x_wconf 78' lang='lat' dir='ltr'>sepe</span> <span class='ocrx_word' id='word_1_82' title='bbox 1120 1187 1312 1256; x_wconf 78' lang='lat' dir='ltr'>imprecatione</span> <span class='ocrx_word' id='word_1_83' title='bbox 1324 1186 1411 1240; x_wconf 84' lang='lat' dir='ltr'>mala.</span> 
     </span>
     <span class='ocr_line' id='line_1_10' title="bbox 351 1263 1300 1336; baseline 0.004 -21"><span class='ocrx_word' id='word_1_84' title='bbox 351 1263 458 1316; x_wconf 67' lang='lat' dir='ltr'>Anthou</span> <span class='ocrx_word' id='word_1_85' title='bbox 471 1265 556 1316; x_wconf 88' lang='lat' dir='ltr'>Latin.</span> <span class='ocrx_word' id='word_1_86' title='bbox 569 1265 712 1316; x_wconf 76' lang='lat' dir='ltr'>Burmann.</span> <span class='ocrx_word' id='word_1_87' title='bbox 726 1277 791 1315; x_wconf 90' lang='lat' dir='ltr'>tom.</span> <span class='ocrx_word' id='word_1_88' title='bbox 803 1265 841 1331; x_wconf 87' lang='lat' dir='ltr'>ll,</span> <span class='ocrx_word' id='word_1_89' title='bbox 853 1284 880 1336; x_wconf 93' lang='lat' dir='ltr'>p.</span> <span class='ocrx_word' id='word_1_90' title='bbox 895 1263 958 1332; x_wconf 69' lang='grc'><strong>145;</strong></span> <span class='ocrx_word' id='word_1_91' title='bbox 970 1266 1061 1318; x_wconf 84' lang='lat' dir='ltr'>Horat.</span> <span class='ocrx_word' id='word_1_92' title='bbox 1074 1266 1131 1317; x_wconf 80' lang='lat' dir='ltr'>Art.</span> <span class='ocrx_word' id='word_1_93' title='bbox 1145 1268 1217 1318; x_wconf 83' lang='lat' dir='ltr'>Post.</span> <span class='ocrx_word' id='word_1_94' title='bbox 1231 1265 1300 1336; x_wconf 69' lang='lat'>470:</span> 
     </span>
    </p>
   </div>
   <div class='ocr_carea' id='block_1_3' title="bbox 537 1351 900 1409">
    <p class='ocr_par' dir='ltr' id='par_1_3' title="bbox 537 1351 900 1409">
     <span class='ocr_line' id='line_1_11' title="bbox 537 1351 900 1409; baseline 0.003 -15"><span class='ocrx_word' id='word_1_95' title='bbox 537 1351 676 1395; x_wconf 70' lang='lat' dir='ltr'>Minueritin</span> <span class='ocrx_word' id='word_1_96' title='bbox 685 1352 767 1409; x_wconf 87' lang='lat' dir='ltr'>patrios</span> <span class='ocrx_word' id='word_1_97' title='bbox 775 1351 865 1396; x_wconf 84' lang='lat' dir='ltr'>cineres.</span> <span class='ocrx_word' id='word_1_98' title='bbox 871 1386 876 1396; x_wconf 94' lang='lat'>.</span> <span class='ocrx_word' id='word_1_99' title='bbox 883 1385 900 1395; x_wconf 92' lang='lat'>..</span> 
     </span>
    </p>
   </div>
   <div class='ocr_carea' id='block_1_4' title="bbox 348 1442 1413 1920">
    <p class='ocr_par' dir='ltr' id='par_1_4' title="bbox 348 1442 1413 1920">
     <span class='ocr_line' id='line_1_12' title="bbox 385 1442 1412 1518; baseline 0.002 -22"><span class='ocrx_word' id='word_1_100' title='bbox 385 1444 453 1496; x_wconf 80' lang='lat' dir='ltr'>Nou.</span> <span class='ocrx_word' id='word_1_101' title='bbox 475 1444 533 1511; x_wconf 82' lang='grc'><strong>114.</strong></span> <span class='ocrx_word' id='word_1_102' title='bbox 552 1444 642 1496; x_wconf 82' lang='lat' dir='ltr'>Secuit</span> <span class='ocrx_word' id='word_1_103' title='bbox 660 1442 779 1497; x_wconf 77' lang='lat' dir='ltr'>Lucilius</span> <span class='ocrx_word' id='word_1_104' title='bbox 795 1445 892 1496; x_wconf 80' lang='lat' dir='ltr'>urbem.</span> <span class='ocrx_word' id='word_1_105' title='bbox 909 1472 946 1484; x_wconf 88' lang='lat'>-</span> <span class='ocrx_word' id='word_1_106' title='bbox 961 1445 1051 1498; x_wconf 80' lang='lat' dir='ltr'>Posito</span> <span class='ocrx_word' id='word_1_107' title='bbox 1064 1447 1166 1512; x_wconf 74' lang='lat' dir='ltr'>uenia,</span> <span class='ocrx_word' id='word_1_108' title='bbox 1178 1443 1318 1498; x_wconf 85' lang='lat' dir='ltr'>consilium</span> <span class='ocrx_word' id='word_1_109' title='bbox 1329 1447 1412 1518; x_wconf 85' lang='lat' dir='ltr'>prius</span> 
     </span>
     <span class='ocr_line' id='line_1_13' title="bbox 349 1519 1413 1596; baseline 0.003 -23"><span class='ocrx_word' id='word_1_110' title='bbox 349 1538 427 1573; x_wconf 85' lang='lat' dir='ltr'>suum</span> <span class='ocrx_word' id='word_1_111' title='bbox 439 1521 561 1593; x_wconf 87' lang='lat' dir='ltr'>exemplo</span> <span class='ocrx_word' id='word_1_112' title='bbox 573 1519 667 1574; x_wconf 85' lang='lat' dir='ltr'>Lucilii</span> <span class='ocrx_word' id='word_1_113' title='bbox 680 1533 769 1573; x_wconf 87' lang='lat' dir='ltr'>tuetur</span> <span class='ocrx_word' id='word_1_114' title='bbox 780 1534 808 1572; x_wconf 89' lang='lat' dir='ltr'>et</span> <span class='ocrx_word' id='word_1_115' title='bbox 818 1522 930 1572; x_wconf 76' lang='lat' dir='ltr'>Horatii.</span> <span class='ocrx_word' id='word_1_116' title='bbox 941 1549 977 1562; x_wconf 91' lang='lat'>·-</span> <span class='ocrx_word' id='word_1_117' title='bbox 986 1521 1114 1587; x_wconf 68' lang='lat' dir='ltr'>Luciliu,-</span> <span class='ocrx_word' id='word_1_118' title='bbox 1128 1523 1158 1576; x_wconf 86' lang='lat' dir='ltr'>G.</span> <span class='ocrx_word' id='word_1_119' title='bbox 1171 1523 1287 1576; x_wconf 85' lang='lat' dir='ltr'>Lucilius</span> <span class='ocrx_word' id='word_1_120' title='bbox 1301 1525 1413 1596; x_wconf 85' lang='lat' dir='ltr'>primus</span> 
     </span>
     <span class='ocr_line' id='line_1_14' title="bbox 350 1601 1412 1674; baseline 0.002 -20"><span class='ocrx_word' id='word_1_121' title='bbox 350 1601 423 1674; x_wconf 87' lang='lat' dir='ltr'>apud</span> <span class='ocrx_word' id='word_1_122' title='bbox 437 1605 572 1655; x_wconf 79' lang='lat' dir='ltr'>Romanos</span> <span class='ocrx_word' id='word_1_123' title='bbox 588 1604 680 1654; x_wconf 87' lang='lat' dir='ltr'>satiras</span> <span class='ocrx_word' id='word_1_124' title='bbox 695 1603 807 1673; x_wconf 75' lang='lat' dir='ltr'>scripsit.</span> <span class='ocrx_word' id='word_1_125' title='bbox 823 1603 862 1654; x_wconf 79' lang='lat' dir='ltr'>Ac</span> <span class='ocrx_word' id='word_1_126' title='bbox 879 1605 950 1656; x_wconf 86' lang='lat' dir='ltr'>sicut</span> <span class='ocrx_word' id='word_1_127' title='bbox 961 1603 1092 1656; x_wconf 86' lang='lat' dir='ltr'>Lucilium</span> <span class='ocrx_word' id='word_1_128' title='bbox 1106 1605 1245 1672; x_wconf 82' lang='lat' dir='ltr'>Horatius,</span> <span class='ocrx_word' id='word_1_129' title='bbox 1263 1605 1412 1657; x_wconf 80' lang='lat' dir='ltr'>Horatium</span> 
     </span>
     <span class='ocr_line' id='line_1_15' title="bbox 349 1681 1413 1756; baseline 0.004 -22"><span class='ocrx_word' id='word_1_130' title='bbox 349 1685 468 1751; x_wconf 87' lang='lat' dir='ltr'>Persius,</span> <span class='ocrx_word' id='word_1_131' title='bbox 482 1685 584 1756; x_wconf 85' lang='lat' dir='ltr'>priores</span> <span class='ocrx_word' id='word_1_132' title='bbox 596 1681 657 1735; x_wconf 80' lang='lat' dir='ltr'>ilice</span> <span class='ocrx_word' id='word_1_133' title='bbox 670 1699 761 1735; x_wconf 83' lang='lat' dir='ltr'>omues</span> <span class='ocrx_word' id='word_1_134' title='bbox 773 1683 909 1736; x_wconf 76' lang='lat' dir='ltr'>luvenalis</span> <span class='ocrx_word' id='word_1_135' title='bbox 920 1684 1036 1736; x_wconf 86' lang='lat' dir='ltr'>imitatus</span> <span class='ocrx_word' id='word_1_136' title='bbox 1049 1697 1104 1749; x_wconf 74' lang='lat' dir='ltr'>est,</span> <span class='ocrx_word' id='word_1_137' title='bbox 1116 1687 1154 1736; x_wconf 88' lang='lat' dir='ltr'>sic</span> <span class='ocrx_word' id='word_1_138' title='bbox 1167 1683 1284 1737; x_wconf 77' lang='lat' dir='ltr'>Lucilius</span> <span class='ocrx_word' id='word_1_139' title='bbox 1296 1699 1413 1739; x_wconf 82' lang='lat' dir='ltr'>secutus</span> 
     </span>
     <span class='ocr_line' id='line_1_16' title="bbox 348 1765 1412 1840; baseline 0.002 -22"><span class='ocrx_word' id='word_1_140' title='bbox 348 1767 435 1818; x_wconf 83' lang='lat' dir='ltr'>fuerat</span> <span class='ocrx_word' id='word_1_141' title='bbox 447 1768 562 1818; x_wconf 85' lang='lat' dir='ltr'>Ennium</span> <span class='ocrx_word' id='word_1_142' title='bbox 574 1780 600 1817; x_wconf 90' lang='lat' dir='ltr'>et</span> <span class='ocrx_word' id='word_1_143' title='bbox 613 1765 732 1818; x_wconf 80' lang='lat' dir='ltr'>Accium.</span> <span class='ocrx_word' id='word_1_144' title='bbox 746 1767 838 1818; x_wconf 86' lang='lat' dir='ltr'>Horat.</span> <span class='ocrx_word' id='word_1_145' title='bbox 847 1765 894 1817; x_wconf 92' lang='lat' dir='ltr'>lib.</span> <span class='ocrx_word' id='word_1_146' title='bbox 904 1767 931 1832; x_wconf 95' lang='lat' dir='ltr'>l,</span> <span class='ocrx_word' id='word_1_147' title='bbox 941 1779 990 1818; x_wconf 85' lang='lat' dir='ltr'>sat.</span> <span class='ocrx_word' id='word_1_148' title='bbox 1003 1784 1043 1818; x_wconf 84' lang='grc' dir='ltr'>ιο.</span> <span class='ocrx_word' id='word_1_149' title='bbox 1056 1768 1181 1820; x_wconf 76' lang='lat' dir='ltr'>Consum</span> <span class='ocrx_word' id='word_1_150' title='bbox 1191 1768 1274 1820; x_wconf 85' lang='lat' dir='ltr'>fuisse</span> <span class='ocrx_word' id='word_1_151' title='bbox 1285 1769 1412 1840; x_wconf 85' lang='lat' dir='ltr'>Scipioni</span> 
     </span>
     <span class='ocr_line' id='line_1_17' title="bbox 349 1845 1413 1920; baseline 0.003 -22"><span class='ocrx_word' id='word_1_152' title='bbox 349 1847 475 1900; x_wconf 71' lang='lat' dir='ltr'>Africano</span> <span class='ocrx_word' id='word_1_153' title='bbox 485 1859 597 1900; x_wconf 83' lang='lat' dir='ltr'>testatur</span> <span class='ocrx_word' id='word_1_154' title='bbox 608 1846 678 1899; x_wconf 86' lang='lat' dir='ltr'>idem</span> <span class='ocrx_word' id='word_1_155' title='bbox 687 1849 779 1899; x_wconf 87' lang='lat' dir='ltr'>Horat.</span> <span class='ocrx_word' id='word_1_156' title='bbox 791 1845 837 1899; x_wconf 80' lang='lat' dir='ltr'>lils.</span> <span class='ocrx_word' id='word_1_157' title='bbox 849 1847 889 1911; x_wconf 87' lang='lat'>11,</span> <span class='ocrx_word' id='word_1_158' title='bbox 902 1859 952 1900; x_wconf 91' lang='lat' dir='ltr'>sat.</span> <span class='ocrx_word' id='word_1_159' title='bbox 966 1861 994 1914; x_wconf 84' lang='lat'>1,</span> <span class='ocrx_word' id='word_1_160' title='bbox 1007 1845 1070 1914; x_wconf 89' lang='lat' dir='ltr'>ubi,</span> <span class='ocrx_word' id='word_1_161' title='bbox 1081 1861 1108 1901; x_wconf 80' lang='lat' dir='ltr'>et</span> <span class='ocrx_word' id='word_1_162' title='bbox 1119 1847 1184 1899; x_wconf 88' lang='lat' dir='ltr'>alibi</span> <span class='ocrx_word' id='word_1_163' title='bbox 1198 1850 1296 1920; x_wconf 87' lang='lat' dir='ltr'>passim</span> <span class='ocrx_word' id='word_1_164' title='bbox 1308 1850 1336 1900; x_wconf 90' lang='lat' dir='ltr'>iu</span> <span class='ocrx_word' id='word_1_165' title='bbox 1349 1867 1413 1901; x_wconf 80' lang='lat' dir='ltr'>ser-</span> 
     </span>
    </p>
   </div>
   <div class='ocr_carea' id='block_1_5' title="bbox 349 1927 1414 2481">
    <p class='ocr_par' dir='ltr' id='par_1_5' title="bbox 349 1927 1414 2481">
     <span class='ocr_line' id='line_1_18' title="bbox 349 1927 1412 2000; baseline 0.002 -20"><span class='ocrx_word' id='word_1_166' title='bbox 349 1929 490 1994; x_wconf 87' lang='lat' dir='ltr'>monibus,</span> <span class='ocrx_word' id='word_1_167' title='bbox 506 1927 638 1980; x_wconf 84' lang='lat' dir='ltr'>Lucilium</span> <span class='ocrx_word' id='word_1_168' title='bbox 652 1928 737 2000; x_wconf 89' lang='lat' dir='ltr'>carpit</span> <span class='ocrx_word' id='word_1_169' title='bbox 751 1927 901 1994; x_wconf 86' lang='lat' dir='ltr'>mordicus,</span> <span class='ocrx_word' id='word_1_170' title='bbox 920 1945 1072 2000; x_wconf 84' lang='lat' dir='ltr'>quanquam</span> <span class='ocrx_word' id='word_1_171' title='bbox 1089 1947 1185 1998; x_wconf 67' lang='lat' dir='ltr'>magno</span> <span class='ocrx_word' id='word_1_172' title='bbox 1201 1929 1258 1981; x_wconf 85' lang='lat' dir='ltr'>aliis</span> <span class='ocrx_word' id='word_1_173' title='bbox 1277 1931 1304 1980; x_wconf 88' lang='lat' dir='ltr'>in</span> <span class='ocrx_word' id='word_1_174' title='bbox 1317 1931 1412 2000; x_wconf 85' lang='lat' dir='ltr'>pretio</span> 
     </span>
     <span class='ocr_line' id='line_1_19' title="bbox 349 2006 1411 2080; baseline 0.004 -22"><span class='ocrx_word' id='word_1_175' title='bbox 349 2007 433 2060; x_wconf 77' lang='lat' dir='ltr'>luisse</span> <span class='ocrx_word' id='word_1_176' title='bbox 445 2008 572 2070; x_wconf 61' lang='lat' dir='ltr'>refertum</span> <span class='ocrx_word' id='word_1_177' title='bbox 588 2025 636 2060; x_wconf 92' lang='lat' dir='ltr'>nec</span> <span class='ocrx_word' id='word_1_178' title='bbox 649 2025 725 2060; x_wconf 89' lang='lat' dir='ltr'>suum</span> <span class='ocrx_word' id='word_1_179' title='bbox 735 2009 786 2080; x_wconf 85' lang='lat' dir='ltr'>ipsi</span> <span class='ocrx_word' id='word_1_180' title='bbox 798 2006 904 2060; x_wconf 87' lang='lat' dir='ltr'>laudem</span> <span class='ocrx_word' id='word_1_181' title='bbox 916 2006 1030 2060; x_wconf 81' lang='lat' dir='ltr'>deti-abit</span> <span class='ocrx_word' id='word_1_182' title='bbox 1043 2009 1136 2076; x_wconf 83' lang='lat' dir='ltr'>Quint.</span> <span class='ocrx_word' id='word_1_183' title='bbox 1149 2007 1194 2060; x_wconf 85' lang='lat' dir='ltr'>lib.</span> <span class='ocrx_word' id='word_1_184' title='bbox 1205 2009 1245 2074; x_wconf 84' lang='lat' dir='ltr'>X,</span> <span class='ocrx_word' id='word_1_185' title='bbox 1258 2025 1307 2060; x_wconf 85' lang='lat' dir='ltr'>uec</span> <span class='ocrx_word' id='word_1_186' title='bbox 1319 2009 1411 2062; x_wconf 86' lang='lat' dir='ltr'>Cicer.</span> 
     </span>
     <span class='ocr_line' id='line_1_20' title="bbox 349 2087 1414 2156; baseline 0.002 -17"><span class='ocrx_word' id='word_1_187' title='bbox 349 2087 384 2140; x_wconf 85' lang='lat' dir='ltr'>de</span> <span class='ocrx_word' id='word_1_188' title='bbox 393 2090 467 2142; x_wconf 89' lang='lat' dir='ltr'>Orat.</span> <span class='ocrx_word' id='word_1_189' title='bbox 478 2088 544 2156; x_wconf 88' lang='lat' dir='ltr'>l.11‚</span> <span class='ocrx_word' id='word_1_190' title='bbox 555 2089 611 2142; x_wconf 85' lang='lat' dir='ltr'>Neo</span> <span class='ocrx_word' id='word_1_191' title='bbox 620 2087 738 2142; x_wconf 76' lang='lat' dir='ltr'>Velleius</span> <span class='ocrx_word' id='word_1_192' title='bbox 748 2087 766 2142; x_wconf 88' lang='lat' dir='ltr'>l.</span> <span class='ocrx_word' id='word_1_193' title='bbox 777 2092 810 2142; x_wconf 89' lang='grc' dir='ltr'>ΙΙ.</span> <span class='ocrx_word' id='word_1_194' title='bbox 823 2091 908 2142; x_wconf 85' lang='lat' dir='ltr'>Natus</span> <span class='ocrx_word' id='word_1_195' title='bbox 919 2103 976 2141; x_wconf 85' lang='lat' dir='ltr'>erat</span> <span class='ocrx_word' id='word_1_196' title='bbox 987 2087 1073 2141; x_wconf 85' lang='lat' dir='ltr'>nobili</span> <span class='ocrx_word' id='word_1_197' title='bbox 1086 2089 1161 2156; x_wconf 91' lang='lat' dir='ltr'>loco,</span> <span class='ocrx_word' id='word_1_198' title='bbox 1172 2107 1204 2141; x_wconf 85' lang='lat' dir='ltr'>ex</span> <span class='ocrx_word' id='word_1_199' title='bbox 1215 2091 1339 2140; x_wconf 79' lang='lat' dir='ltr'>Aurunca</span> <span class='ocrx_word' id='word_1_200' title='bbox 1351 2089 1414 2141; x_wconf 81' lang='lat' dir='ltr'>Au·</span> 
     </span>
     <span class='ocr_line' id='line_1_21' title="bbox 350 2167 1414 2241; baseline 0.002 -21"><span class='ocrx_word' id='word_1_201' title='bbox 350 2169 431 2220; x_wconf 83' lang='lat' dir='ltr'>soniae</span> <span class='ocrx_word' id='word_1_202' title='bbox 449 2169 530 2236; x_wconf 88' lang='lat' dir='ltr'>urbe,</span> <span class='ocrx_word' id='word_1_203' title='bbox 549 2187 620 2221; x_wconf 88' lang='lat' dir='ltr'>auno</span> <span class='ocrx_word' id='word_1_204' title='bbox 639 2187 695 2220; x_wconf 87' lang='lat' dir='ltr'>uno</span> <span class='ocrx_word' id='word_1_205' title='bbox 716 2181 859 2240; x_wconf 87' lang='lat' dir='ltr'>antequem</span> <span class='ocrx_word' id='word_1_206' title='bbox 877 2171 904 2220; x_wconf 91' lang='lat' dir='ltr'>iu</span> <span class='ocrx_word' id='word_1_207' title='bbox 923 2171 1105 2220; x_wconf 83' lang='lat' dir='ltr'>Romanorum</span> <span class='ocrx_word' id='word_1_208' title='bbox 1125 2181 1286 2241; x_wconf 83' lang='lat' dir='ltr'>potestatem</span> <span class='ocrx_word' id='word_1_209' title='bbox 1302 2167 1414 2222; x_wconf 83' lang='lat' dir='ltr'>veniret</span> 
     </span>
     <span class='ocr_line' id='line_1_22' title="bbox 350 2245 1412 2322; baseline 0 -22"><span class='ocrx_word' id='word_1_210' title='bbox 350 2246 492 2318; x_wconf 71' lang='lat' dir='ltr'>Carthago.</span> <span class='ocrx_word' id='word_1_211' title='bbox 503 2248 644 2321; x_wconf 88' lang='lat' dir='ltr'>Scripsisse</span> <span class='ocrx_word' id='word_1_212' title='bbox 654 2247 752 2300; x_wconf 87' lang='lat' dir='ltr'>dicitur</span> <span class='ocrx_word' id='word_1_213' title='bbox 762 2251 900 2300; x_wconf 89' lang='lat' dir='ltr'>satirarum</span> <span class='ocrx_word' id='word_1_214' title='bbox 912 2246 994 2302; x_wconf 89' lang='lat' dir='ltr'>libros</span> <span class='ocrx_word' id='word_1_215' title='bbox 1005 2245 1145 2319; x_wconf 78' lang='lat' dir='ltr'>plusquam</span> <span class='ocrx_word' id='word_1_216' title='bbox 1155 2250 1277 2322; x_wconf 70' lang='lat' dir='ltr'>triginta,</span> <span class='ocrx_word' id='word_1_217' title='bbox 1290 2267 1412 2321; x_wconf 90' lang='lat' dir='ltr'>quorum</span> 
     </span>
     <span class='ocr_line' id='line_1_23' title="bbox 350 2325 1413 2400; baseline 0.003 -24"><span class='ocrx_word' id='word_1_218' title='bbox 350 2329 470 2380; x_wconf 88' lang='lat' dir='ltr'>omnium</span> <span class='ocrx_word' id='word_1_219' title='bbox 483 2327 630 2399; x_wconf 73' lang='lat' dir='ltr'>fragmenta</span> <span class='ocrx_word' id='word_1_220' title='bbox 645 2340 748 2380; x_wconf 91' lang='lat' dir='ltr'>tantum</span> <span class='ocrx_word' id='word_1_221' title='bbox 768 2327 871 2400; x_wconf 81' lang='lat' dir='ltr'>aliquot</span> <span class='ocrx_word' id='word_1_222' title='bbox 890 2325 924 2380; x_wconf 89' lang='lat' dir='ltr'>ad</span> <span class='ocrx_word' id='word_1_223' title='bbox 942 2347 992 2380; x_wconf 89' lang='lat' dir='ltr'>nos</span> <span class='ocrx_word' id='word_1_224' title='bbox 1008 2340 1196 2400; x_wconf 85' lang='lat' dir='ltr'>pervenerunt.</span> <span class='ocrx_word' id='word_1_225' title='bbox 1214 2357 1251 2369; x_wconf 91' lang='grc'>-</span> <span class='ocrx_word' id='word_1_226' title='bbox 1265 2329 1372 2390; x_wconf 87' lang='lat' dir='ltr'>Secuit‚·</span> <span class='ocrx_word' id='word_1_227' title='bbox 1392 2347 1413 2385; x_wconf 78' lang='lat' dir='ltr'>a</span> 
     </span>
     <span class='ocr_line' id='line_1_24' title="bbox 350 2403 1412 2481; baseline 0.004 -25"><span class='ocrx_word' id='word_1_228' title='bbox 350 2403 460 2474; x_wconf 75' lang='lat' dir='ltr'>flagellis</span> <span class='ocrx_word' id='word_1_229' title='bbox 477 2406 651 2474; x_wconf 89' lang='lat' dir='ltr'>translatum,</span> <span class='ocrx_word' id='word_1_230' title='bbox 671 2407 769 2481; x_wconf 87' lang='lat' dir='ltr'>quihus</span> <span class='ocrx_word' id='word_1_231' title='bbox 784 2427 921 2460; x_wconf 87' lang='lat' dir='ltr'>servorum</span> <span class='ocrx_word' id='word_1_232' title='bbox 935 2426 1049 2479; x_wconf 89' lang='lat' dir='ltr'>corpora</span> <span class='ocrx_word' id='word_1_233' title='bbox 1064 2407 1248 2474; x_wconf 67' lang='lat' dir='ltr'>cedebantur,</span> <span class='ocrx_word' id='word_1_234' title='bbox 1265 2407 1300 2461; x_wconf 87' lang='lat' dir='ltr'>ad</span> <span class='ocrx_word' id='word_1_235' title='bbox 1312 2405 1412 2462; x_wconf 86' lang='lat' dir='ltr'>Lucilii</span> 
     </span>
    </p>
   </div>
   <div class='ocr_carea' id='block_1_6' title="bbox 350 2485 1267 2843">
    <p class='ocr_par' dir='ltr' id='par_1_6' title="bbox 350 2485 1267 2843">
     <span class='ocr_line' id='line_1_25' title="bbox 350 2485 1267 2559; baseline 0 -23"><span class='ocrx_word' id='word_1_236' title='bbox 350 2485 471 2554; x_wconf 85' lang='lat' dir='ltr'>satiram,</span> <span class='ocrx_word' id='word_1_237' title='bbox 487 2505 544 2559; x_wconf 82' lang='lat' dir='ltr'>quae</span> <span class='ocrx_word' id='word_1_238' title='bbox 557 2485 671 2540; x_wconf 73' lang='lat' dir='ltr'>ludebat</span> <span class='ocrx_word' id='word_1_239' title='bbox 682 2485 821 2538; x_wconf 83' lang='lat' dir='ltr'>hominum</span> <span class='ocrx_word' id='word_1_240' title='bbox 834 2487 944 2538; x_wconf 89' lang='lat' dir='ltr'>animos.</span> <span class='ocrx_word' id='word_1_241' title='bbox 959 2487 1051 2539; x_wconf 89' lang='lat' dir='ltr'>Horat.</span> <span class='ocrx_word' id='word_1_242' title='bbox 1063 2485 1149 2558; x_wconf 87' lang='lat' dir='ltr'>Epod.</span> <span class='ocrx_word' id='word_1_243' title='bbox 1164 2486 1209 2554; x_wconf 86' lang='lat' dir='ltr'>IV,</span> <span class='ocrx_word' id='word_1_244' title='bbox 1223 2503 1267 2538; x_wconf 88' lang='lat' dir='ltr'>rr:</span> 
     </span>
     <span class='ocr_line' id='line_1_26' title="bbox 381 2571 1020 2645; baseline -0.002 -26"><span class='ocrx_word' id='word_1_245' title='bbox 381 2634 385 2645; x_wconf 36' lang='grc' dir='ltr'>Ι</span> <span class='ocrx_word' id='word_1_246' title='bbox 609 2571 1020 2633; x_wconf 69' lang='lat' dir='ltr'>SectustluqellishicTriuturiralibus.</span> 
     </span>
     <span class='ocr_line' id='line_1_27' title="bbox 350 2647 1043 2762; baseline 0 -62"><span class='ocrx_word' id='word_1_247' title='bbox 350 2647 423 2702; x_wconf 85' lang='lat' dir='ltr'>ldem</span> <span class='ocrx_word' id='word_1_248' title='bbox 434 2647 487 2702; x_wconf 86' lang='lat' dir='ltr'>Sat.</span> <span class='ocrx_word' id='word_1_249' title='bbox 502 2650 527 2716; x_wconf 93' lang='lat' dir='ltr'>l,</span> <span class='ocrx_word' id='word_1_250' title='bbox 541 2667 586 2716; x_wconf 84' lang='lat' dir='ltr'>to,</span> <span class='ocrx_word' id='word_1_251' title='bbox 601 2652 632 2718; x_wconf 77' lang='grc'>14</span> <span class='ocrx_word' id='word_1_252' title='bbox 644 2669 718 2722; x_wconf 85' lang='lat' dir='ltr'>sqq:</span> <span class='ocrx_word' id='word_1_253' title='bbox 864 2719 925 2762; x_wconf 58' lang='lat' dir='ltr'>mc</span> <span class='ocrx_word' id='word_1_254' title='bbox 942 2717 1043 2762; x_wconf 50' lang='lat' dir='ltr'>&#39;umeri</span> 
     </span>
     <span class='ocr_line' id='line_1_28' title="bbox 552 2734 1102 2843; baseline -0.004 -13"><span class='ocrx_word' id='word_1_255' title='bbox 552 2785 752 2830; x_wconf 71' lang='lat' dir='ltr'>Fortimrtmelius</span> <span class='ocrx_word' id='word_1_256' title='bbox 760 2734 1102 2843; x_wconf 60' lang='lat' dir='ltr'>magnii&#39;pterarlqamsarm.</span> 
     </span>
    </p>
   </div>
   <div class='ocr_carea' id='block_1_7' title="bbox 350 2861 1367 2928">
    <p class='ocr_par' dir='ltr' id='par_1_7' title="bbox 350 2861 1367 2928">
     <span class='ocr_line' id='line_1_29' title="bbox 350 2861 1367 2928; baseline -0.003 -14"><span class='ocrx_word' id='word_1_257' title='bbox 350 2892 385 2903; x_wconf 93' lang='lat'>-</span> <span class='ocrx_word' id='word_1_258' title='bbox 399 2861 506 2928; x_wconf 83' lang='lat' dir='ltr'>Urbem,</span> <span class='ocrx_word' id='word_1_259' title='bbox 518 2863 588 2914; x_wconf 77' lang='lat' dir='ltr'>cives</span> <span class='ocrx_word' id='word_1_260' title='bbox 599 2861 750 2928; x_wconf 82' lang='lat' dir='ltr'>Romanos,</span> <span class='ocrx_word' id='word_1_261' title='bbox 763 2863 881 2913; x_wconf 88' lang='lat' dir='ltr'>omnium</span> <span class='ocrx_word' id='word_1_262' title='bbox 893 2861 989 2913; x_wconf 80' lang='lat' dir='ltr'>civium</span> <span class='ocrx_word' id='word_1_263' title='bbox 1001 2879 1098 2915; x_wconf 81' lang='lat' dir='ltr'>mores.</span> <span class='ocrx_word' id='word_1_264' title='bbox 1111 2863 1202 2915; x_wconf 91' lang='lat' dir='ltr'>Horat.</span> <span class='ocrx_word' id='word_1_265' title='bbox 1216 2863 1270 2915; x_wconf 74' lang='lat' dir='ltr'>Sat.</span> <span class='ocrx_word' id='word_1_266' title='bbox 1283 2865 1308 2928; x_wconf 89' lang='lat' dir='ltr'>l,</span> <span class='ocrx_word' id='word_1_267' title='bbox 1322 2879 1367 2913; x_wconf 88' lang='lat' dir='ltr'>to:</span> 
     </span>
    </p>
   </div>
   <div class='ocr_carea' id='block_1_8' title="bbox 553 2949 1043 3054">
    <p class='ocr_par' dir='ltr' id='par_1_8' title="bbox 553 2949 1043 3054">
     <span class='ocr_line' id='line_1_30' title="bbox 872 2949 1043 2996; baseline -0.006 0"><span class='ocrx_word' id='word_1_268' title='bbox 872 2951 964 2996; x_wconf 60' lang='lat' dir='ltr'>...male</span> <span class='ocrx_word' id='word_1_269' title='bbox 972 2949 1043 2996; x_wconf 86' lang='lat' dir='ltr'>multo</span> 
     </span>
     <span class='ocr_line' id='line_1_31' title="bbox 553 3005 797 3054; baseline 0.004 -2"><span class='ocrx_word' id='word_1_270' title='bbox 553 3005 797 3054; x_wconf 76' lang='lat' dir='ltr'>Urbsmdeln&#39;cuit.....</span> 
     </span>
    </p>
   </div>
   <div class='ocr_carea' id='block_1_9' title="bbox 351 3083 1120 3232">
    <p class='ocr_par' dir='ltr' id='par_1_9' title="bbox 351 3083 1120 3232">
     <span class='ocr_line' id='line_1_32' title="bbox 351 3083 567 3160; baseline -0.014 -20"><span class='ocrx_word' id='word_1_271' title='bbox 351 3105 382 3140; x_wconf 89' lang='lat' dir='ltr'>ac</span> <span class='ocrx_word' id='word_1_272' title='bbox 395 3083 477 3160; x_wconf 84' lang='lat' dir='ltr'>paulo</span> <span class='ocrx_word' id='word_1_273' title='bbox 490 3099 567 3158; x_wconf 86' lang='lat' dir='ltr'>post:</span> 
     </span>
     <span class='ocr_line' id='line_1_33' title="bbox 553 3173 1120 3232; baseline 0 -14"><span class='ocrx_word' id='word_1_274' title='bbox 553 3175 661 3220; x_wconf 83' lang='lat' dir='ltr'>Primores</span> <span class='ocrx_word' id='word_1_275' title='bbox 668 3173 745 3232; x_wconf 84' lang='lat' dir='ltr'>populi</span> <span class='ocrx_word' id='word_1_276' title='bbox 753 3173 845 3232; x_wconf 85' lang='lat' dir='ltr'>arripuit</span> <span class='ocrx_word' id='word_1_277' title='bbox 852 3174 1004 3232; x_wconf 84' lang='lat' dir='ltr'>populumque</span> <span class='ocrx_word' id='word_1_278' title='bbox 1012 3173 1120 3218; x_wconf 84' lang='lat' dir='ltr'>tributim.</span> 
     </span>
    </p>
   </div>
   <div class='ocr_carea' id='block_1_10' title="bbox 350 3267 1410 3500">
    <p class='ocr_par' dir='ltr' id='par_1_10' title="bbox 350 3267 1410 3500">
     <span class='ocr_line' id='line_1_34' title="bbox 386 3267 1410 3342; baseline -0.002 -20"><span class='ocrx_word' id='word_1_279' title='bbox 386 3271 454 3322; x_wconf 75' lang='lat' dir='ltr'>Nor.</span> <span class='ocrx_word' id='word_1_280' title='bbox 477 3269 534 3322; x_wconf 88' lang='grc'><strong>115.</strong></span> <span class='ocrx_word' id='word_1_281' title='bbox 553 3270 605 3336; x_wconf 86' lang='lat' dir='ltr'>Te,</span> <span class='ocrx_word' id='word_1_282' title='bbox 623 3269 711 3342; x_wconf 83' lang='lat' dir='ltr'>Lupe,·</span> <span class='ocrx_word' id='word_1_283' title='bbox 731 3279 772 3335; x_wconf 83' lang='lat' dir='ltr'>te,</span> <span class='ocrx_word' id='word_1_284' title='bbox 790 3269 876 3331; x_wconf 76' lang='lat' dir='ltr'>Muti5</span> <span class='ocrx_word' id='word_1_285' title='bbox 894 3280 920 3320; x_wconf 86' lang='lat' dir='ltr'>et</span> <span class='ocrx_word' id='word_1_286' title='bbox 936 3267 1080 3341; x_wconf 71' lang='lat' dir='ltr'>qenuiuum</span> <span class='ocrx_word' id='word_1_287' title='bbox 1094 3267 1179 3340; x_wconf 73' lang='lat' dir='ltr'>sreqit</span> <span class='ocrx_word' id='word_1_288' title='bbox 1196 3271 1224 3320; x_wconf 82' lang='lat' dir='ltr'>iu</span> <span class='ocrx_word' id='word_1_289' title='bbox 1244 3267 1305 3320; x_wconf 84' lang='lat' dir='ltr'>illis.</span> <span class='ocrx_word' id='word_1_290' title='bbox 1318 3297 1354 3308; x_wconf 92' lang='lat'>—</span> <span class='ocrx_word' id='word_1_291' title='bbox 1367 3269 1410 3320; x_wconf 88' lang='lat' dir='ltr'>Te</span> 
     </span>
     <span class='ocr_line' id='line_1_35' title="bbox 351 3345 1408 3418; baseline 0 -18"><span class='ocrx_word' id='word_1_292' title='bbox 351 3347 466 3400; x_wconf 89' lang='lat' dir='ltr'>subaudi</span> <span class='ocrx_word' id='word_1_293' title='bbox 479 3349 566 3401; x_wconf 84' lang='lat' dir='ltr'>secuit.</span> <span class='ocrx_word' id='word_1_294' title='bbox 578 3377 615 3388; x_wconf 90' lang='lat'>—</span> <span class='ocrx_word' id='word_1_295' title='bbox 625 3349 787 3400; x_wconf 83' lang='lat' dir='ltr'>Nominatim</span> <span class='ocrx_word' id='word_1_296' title='bbox 801 3349 878 3400; x_wconf 87' lang='lat' dir='ltr'>etiarn</span> <span class='ocrx_word' id='word_1_297' title='bbox 894 3365 1003 3418; x_wconf 84' lang='lat' dir='ltr'>carpere</span> <span class='ocrx_word' id='word_1_298' title='bbox 1018 3365 1099 3398; x_wconf 87' lang='lat' dir='ltr'>ausus</span> <span class='ocrx_word' id='word_1_299' title='bbox 1113 3360 1153 3400; x_wconf 86' lang='lat' dir='ltr'>est</span> <span class='ocrx_word' id='word_1_300' title='bbox 1167 3345 1286 3400; x_wconf 90' lang='lat' dir='ltr'>Lucilius</span> <span class='ocrx_word' id='word_1_301' title='bbox 1298 3346 1408 3400; x_wconf 86' lang='lat' dir='ltr'>nobiles</span> 
     </span>
     <span class='ocr_line' id='line_1_36' title="bbox 350 3425 1409 3500; baseline -0.003 -19"><span class='ocrx_word' id='word_1_302' title='bbox 350 3431 420 3482; x_wconf 90' lang='lat' dir='ltr'>iuter</span> <span class='ocrx_word' id='word_1_303' title='bbox 436 3428 501 3482; x_wconf 84' lang='lat' dir='ltr'>alios</span> <span class='ocrx_word' id='word_1_304' title='bbox 519 3430 590 3482; x_wconf 85' lang='lat' dir='ltr'>viros</span> <span class='ocrx_word' id='word_1_305' title='bbox 603 3427 679 3480; x_wconf 88' lang='lat' dir='ltr'>Publ.</span> <span class='ocrx_word' id='word_1_306' title='bbox 694 3427 822 3482; x_wconf 85' lang='lat' dir='ltr'>Rutilium</span> <span class='ocrx_word' id='word_1_307' title='bbox 841 3425 947 3500; x_wconf 85' lang='lat' dir='ltr'>Lupum</span> <span class='ocrx_word' id='word_1_308' title='bbox 961 3425 1115 3494; x_wconf 87' lang='lat' dir='ltr'>consulem,</span> <span class='ocrx_word' id='word_1_309' title='bbox 1135 3440 1161 3478; x_wconf 86' lang='lat' dir='ltr'>et</span> <span class='ocrx_word' id='word_1_310' title='bbox 1178 3429 1266 3479; x_wconf 84' lang='lat' dir='ltr'>Titum</span> <span class='ocrx_word' id='word_1_311' title='bbox 1284 3429 1409 3480; x_wconf 82' lang='lat' dir='ltr'>Mutium</span> 
     </span>
    </p>
   </div>
   <div class='ocr_carea' id='block_1_11' title="bbox 350 3507 1409 3662">
    <p class='ocr_par' dir='ltr' id='par_1_11' title="bbox 350 3507 1409 3662">
     <span class='ocr_line' id='line_1_37' title="bbox 350 3507 1409 3582; baseline 0 -20"><span class='ocrx_word' id='word_1_312' title='bbox 350 3509 502 3576; x_wconf 83' lang='lat' dir='ltr'>Albutium,</span> <span class='ocrx_word' id='word_1_313' title='bbox 514 3507 589 3564; x_wconf 75' lang='lat' dir='ltr'>valde</span> <span class='ocrx_word' id='word_1_314' title='bbox 604 3523 741 3582; x_wconf 76' lang='lat' dir='ltr'>potentem</span> <span class='ocrx_word' id='word_1_315' title='bbox 755 3512 854 3574; x_wconf 85' lang='lat' dir='ltr'>virum;</span> <span class='ocrx_word' id='word_1_316' title='bbox 871 3523 950 3581; x_wconf 88' lang='lat' dir='ltr'>atque</span> <span class='ocrx_word' id='word_1_317' title='bbox 964 3507 1005 3562; x_wconf 88' lang='lat' dir='ltr'>his</span> <span class='ocrx_word' id='word_1_318' title='bbox 1019 3510 1117 3580; x_wconf 88' lang='lat' dir='ltr'>carpsit</span> <span class='ocrx_word' id='word_1_319' title='bbox 1129 3508 1263 3574; x_wconf 88' lang='lat' dir='ltr'>versibus,</span> <span class='ocrx_word' id='word_1_320' title='bbox 1277 3527 1347 3579; x_wconf 88' lang='lat' dir='ltr'>quos</span> <span class='ocrx_word' id='word_1_321' title='bbox 1362 3526 1409 3562; x_wconf 76' lang='lat' dir='ltr'>re-</span> 
     </span>
     <span class='ocr_line' id='line_1_38' title="bbox 350 3589 922 3662; baseline 0 -20"><span class='ocrx_word' id='word_1_322' title='bbox 350 3590 402 3644; x_wconf 84' lang='lat' dir='ltr'>fert</span> <span class='ocrx_word' id='word_1_323' title='bbox 413 3591 515 3646; x_wconf 81' lang='lat' dir='ltr'>&#39;l&#39;ullius</span> <span class='ocrx_word' id='word_1_324' title='bbox 528 3591 573 3644; x_wconf 85' lang='lat' dir='ltr'>lib.</span> <span class='ocrx_word' id='word_1_325' title='bbox 585 3589 640 3644; x_wconf 90' lang='lat' dir='ltr'>lde</span> <span class='ocrx_word' id='word_1_326' title='bbox 653 3591 764 3660; x_wconf 85' lang='lat' dir='ltr'>finibus,</span> <span class='ocrx_word' id='word_1_327' title='bbox 776 3592 922 3662; x_wconf 80' lang='lat' dir='ltr'>prooemio:</span> 
     </span>
    </p>
   </div>
   <div class='ocr_carea' id='block_1_12' title="bbox 551 3681 1238 4152">
    <p class='ocr_par' dir='ltr' id='par_1_12' title="bbox 553 3681 1183 3811">
     <span class='ocr_line' id='line_1_39' title="bbox 553 3681 1183 3740; baseline -0.008 -12"><span class='ocrx_word' id='word_1_328' title='bbox 553 3687 652 3728; x_wconf 75' lang='lat' dir='ltr'>ererum</span> <span class='ocrx_word' id='word_1_329' title='bbox 660 3694 692 3738; x_wconf 77' lang='lat' dir='ltr'>te,</span> <span class='ocrx_word' id='word_1_330' title='bbox 699 3684 789 3733; x_wconf 82' lang='lat' dir='ltr'>Albuti,</span> <span class='ocrx_word' id='word_1_331' title='bbox 797 3697 865 3740; x_wconf 85' lang='lat' dir='ltr'>quam</span> <span class='ocrx_word' id='word_1_332' title='bbox 872 3683 997 3724; x_wconf 79' lang='lat' dir='ltr'>Romanum</span> <span class='ocrx_word' id='word_1_333' title='bbox 1005 3691 1070 3738; x_wconf 86' lang='lat' dir='ltr'>atque</span> <span class='ocrx_word' id='word_1_334' title='bbox 1078 3681 1183 3734; x_wconf 76' lang='lat' dir='ltr'>Sabinum</span> 
     </span>
     <span class='ocr_line' id='line_1_40' title="bbox 554 3749 1062 3811; baseline -0.01 -16"><span class='ocrx_word' id='word_1_335' title='bbox 554 3753 686 3811; x_wconf 79' lang='lat' dir='ltr'>Municipem</span> <span class='ocrx_word' id='word_1_336' title='bbox 695 3752 768 3804; x_wconf 78' lang='lat' dir='ltr'>Ponti,</span> <span class='ocrx_word' id='word_1_337' title='bbox 776 3749 875 3795; x_wconf 87' lang='lat' dir='ltr'>Tritauni</span> <span class='ocrx_word' id='word_1_338' title='bbox 882 3783 887 3802; x_wconf 84' lang='lat'><strong><em>‚</em></strong></span> <span class='ocrx_word' id='word_1_339' title='bbox 895 3749 1062 3800; x_wconf 79' lang='lat' dir='ltr'>centurionum,</span> 
     </span>
    </p>

    <p class='ocr_par' dir='ltr' id='par_1_13' title="bbox 552 3809 1202 3944">
     <span class='ocr_line' id='line_1_41' title="bbox 552 3809 1202 3871; baseline -0.008 -10"><span class='ocrx_word' id='word_1_340' title='bbox 552 3817 706 3863; x_wconf 78' lang='lat' dir='ltr'>Preciarorum</span> <span class='ocrx_word' id='word_1_341' title='bbox 714 3818 831 3860; x_wconf 90' lang='lat' dir='ltr'>homiuum</span> <span class='ocrx_word' id='word_1_342' title='bbox 838 3849 844 3868; x_wconf 80' lang='grc'>,</span> <span class='ocrx_word' id='word_1_343' title='bbox 851 3825 876 3858; x_wconf 89' lang='lat' dir='ltr'>ac</span> <span class='ocrx_word' id='word_1_344' title='bbox 885 3813 1008 3870; x_wconf 85' lang='lat' dir='ltr'>primorum</span> <span class='ocrx_word' id='word_1_345' title='bbox 1015 3848 1020 3866; x_wconf 86' lang='grc'>,</span> <span class='ocrx_word' id='word_1_346' title='bbox 1028 3809 1202 3871; x_wconf 70' lang='lat' dir='ltr'>siqnllerumquc</span> 
     </span>
     <span class='ocr_line' id='line_1_42' title="bbox 553 3881 1038 3944; baseline -0.014 -13"><span class='ocrx_word' id='word_1_347' title='bbox 553 3885 649 3930; x_wconf 81' lang='lat' dir='ltr'>Haloisti</span> <span class='ocrx_word' id='word_1_348' title='bbox 657 3885 707 3930; x_wconf 84' lang='lat' dir='ltr'>dici.</span> <span class='ocrx_word' id='word_1_349' title='bbox 716 3887 786 3929; x_wconf 74' lang='lat' dir='ltr'>Graec</span> <span class='ocrx_word' id='word_1_350' title='bbox 794 3897 845 3940; x_wconf 70' lang='lat' dir='ltr'>ergo</span> <span class='ocrx_word' id='word_1_351' title='bbox 853 3881 1038 3944; x_wconf 58' lang='lat' dir='ltr'>praetorkthenis,</span> 
     </span>
    </p>

    <p class='ocr_par' dir='ltr' id='par_1_14' title="bbox 551 3946 1238 4152">
     <span class='ocr_line' id='line_1_43' title="bbox 551 3946 1146 4010; baseline -0.008 -15"><span class='ocrx_word' id='word_1_352' title='bbox 551 3951 574 3995; x_wconf 78' lang='lat' dir='ltr'>tt</span> <span class='ocrx_word' id='word_1_353' title='bbox 583 3953 643 4010; x_wconf 85' lang='lat' dir='ltr'>qood</span> <span class='ocrx_word' id='word_1_354' title='bbox 652 3951 760 4002; x_wconf 79' lang='lat' dir='ltr'>maluisti.</span> <span class='ocrx_word' id='word_1_355' title='bbox 769 3961 878 4006; x_wconf 59' lang='lat' dir='ltr'>mquam</span> <span class='ocrx_word' id='word_1_356' title='bbox 886 3947 915 3990; x_wconf 86' lang='lat' dir='ltr'>ad</span> <span class='ocrx_word' id='word_1_357' title='bbox 923 3946 1146 4000; x_wconf 79' lang='lat' dir='ltr'>meacoedr&#39;,saluto=</span> 
     </span>
     <span class='ocr_line' id='line_1_44' title="bbox 554 4015 1238 4084; baseline -0.01 -17"><span class='ocrx_word' id='word_1_358' title='bbox 554 4015 639 4084; x_wconf 65' lang='grc' dir='ltr'>χοῖρε,</span> <span class='ocrx_word' id='word_1_359' title='bbox 647 4022 749 4078; x_wconf 85' lang='lat' dir='ltr'>inquam.</span> <span class='ocrx_word' id='word_1_360' title='bbox 757 4021 815 4064; x_wconf 86' lang='lat' dir='ltr'>Tite!</span> <span class='ocrx_word' id='word_1_361' title='bbox 827 4019 932 4070; x_wconf 80' lang='lat' dir='ltr'>Lictoras,</span> <span class='ocrx_word' id='word_1_362' title='bbox 941 4028 1013 4062; x_wconf 87' lang='lat' dir='ltr'>turma</span> <span class='ocrx_word' id='word_1_363' title='bbox 1021 4017 1099 4066; x_wconf 83' lang='lat' dir='ltr'>omni&#39;,</span> <span class='ocrx_word' id='word_1_364' title='bbox 1107 4017 1238 4072; x_wconf 79' lang='lat' dir='ltr'>cohorsque.</span> 
     </span>
     <span class='ocr_line' id='line_1_45' title="bbox 556 4085 1178 4152; baseline -0.01 -18"><span class='ocrx_word' id='word_1_365' title='bbox 556 4085 626 4152; x_wconf 72' lang='grc' dir='ltr'>χοῖμ</span> <span class='ocrx_word' id='word_1_366' title='bbox 633 4124 640 4144; x_wconf 88' lang='lat'>,</span> <span class='ocrx_word' id='word_1_367' title='bbox 648 4092 706 4136; x_wconf 86' lang='lat' dir='ltr'>Tite!</span> <span class='ocrx_word' id='word_1_368' title='bbox 715 4089 766 4132; x_wconf 87' lang='lat' dir='ltr'>hinc</span> <span class='ocrx_word' id='word_1_369' title='bbox 773 4087 841 4132; x_wconf 87' lang='lat' dir='ltr'>hostis</span> <span class='ocrx_word' id='word_1_370' title='bbox 849 4085 879 4129; x_wconf 93' lang='lat' dir='ltr'>mi</span> <span class='ocrx_word' id='word_1_371' title='bbox 886 4088 989 4131; x_wconf 82' lang='lat' dir='ltr'>Albutius</span> <span class='ocrx_word' id='word_1_372' title='bbox 996 4119 1002 4136; x_wconf 94' lang='lat'>,</span> <span class='ocrx_word' id='word_1_373' title='bbox 1010 4087 1060 4130; x_wconf 87' lang='lat' dir='ltr'>hinc</span> <span class='ocrx_word' id='word_1_374' title='bbox 1070 4086 1178 4129; x_wconf 88' lang='lat' dir='ltr'>inimicus.</span> 
     </span>
    </p>
   </div>
   <div class='ocr_carea' id='block_1_13' title="bbox 351 4169 1108 4291">
    <p class='ocr_par' dir='ltr' id='par_1_15' title="bbox 351 4169 1108 4291">
     <span class='ocr_line' id='line_1_46' title="bbox 351 4169 566 4242; baseline -0.009 -21"><span class='ocrx_word' id='word_1_375' title='bbox 351 4170 382 4221; x_wconf 89' lang='lat' dir='ltr'>Et</span> <span class='ocrx_word' id='word_1_376' title='bbox 393 4169 474 4240; x_wconf 85' lang='lat' dir='ltr'>paulo</span> <span class='ocrx_word' id='word_1_377' title='bbox 487 4183 549 4242; x_wconf 91' lang='lat' dir='ltr'>post</span> <span class='ocrx_word' id='word_1_378' title='bbox 561 4193 566 4219; x_wconf 80' lang='lat' dir='ltr'>z</span> 
     </span>
     <span class='ocr_line' id='line_1_47' title="bbox 743 4235 1108 4291; baseline -0.011 -11"><span class='ocrx_word' id='word_1_379' title='bbox 743 4272 760 4281; x_wconf 92' lang='lat'>..</span> <span class='ocrx_word' id='word_1_380' title='bbox 769 4235 888 4290; x_wconf 75' lang='lat' dir='ltr'>,Tubulus,</span> <span class='ocrx_word' id='word_1_381' title='bbox 896 4237 914 4280; x_wconf 89' lang='lat' dir='ltr'>si</span> <span class='ocrx_word' id='word_1_382' title='bbox 921 4237 999 4280; x_wconf 83' lang='lat' dir='ltr'>Lucius</span> <span class='ocrx_word' id='word_1_383' title='bbox 1008 4237 1108 4291; x_wconf 78' lang='lat' dir='ltr'>inquam.</span> 
     </span>
    </p>
   </div>
   <div class='ocr_carea' id='block_1_14' title="bbox 0 0 1518 4944">
    <p class='ocr_par' dir='ltr' id='par_1_16' title="bbox 0 0 1518 4944">
     <span class='ocr_line' id='line_1_48' title="bbox 0 0 1518 4944; baseline 0 0"><span class='ocrx_word' id='word_1_384' title='bbox 0 0 1518 4944; x_wconf 95' lang='lat' dir='ltr'> </span> 
     </span>
    </p>
   </div>
  </div>
 </body>
</html>
