3038 4932
237 707 266 758 ,.
330 586 546 737 CAII
582 585 968 736 LUCILII

158 879 544 1036 sirmiensi
574 879 725 998 Qum
756 882 1141 982 supersum

409 1099 890 1240 FRAGMENTA.

537 1391 758 1412 ..ι-*-

371 1559 447 1634 EX
474 1558 715 1636 INCERTO
741 1560 928 1638 LIBRO.¹
982 1675 985 1680 ,

638 1765 663 1825 I.

130 1866 274 1976 Vrnrus
281 1924 306 1991 ²,
320 1905 466 1994 Albine³‚
480 1924 530 1976 est
541 1912 688 2002 pretium
698 1909 889 2001 persolvere
901 1919 1034 1994 verum,
1070 1922 1072 1926 '

5 2015 6 2018 '
120 2019 229 2104 'Queis
240 2021 277 2086 in
288 2043 481 2101 versamur,
494 2022 589 2114 queis
601 2017 734 2086 vi'vimu'
746 2017 851 2102 robu',
863 2035 996 2114 potesse
1009 2049 1016 2089 :

127 2132 242 2196 Virtus
254 2145 306 2196 est
315 2127 458 2212 homini,
472 2133 556 2197 scire
568 2127 618 2210 id,
632 2127 724 2223 quod
736 2154 879 2224 quaeque
890 2129 1011 2198 habeat
1024 2156 1087 2200 res.

126 2243 257 2322 Virtus,
271 2241 355 2307 scire
365 2238 496 2320 ¹homini
508 2255 653 2320 rectum,
668 2237 764 2320 utile,
778 2238 860 2334 quid
872 2243 916 2307 sit
927 2229 1124 2324 honestum3

126 2354 210 2437 Quae
218 2349 1202 2448 bonu,quaemalaitem,quidinutile,turpe,inhonestum:

126 2465 259 2544 Virtus,
272 2463 463 2558 quaerendae
474 2465 523 2530 rei
534 2463 637 2530 finem
649 2464 732 2529 scire
744 2461 966 2556 modumque:

127 2574 256 2656 Virtus,
269 2572 391 2640 divitiis
402 2576 549 2666 pretium
560 2570 753 2664 persolvere
764 2595 864 2664 posse
877 2598 884 2636 :

126 2684 256 2765 Virtus,
269 2681 304 2750 id
316 2679 396 2750 dare
406 2735 415 2764 ,
427 2683 519 2777 quod
531 2707 567 2750 re
578 2683 652 2776 ipsa
663 2679 802 2748 debetur
813 2680 950 2748 honori:

127 2791 820 2886 Hostemesseatqueinimicumhominum
829 2795 1216 2886 morumquemalorum,

164 3013 186 3048 1.
202 2997 231 3046 ln
246 2996 403 3068 prefatione
418 3014 463 3048 sun
474 2995 565 3048 Dousa
580 2997 627 3046 ed·
670 2995 836 3065 ingeniorum
853 2995 955 3066 seriptis
973 2999 1077 3066 penitus
1096 3017 1171 3053 excu-

125 3086 218 3126 notat:
234 3099 246 3122 ι
256 3077 292 3128 Es
304 3094 363 3147 quae
377 3093 408 3128 ex
420 3077 525 3127 incertis
536 3075 628 3126 satira-
671 3087 746 3127 teret.
760 3099 771 3123 n

127 3151 268 3206 rumlibris
278 3154 475 3220 adferebantur,
485 3153 578 3206 ordine
586 3173 628 3206 ve·
708 3171 731 3204 2.
754 3154 939 3224 Fragmentum
959 3153 1041 3224 illud,
1065 3172 1093 3210 ut
1113 3164 1169 3229 J'am

126 3229 292 3298 latiorem,
303 3245 328 3284 et
337 3234 411 3304 quasi
420 3234 627 3301 ὕστερονπρότερον
671 3232 783 3285 diximus
797 3247 890 3304 supra,
908 3236 1056 3304 excerpitur
1070 3255 1084 3288 e
1102 3239 1169 3289 Lao-

124 3312 214 3383 primo
237 3309 296 3364 loco
317 3315 472 3384 posuimus,
496 3311 627 3384 probabili
671 3312 773 3375 tentio,
793 3309 942 3362 divinarum
960 3315 1169 3383 Institutionum,

124 3407 189 3442 sene
205 3405 359 3462 argumento
374 3411 405 3443 eo
416 3390 537 3457 adducti,
554 3390 626 3462 quod
670 3387 715 3440 lib.
729 3391 781 3454 VI,
795 3399 854 3456 cap.
869 3391 893 3442 5,
910 3390 950 3441 lbi
960 3392 1017 3443 fuse
1027 3391 1169 3446 admodum

124 3463 331 3520 luculentissimo
340 3471 444 3522 virtutis
453 3468 570 3522 definitio
577 3479 626 3521 sts-
670 3465 811 3538 theologus
823 3469 943 3520 confutat
953 3483 1074 3540 poetam,
1084 3485 1169 3526 osten-

125 3548 171 3600 tim
187 3549 216 3598 in
236 3549 326 3602 oeulos
347 3547 488 3620 legentium
504 3551 625 3601 incurre-
671 3546 762 3620 (litque
773 3565 851 3618 quum
859 3565 954 3618 purum
962 3551 1046 3620 possit
1057 3570 1112 3604 esse
1122 3554 1170 3604 vir·

126 3641 178 3690 ret;
196 3627 277 3680 simul
296 3641 325 3681 ut
343 3647 374 3681 ex
390 3647 422 3680 eo
438 3643 625 3698 cognoscerent
672 3639 727 3692 tus,
740 3645 771 3678 es
782 3645 860 3698 quum
871 3629 907 3679 sic
916 3628 1032 3681 Lucilius
1040 3634 1168 3684 nominet.

127 3707 145 3755 ii
162 3707 258 3779 quibus
271 3709 359 3760 minus
370 3720 449 3760 notus
461 3709 541 3760 Poeta
555 3709 625 3760 Nos·
706 3705 732 3759 3.
740 3706 843 3759 Albine.
855 3707 1085 3762 AdPosthumiirm
1094 3711 1169 3764 Albi-

126 3793 181 3849 ποτ,
203 3786 297 3855 quanti
317 3803 378 3836 eum
397 3797 498 3837 veteres
513 3787 624 3837 testima-
669 3803 734 3837 num
748 3784 796 3838 hos
810 3805 900 3839 versus
908 3789 1019 3860 scriptos
1028 3796 1108 3860 puto,
1121 3791 1167 3862 qui

126 3864 222 3930 verint,
234 3881 313 3934 φιειπ
324 3863 475 3917 Lactantius
487 3861 624 3917 disertissi-
670 3863 764 3918 consul
784 3881 842 3916 oum
859 3867 888 3916 L.
910 3866 1053 3938 Calpurnio
1073 3869 1168 3919 Pisone

127 3960 184 3996 mus
197 3942 382 4016 theologorum
404 3945 512 4018 dignum
528 3943 625 3996 habue-
669 3945 768 4012 fueret,
782 3963 913 4016 quemque
928 3947 1057 3996 orationes
1072 3946 1168 3998 multas

128 4023 176 4088 rit,
189 4033 219 4075 ut
235 4026 292 4093 ejus
305 4025 470 4094 potissimum
485 4023 517 4076 de
530 4025 625 4075 virtute
670 4027 779 4098 scriptus
799 4025 935 4098 reliquisse
950 4039 1059 4078 testatur
1077 4027 1170 4078 Cicero
1280 4051 1285 4064 ·

127 4119 216 4156 versus
245 4122 277 4156 ex
302 4119 342 4156 tot
371 4105 625 4176 preclarissimomm
671 4105 1023 4159 intemeratumve.
