3176 4954
589 377 850 444 GENTONES.
1176 393 1241 474 435

194 506 345 573 Neminie
357 503 494 595 ingenio
505 525 711 596 quemquam
723 485 893 572 confidere
903 523 1045 598 oportet.

195 619 297 688 Sicuti
309 631 360 698 te,
374 637 476 710 quem
487 637 594 707 aequae
608 616 754 706 speciem
767 617 842 686 vitm
853 638 927 686 esse
937 635 1114 711 putamus,

194 731 351 822 Corporis
363 751 382 795 e
394 728 497 819 signis
510 729 624 794 animo
636 742 797 819 aegrotare
810 727 982 816 videmus,

194 843 265 908 Nec
275 862 375 932 posse
387 837 566 918 infamem,
578 852 780 932 turpemque
792 837 903 910 odisse
914 844 1083 936 popinam.

194 947 259 1020 Sed
268 965 381 1016 tamen
392 946 557 1016 hocdicas
567 972 574 1012 :
584 947 751 1034 Quidnam
765 963 831 1048 est,
841 952 871 1018 si
881 974 974 1020 nenu
984 954 1166 1028 molestum
1175 977 1242 1048 est,

194 1061 354 1146 Quamvis
370 1057 523 1126 desubito
534 1059 629 1126 trinis
640 1056 808 1126 deducere
819 1058 939 1128 scalis?

194 1168 282 1256 Quid
293 1184 332 1235 tu
343 1169 430 1236 istuc
441 1157 557 1249 curas,
570 1165 629 1234 ubi
642 1190 704 1261 ego
716 1166 847 1236 obliuar
859 1183 961 1264 atque
972 1171 1127 1244 voluter?

193 1281 293 1348 Serus
308 1301 416 1374 quum
429 1273 572 1344 emedio
584 1275 710 1360 lustro,
722 1275 964 1371 acbeuepotu'
976 1286 1107 1352 necasti.

687 1393 745 1455 IV.

193 1504 322 1593 Lippus
335 1497 469 1567 edunda
483 1498 553 1566 acri
563 1497 698 1567 assidue
711 1499 866 1592 caepariu'
876 1524 970 1594 caepu

194 1611 300 1680 Liviu'
312 1633 454 1703 pauper,
466 1611 526 1692 ait,
540 1633 576 1677 se
590 1611 740 1700 iugentia
751 1613 868 1678 munia
877 1611 988 1705 fungi,

193 1727 348 1790 Rausuro
360 1722 506 1812 tragicus
519 1722 578 1814 qui
589 1722 740 1786 carmina
750 1720 863 1812 perdit
873 1723 1001 1792 Oreste.

194 1839 368 1922 Quantum
379 1831 516 1900 haurire
529 1834 664 1900 animus
675 1837 854 1900 Musarum
865 1857 885 1902 e
895 1833 1037 1906 fontibu'
1049 1841 1157 1930 gestit.

191 1951 282 2014 Tum
292 1946 411 2038 paucis
421 1941 541 2028 malle,
556 1966 597 2011 ac
608 1942 814 2035 sapientibus
829 1967 903 2015 esse
913 1945 1111 2038 probatum,

191 2037 214 2116 ti
229 2064 310 2116 rainu
321 2057 439 2114 νεκύεσσι
449 2055 669 2132 καταφθιμένοισιν
682 2053 815 2113 dedente.

192 2157 253 2222 Cui
263 2177 375 2248 neque
383 2149 579 2246 jumentum
590 2166 643 2218 est
650 2201 660 2234 ,
668 2167 734 2218 nec
745 2175 881 2236 servus,
892 2176 956 2222 nec
967 2177 1081 2225 comes
1091 2157 1196 2245 nilus,

191 2265 390 2358 Buigam,et
400 2261 566 2360 quidquid
573 2261 912 2347 habetnummorum,
921 2287 1035 2336 secum
1045 2266 1148 2340 habet
1157 2275 1240 2368 ipse.

191 2381 276 2445 (nrm
290 2374 393 2468 hulpa
406 2387 532 2455 coenat,
544 2371 684 2454 dormit,
698 2368 803 2453 lavat,
816 2376 925 2441 omnis
935 2376 1053 2444 innna

191 2491 274 2582 Spes
285 2487 431 2555 hominis
443 2482 561 2576 hulpa,
574 2481 639 2550 hac
652 2481 809 2552 devincta
820 2499 872 2554 est
883 2500 1005 2555 caetera
1015 2489 1095 2557 vita.

191 2597 504 2668 Peniculamenmm
515 2617 597 2663 vero
609 2592 858 2687 reprehendere
868 2591 948 2664 noli.

190 2710 261 2777 Scia
271 2716 404 2780 ποιητικὸν
416 2727 508 2790 esse,
522 2701 618 2776 vides
631 2707 797 2787 tunicam,
812 2721 847 2776 et
856 2721 935 2802 toga
947 2706 1030 2802 quid
1041 2707 1094 2778 sit.

190 2817 286 2886 Adde
297 2818 470 2910 Syracusis
482 2809 570 2898 sola,
582 2812 910 2910 pasceolumque,et
919 2814 1057 2886 alutam.
1195 2827 1199 2844 '

189 2929 229 2997 ld
241 2926 352 2998 solum
362 2926 514 2995 advorsae
525 2931 698 3010 Fortuuae,
712 2929 830 3021 reique
839 2927 979 3010 resistit,

188 3039 287 3127 Quod
300 3063 362 3107 sua
372 3039 589 3106 committtmt
599 3034 733 3104 mortali
746 3033 893 3105 claustra
907 3039 1085 3108 Camoenae.

189 3155 317 3219 Caetera
328 3150 530 3232 contemnit,
543 3150 624 3216 etin
636 3171 739 3216 usura
753 3151 866 3216 omnia
876 3150 973 3242 pouit

190 3267 267 3330 Non
278 3285 413 3354 magna,
425 3262 601 3356 proprium
611 3281 693 3328 vero
704 3257 753 3326 nil
763 3261 937 3328 nemiuem
948 3257 1083 3330 habere.

690 3375 735 3438 V.

189 3491 317 3574 Quare,
329 3499 366 3552 ut
373 3481 522 3566 diximu',
531 3506 602 3550 nou
610 3479 727 3565 video,
737 3479 794 3549 hic
803 3480 886 3576 quid
894 3505 1099 3576 magnopere
1106 3502 1234 3578 optem:

188 3594 430 3666 Naumachiam
440 3595 519 3664 licet
529 3594 619 3678 haec,
630 3597 785 3690 inquam,
795 3591 1033 3690 alveolumque
1043 3613 1178 3690 putare,
1191 3617 1226 3667 et

188 3709 321 3794 Calces,
334 3709 481 3780 delectes
494 3725 543 3792 te,
555 3707 625 3780 hilo
636 3733 721 3779 num
732 3707 847 3778 rectiu'
859 3711 941 3778 vivit

188 3819 358 3905 Maximu’,
371 3824 401 3888 si
411 3822 541 3913 argenti
554 3838 767 3904 sexcentum,
779 3845 820 3889 ac
830 3819 921 3890 mille
932 3820 1101 3916 relinquat

189 3929 335 4000 lmberbi
345 3927 559 4024 androgyno,
570 3953 609 3998 ec
620 3929 759 4000 barbato
770 3928 1051 4024 maechociuaedpi

187 4045 239 4112 Sic
252 4042 445 4133 singiliatim
458 4058 612 4114 noenum
624 4046 858 4138 unusquisque
869 4061 1042 4116 movetur:

1041 4153 1093 4216 28.
