2986 4924
361 408 411 471 1u
436 406 910 512 slr1uAMQu1uruu.
1095 413 1160 480 223

105 539 177 593 uita.
187 565 226 578 ·-
235 535 391 589 emtam
406 535 495 601 uvas,
509 535 550 588 uti
569 534 643 588 velis.
652 563 690 574 -
699 536 824 607 dispicitur
843 553 901 608 quse
922 537 976 590 cito
994 543 1162 607 transcurrit,

106 637 220 690 quoquo
231 615 313 670 modo
327 616 421 668 utaris.
438 615 518 668 Uram
529 617 605 681 rite,
615 614 702 687 qualis
712 633 770 669 esse
782 613 895 685 debeat,
905 615 978 672 eolus
992 631 1032 672 est
1042 618 1162 691 philoso-

105 698 177 771 phus
193 700 239 770 qui
252 696 356 749 doceat.

141 828 212 880 Nor.
236 823 280 895 95.
298 823 454 878 Samdioearu
475 821 562 876 eitias'
576 821 666 875 caloni
686 822 816 896 aptaveris
835 822 901 878 alto.
921 851 958 866 -·
974 825 1087 880 Vireudi
1106 845 1163 881 esse

106 919 210 973 artem,
221 907 300 958 sicuti
316 903 428 956 sllsrum
440 921 546 964 rerum,
560 901 640 956 docet
652 902 742 955 multis
756 901 900 972 exemplis,
915 922 1029 976 quorum
1042 905 1094 960 hoc
1106 910 1163 979 psi·
1185 906 1213 965 Ο

106 1004 181 1038 mum
193 986 321 1056 petiture
335 983 447 1035 musice.
456 981 570 1035 Facilius
582 993 637 1047 est,
646 983 750 1054 inquit,
762 980 881 1048 efficere,
891 996 923 1035 ut
936 984 1064 1038 citharam
1075 986 1163 1058 pulset
1274 1021 1277 1033 s

106 1065 150 1117 vel
163 1063 240 1118 rudis
253 1081 346 1117 senus
359 1077 386 1116 et
397 1060 616 1115 accommodetur
626 1062 802 1115 instrumento
817 1061 859 1114 vel
869 1061 1072 1132 delicatissimo,
1084 1084 1163 1138 quum

106 1145 211 1211 faeere,
224 1156 256 1196 ut
266 1144 353 1194 Dema
364 1142 494 1192 rationem
506 1152 633 1214 sequsmr
643 1139 686 1192 vel
698 1141 726 1192 in
736 1141 896 1192 tenuissimis
911 1141 1005 1209 rebus,
1018 1155 1045 1195 et
1059 1145 1097 1198 uti
1108 1146 1162 1198 vitu

105 1225 202 1293 possit.
214 1218 395 1295 lnproverbio
409 1216 534 1272 ridentur
547 1237 579 1272 ee
596 1219 678 1272 fuisse
691 1217 763 1290 sputl
776 1220 886 1272 Latinos
898 1237 905 1270 t
918 1221 1005 1274 asinus
1014 1222 1051 1274 ad
1061 1221 1162 1295 lyram,-

105 1301 265 1355 Sambucmn
288 1297 386 1351 caloni.
405 1297 579 1360 Sombseaam5
601 1316 652 1352 tux
674 1310 714 1350 est
729 1299 846 1371 syriaca,
867 1299 954 1371 inquit
970 1299 1162 1364 Caecubouus;

105 1381 180 1434 Galli
194 1380 305 1452 harpam
317 1391 431 1442 vocsut;
442 1390 545 1430 certum
556 1389 595 1430 eet
605 1379 798 1432 vetustissimos
812 1378 927 1433 Orientis
939 1381 1054 1453 populos
1069 1401 1101 1435 eo
1117 1402 1163 1434 or-

105 1480 178 1532 gano
193 1480 251 1515 esse
264 1477 345 1523 usos;
357 1457 420 1510 iude
435 1460 540 1511 transiit
552 1457 588 1512 sd
603 1459 711 1510 Grecos
726 1471 753 1510 et
764 1476 824 1524 res,
841 1471 868 1512 et
880 1477 988 1512 nomeu.
1005 1459 1164 1528 sueinus,

105 1543 159 1609 IV,
176 1541 227 1607 23,
244 1541 291 1593 uhi
304 1539 360 1592 heo
372 1537 487 1592 Gtseub.
504 1537 543 1590 ul.
560 1539 637 1602 XIV,
651 1539 667 1591 8
687 1550 714 1589 et
731 1555 764 1607 93
780 1537 901 1590 Macrob.
918 1538 972 1592 Sat.
990 1539 1027 1604 11,
1043 1555 1083 1593 ιο.
1103 1542 1164 1592 Fuit

106 1633 134 1672 et
145 1639 246 1672 nomen
254 1617 344 1672 bellici
357 1619 532 1670 instrumenti.
545 1617 649 1669 Vitruv.
664 1615 710 1668 lib.
722 1615 762 1676 X;
775 1616 908 1670 Plutarch.
922 1619 950 1671 in
961 1619 1014 1672 Vit.
1027 1620 1163 1684 Mareotin

106 1699 201 1773 Polyb.
220 1701 296 1766 vm,
312 1711 363 1750 etc.
374 1727 411 1736 -
427 1695 520 1750 Coloni
536 1695 609 1757 alto,·
621 1708 698 1748 eruut
711 1697 777 1748 servi
788 1695 902 1748 militum
915 1696 1031 1765 calones,
1049 1702 1095 1769 qui
1109 1700 1163 1753 fer-
1222 1689 1241 1728 θ

105 1793 165 1830 rent
186 1778 274 1850 ligna,
296 1795 380 1848 graece
400 1775 480 1837 site,
499 1775 541 1827 vel
560 1774 724 1840 coalendis,
746 1794 800 1847 quo
821 1775 863 1827 die
885 1776 982 1829 cibaria
1002 1781 1161 1850 acciperent.

106 1855 187 1920 Alto,·
201 1858 317 1911 hominis
330 1855 430 1909 indicat
442 1873 560 1908 crassum
572 1855 693 1925 corporis
704 1853 824 1906 habitum
837 1867 863 1906 et
873 1853 1054 1908 stoliditatem.
1068 1857 1111 1909 Sic
1119 1860 1163 1910 in·

107 1939 192 1991 serius
201 1937 237 1990 sd
249 1957 319 1990 serr.
337 1951 404 2006 190=
420 1933 601 1987 «Vulienniue
613 1934 734 2006 inqeas.»

137 2063 202 2108 Vsu.
218 2061 258 2122 96.
275 2060 328 2106 Stat
338 2066 416 2106 uoatm
427 2059 500 2114 mdo,
515 2065 539 2104 et
553 2064 664 2103 secretam
674 2057 757 2119 qarrait
767 2057 792 2101 io
806 2071 893 2103 aurun.
909 2059 987 2105 -Sic
1002 2057 1074 2106 edunt
1086 2059 1162 2106 MttS.

106 2131 188 2179 Caudex
201 2133 276 2195 8070,
292 2143 316 2179 et
338 2129 502 2176 laudsuuimc
519 2127 642 2174 editiones.
660 2129 774 2175 AtlfflS.
796 2127 895 2174 Codices
916 2126 991 2186 tote,
1007 2127 1080 2186 8055,
1101 2128 1163 2194 8273

107 2203 190 2250 lerunt
201 2203 290 2267 φωνή,
313 2199 379 2266 quod
399 2200 489 2262 recepit
511 2196 663 2246 Cussubonus
688 2197 784 2261 aliique.
814 2198 943 2246 Probabilis
969 2215 1035 2264 seque
1064 2211 1163 2265 utraque

107 2274 179 2322 lectio
197 2287 241 2322 est.

143 2391 214 2442 Nor.
232 2386 277 2458 96,
296 2381 355 2439 Stat
367 2395 458 2438 contra
474 2385 556 2453 ratio,
571 2397 597 2439 et
609 2397 732 2439 secretam
747 2385 845 2458 panait
856 2385 884 2436 in
900 2404 998 2438 aurem.
1016 2416 1053 2427 —
1068 2389 1163 2451 Ratio,-

109 2467 150 2522 rel
162 2485 258 2520 senem
272 2467 435 2532 communis,
449 2465 492 2517 vel
517 2465 635 2538 spientis
645 2463 867 2536 philosophorum
882 2465 1047 2533 Stoicorum,
1059 2465 1072 2517 ὅ
1082 2465 1163 2536 abac,

108 2549 152 2600 cui
163 2550 245 2600 vitam
265 2565 371 2600 omnem
384 2484 550 2598 referenfirm
564 2561 620 2596 esse
637 2545 719 2596 Stoici
733 2555 794 2596 aute
807 2541 984 2616 philosophos
991 2564 1082 2600 omnes
1096 2566 1163 2600 con·

108 2627 265 2681 tendebant.
276 2657 314 2668 -
326 2627 384 2679 Stat
394 2638 499 2690 contra3
512 2623 681 2693 adversatur,
693 2637 832 2696 repugnat.
841 2654 878 2665 -
886 2625 921 2675 Et
932 2635 1054 2678 secretam
1067 2627 1164 2702 perunit

109 2710 139 2760 in
151 2728 261 2771 aurem
275 2709 383 2781 proprie
395 2707 492 2759 dicitur
506 2707 620 2780 qaauire
633 2705 667 2758 de
679 2705 804 2770 canibus,
821 2725 902 2780 quum
920 2707 1061 2778 tinguntur
1073 2722 1099 2760 et
1114 2711 1164 2760 im·

110 2801 328 2840 murmurent-
336 2788 465 2840 Secretam
476 2787 504 2838 in
516 2805 604 2838 aurem
610 2807 619 2846 ‚·
632 2784 673 2837 vel
685 2787 748 2856 quis
759 2787 838 2838 tacite
851 2787 990 2838 nobiscum
1003 2789 1070 2839 ratio
1084 2787 1164 2839 collo-

111 2869 217 2938 quitur,
231 2868 270 2921 vel
285 2869 361 2939 quis,
376 2881 406 2918 ut
415 2866 474 2918 vult
489 2866 679 2933 Cussubonus,
691 2867 776 2918 stoice
792 2865 932 2938 dogmata,
948 2869 1051 2937 ingrata
1067 2867 1164 2940 vulgo,

109 2946 260 3017 periculose
272 2944 346 3019 apud
356 2963 497 3018 proceres,
509 2957 587 2997 caute
598 2957 626 2997 et
636 2943 728 2998 timide
737 2945 952 3017 proferebantur.
960 2947 1004 3000 Sic
1014 2948 1042 2998 iu
1053 2946 1102 3014 w,
1113 2949 1161 3016 ⁴²²

313 3070 415 3126 Pqullum
424 3083 438 3113 a
448 3070 512 3114 turbs
521 3069 632 3116 seductior
640 3071 700 3116 sudi.

142 3202 213 3254 Nor.
228 3219 273 3274 97.
287 3186 330 3257 lle
339 3201 416 3254 liceat
420 3202 513 3274 facere
522 3201 550 3252 id
555 3238 564 3266 ,
576 3202 647 3274 qaod
654 3202 714 3275 qais
724 3202 825 3254 vitiabit
834 3202 943 3274 apendo.
951 3231 987 3244 -·
995 3204 1045 3254 Pro
1057 3221 1064 3254 t
1076 3221 1111 3256 ne
1121 3203 1163 3256 fs·

110 3284 163 3336 cias
171 3281 200 3335 id
212 3281 288 3354 quotl
302 3284 419 3349 nescias,
437 3281 539 3336 dictum
553 3281 699 3352 elegantius
716 3282 817 3336 vitiabit
831 3283 939 3355 aq'eada.
957 3282 1035 3336 Conf.
1059 3283 1162 3336 Platon.

110 3364 136 3415 iu
148 3361 238 3437 Lysid.
255 3362 326 3414 Edit,
339 3365 472 3434 Bipontin.
485 3374 550 3416 tum.
561 3364 596 3429 V,
609 3379 671 3433 pag.
684 3361 746 3415 225.

142 3489 212 3540 tter.
228 3485 272 3558 98.
286 3485 398 3540 Publica
407 3486 450 3540 lex
462 3487 600 3540 lominum
614 3496 761 3559 natumque
771 3486 889 3539 eontinet
900 3485 1008 3557 laesas.
1016 3515 1054 3528 -
1066 3489 1125 3542 Hoc
1136 3501 1163 3541 et

111 3569 232 3639 requeuti
240 3585 318 3619 versu
327 3567 433 3639 repetit,
442 3567 514 3639 qu⁰d
524 3567 707 3641 superioribus
716 3566 822 3620 duobus
830 3566 948 3620 renibus
958 3570 1014 3640 jam
1025 3571 1161 3641 expressit.

111 3649 170 3700 lion
183 3647 266 3701 semel
278 3649 349 3701 euim
360 3651 418 3719 ejus
427 3651 543 3703 veritatis
555 3651 606 3702 luit
617 3648 802 3701 admouendus
817 3650 865 3701 iste
877 3649 925 3720 qui
937 3649 1021 3701 nescit
1031 3669 1120 3704 verum
1132 3648 1163 3702 li·

112 3726 257 3797 berritem,
267 3747 436 3802 erroremque
451 3747 528 3783 suum
542 3729 662 3784 defendit
675 3727 892 3802 argtrmentando.
904 3729 1015 3782 Minime
1034 3732 1163 3784 assentior

113 3807 214 3882 Koenig,
230 3811 275 3882 qui
287 3822 394 3862 veretur
409 3828 501 3864 nerse.
515 3828 549 3881 97
565 3823 592 3863 et
602 3811 638 3883 98
654 3811 706 3863 sint
717 3809 831 3876 institui,
842 3821 954 3882 propter
964 3807 1162 3864 similitudinem

115 3887 231 3942 idearum
241 3908 302 3942 cum
314 3891 522 3964 insequentibus.

150 4012 415 4086 numatam
428 3999 1162 4076 aautimmutatum-ssruuuaautanuu

119 4105 159 4143 eet
169 4095 267 4147 inscitia
278 4094 366 4149 reddit
379 4095 501 4154 homines
514 4099 591 4171 qussi
599 4097 694 4152 debiles
706 4110 732 4152 et
745 4099 850 4169 ineptos
860 4095 893 4148 ad
905 4114 961 4147 rem
972 4093 1087 4168 aliquem
1096 4106 1162 4146 trac·
