3026 4944
405 515 757 582 sueeotooon.
791 555 794 560 -
829 516 835 528 ·
1083 541 1104 604 9

76 643 205 697 celebrium
215 645 343 716 isnupisses
355 641 397 694 sel
408 641 505 694 beders
521 642 562 694 sel
576 642 652 694 lauro
661 655 793 695 eoronatse
801 681 809 710 ,
817 646 844 694 in
853 642 1036 708 bibliothecis,
1043 659 1103 694 eum

75 723 251 796 publicis,tum
259 723 367 794 privatis
376 724 471 794 exponi
479 735 587 776 ornatos
595 741 674 776 osnsa
683 721 814 776 solebant.
823 724 886 775 Hor.
895 723 948 776 Set.
955 723 982 788 l,
990 723 1020 790 4,
1028 738 1075 775 ase

477 814 608 857 ...messos
616 812 711 856 Fannius
722 812 779 856 ultro

319 878 657 937 Deladsespsisetimsgine....

77 956 176 1020 Seneca,
192 954 225 1008 de
235 952 372 1026 Tranquil.
383 973 426 1004 sn.
435 972 467 1024 95
481 955 544 1006 Plin.
556 955 601 1006 lib.
613 957 719 1020 xm,
732 968 794 1008 sset.
813 971 842 1017 ας
856 956 964 1008 Sueten.
979 952 1038 1006 Tib.
1055 971 1103 1024 7o;

73 1037 311 1106 smno.vt1,29;
325 1034 513 1106 Plinltplv,
527 1036 673 1102 18;X‚a5.

100 1145 158 1198 llot.
172 1145 199 1198 6.
209 1147 268 1216 lpse
275 1145 463 1216 semipoysstsss.
472 1173 506 1184 -
513 1144 637 1218 anunsss
644 1156 683 1198 est
690 1145 818 1211 rusticus,
826 1157 852 1197 et
860 1143 1007 1216 opponitur
1013 1141 1094 1196 militi

69 1223 180 1277 lurenal.
192 1226 265 1290 XVI,
278 1223 326 1285 333
341 1223 405 1274 Plin.
421 1225 469 1293 Ep.
486 1223 524 1287 Χ,
545 1226 590 1286 18;
602 1227 691 1294 Veget.
704 1225 742 1290 11,
755 1223 796 1276 23.
812 1222 839 1275 b.
854 1222 870 1274 l.
881 1223 1103 1294 Semipsgsuosis

68 1305 174 1434 :iffi
181 1304 210 1354 in
220 1302 312 1354 litteris
321 1303 407 1373 prima
415 1301 495 1354 faeiat
502 1301 646 1374 stipendia,
657 1304 703 1374 qni
712 1301 832 1355 noudum
841 1303 926 1374 poetis
936 1303 969 1355 sit
977 1319 1103 1354 amnne

97 1485 162 1538 llos.
177 1504 202 1557 7.
215 1485 259 1539 Ad
266 1505 337 1539 soora
349 1497 437 1540 vetum
447 1505 549 1541 cannen
559 1489 645 1562 assero
659 1500 784 1542 nomm.
794 1519 831 1530 -
840 1491 918 1542 Ssera
930 1499 1103 1558 opponuntur

66 1563 225 1635 vulgarium
237 1577 301 1617 sunt
313 1567 393 1634 igitur
407 1584 438 1618 ea
453 1585 511 1638 quse
523 1566 558 1620 ad
572 1570 689 1619 omnium
702 1566 900 1638 intelligentiam
913 1583 968 1616 non
981 1565 1102 1628 veniunt,

64 1644 173 1718 ideoque
182 1663 281 1698 areana
290 1649 482 1719 cujuscumque
492 1649 555 1700 artis
567 1661 593 1700 et
608 1645 766 1718 discipline,
777 1665 832 1701 noo
842 1648 892 1698 nisi
900 1659 982 1698 artem
990 1642 1101 1695 colenti-

63 1725 110 1778 bus
120 1740 191 1778 nota.
204 1728 316 1779 Possunt
328 1729 418 1798 itaque
428 1746 500 1780 sacra
515 1730 603 1780 vocari
613 1741 745 1802 precepta
756 1730 817 1780 artis
826 1727 937 1799 poetices
947 1739 974 1777 et
985 1725 1101 1776 carmina

63 1804 123 1875 ipss.
137 1804 228 1874 virgil.
242 1807 339 1876 θεοῖς.
352 1805 396 1856 lih.
411 1807 447 1870 ll,
459 1825 482 1858 r.
494 1806 545 1876 475
561 1830 567 1857 ι
590 1807 709 1873 sMusae,
722 1825 833 1877 quarum
844 1824 916 1858 soon
928 1805 1012 1855 ferm·
1033 1801 1102 1852 Bene

63 1898 149 1936 numer
159 1885 272 1936 ironiam
289 1898 393 1951 tuetur,
408 1899 434 1936 et
447 1899 524 1938 roeat
540 1888 657 1939 carmina
672 1890 783 1940 istorum
797 1898 954 1958 poetarum,
970 1901 1040 1935 saera
1054 1901 1101 1934 vo-

62 1971 112 2012 tum
118 2001 127 2028 ,
138 1964 214 2034 quasi
229 1963 392 2016 familiariori
402 1965 540 2017 Musarum
551 1967 710 2019 commercio
723 1981 867 2036 earumque
879 1961 979 2014 sfflstni
990 1961 1100 2035 proprio

60 2041 220 2109 debeantur,
234 2063 312 2098 sunm
327 2059 420 2098 eontra
436 2063 504 2118 opus
515 2047 669 2120 simpliciter
680 2065 795 2100 carmen.
813 2048 871 2100 lloo
885 2061 988 2098 comen
1003 2042 1100 2094 afferre

59 2143 87 2176 se
96 2127 290 2198 semipspussssm
300 2129 337 2178 ait
344 2128 380 2180 od
388 2145 458 2179 wem
468 2137 572 2194 vatum,
585 2129 612 2180 id
622 2142 674 2194 est,
684 2127 782 2181 addere
791 2128 867 2182 saeris
876 2137 963 2178 vanam
974 2125 1100 2176 carmini·

57 2202 108 2257 bus
119 2205 184 2280 illis,
198 2225 257 2279 quse
269 2209 326 2280 ipse
336 2206 433 2279 Apollo
444 2221 470 2260 et
479 2225 559 2263 musae
571 2207 742 2262 dictovenmt.
755 2211 797 2262 sie
809 2209 912 2280 egregie
923 2207 1102 2280 semipupansss

57 2287 168 2354 meloto,
180 2305 283 2340 sennen
295 2301 407 2341 nostrum
419 2291 565 2360 opponitur
575 2291 659 2343 sacris
675 2289 752 2342 Unde
765 2308 856 2342 sensus
868 2289 952 2340 oritur
964 2284 1101 2357 simplieit-

56 2367 140 2416 simos
151 2385 157 2415 :
169 2384 275 2419 cannen
292 2367 342 2418 edo
358 2367 412 2419 hoe
428 2387 530 2434 meum,
546 2381 572 2420 et
587 2371 806 2442 praestantissimis
817 2381 956 2440 poetarum
974 2363 1100 2436 operibus

55 2447 112 2514 jam
129 2445 252 2517 evulgatis
269 2447 385 2520 adjungo
398 2467 475 2521 quam
488 2449 688 2502 modestissime.
706 2449 771 2514 Alii,
787 2451 933 2520 intorques
945 2444 1100 2509 Lambinus,

59 2521 112 2574 sub
127 2527 203 2577 saeos
215 2525 359 2598 intelligunt
372 2527 444 2579 illam
457 2526 589 2599 Apollinis
604 2527 713 2579 Palatini
726 2526 928 2588 bibliotbeeam,
943 2541 997 2594 quo
1007 2533 1101 2574 aneto·

56 2605 211 2676 resseripta
221 2607 382 2672 suadelam,
391 2621 417 2660 et
425 2611 535 2660 recitare
544 2607 675 2660 solebant.
691 2608 799 2659 Sueton-
812 2607 878 2675 Aug.
894 2621 942 2674 29;
954 2600 1101 2666 Ilio,1.lll,

52 2685 172 2756 princip.
184 2687 258 2739 Orid.
268 2689 346 2740 Trist.
360 2691 408 2754 tn,
424 2705 450 2754 1,
463 2689 497 2759 59
508 2707 565 2761 sqq.
581 2703 630 2740 etc.
644 2689 703 2740 Hoc
714 2706 770 2739 non
783 2685 918 2758 displicet,
932 2700 1024 2735 verum
1038 2698 1101 2733 esve

52 2765 188 2818 existimes
200 2765 316 2820 Persium
330 2767 365 2820 de
378 2767 511 2820 delatione
525 2769 647 2820 carminis
662 2768 702 2820 sui
712 2767 739 2820 in
756 2763 823 2818 illud
836 2761 961 2836 templum
976 2774 1002 2814 et
1015 2759 1049 2814 de
1060 2776 1100 2812 rs-

51 2843 183 2896 eitatione
199 2849 324 2918 cogitare.

86 2947 158 3004 Nor.
165 2955 191 3018 8,
201 2953 241 3019 td.
249 2952 359 3024 Subjieit
366 2955 471 3007 Persius
477 2957 605 3007 rationem
612 2970 723 3028 propter
730 2971 821 3028 quatum
830 2969 912 3022 quum
919 2966 973 3000 nou
980 2949 1013 3000 sit
1019 2957 1100 3019 poete

49 3033 186 3098 initiatus,
199 3035 315 3084 earmina
330 3033 501 3086 nibilominus
511 3033 625 3086 seribere
633 3033 736 3085 audeat.
745 3033 811 3085 Sunt
818 3033 888 3082 euim
895 3028 1000 3082 aliaeres
1006 3038 1100 3097 praeter

48 3125 229 3176 memoratas,
243 3126 335 3183 praeter
351 3130 453 3178 musas,
468 3113 624 3166 Parnassum
639 3125 666 3164 et
676 3110 766 3164 fontes
779 3125 882 3175 sauros,
894 3123 952 3180 quse
963 3104 1100 3176 ingenium

47 3187 210 3244 bominibus
228 3177 385 3263 lai-giemum
403 3194 486 3246 lanies
500 3192 599 3246 sufficet
615 3206 641 3245 et
662 3211 722 3264 spes
738 3191 814 3244 lueri.
835 3189 975 3261 liespnnnt
993 3201 1100 3238 sensum

47 3269 126 3322 illum
143 3271 269 3324 nonnulli
286 3267 459 3344 intetpretes,
476 3275 647 3344 inprimisque
664 3285 756 3324 noster
772 3267 965 3330 casaubonus,
990 3279 1016 3318 et
1030 3262 1100 3316 indis

47 3365 170 3421 guantur
183 3355 343 3405 sententiam
357 3353 438 3406 tribui
451 3355 537 3406 minus
558 3353 696 3406 honestam
715 3354 772 3404 siro
793 3349 902 3402 liberali.
919 3346 1101 3399 verumenim-

47 3450 112 3483 sero
122 3431 291 3485 bmeironice
300 3432 370 3486 diota
378 3453 449 3502 esse,
461 3449 487 3487 et
493 3435 580 3507 jocari
588 3437 719 3500 Persium,
728 3445 821 3505 poetas
831 3428 974 3484 insolentes
982 3439 1008 3480 et
1016 3427 1100 3479 lame

47 3511 116 3564 linos
130 3510 303 3579 irridentem,
315 3516 440 3585 quianon
451 3514 590 3586 intelligit?

77 3659 145 3706 Vn.
167 3659 191 3705 d.
207 3661 280 3705 Suam
293 3655 373 3722 χιῖμ.
389 3661 481 3708 liabent
490 3661 565 3707 lernae
575 3673 656 3707 omnes
670 3659 810 3706 membssnss
819 3669 926 3705 veteres:
937 3671 1004 3702 suum
1019 3651 1097 3700 Chen.

47 3731 157 3776 [ineam
169 3746 266 3786 rocem,
277 3733 326 3778 sive
336 3733 414 3794 potius
423 3747 519 3794 grecam
528 3735 666 3796 scripturam
675 3731 765 3780 restitui
774 3728 904 3778 maluimus.
939 3726 956 3766 θ

80 3831 159 3883 ΝΜ·
170 3832 196 3884 Β·
209 3830 409 3903 Qttt'mptds'vit
412 3835 520 3903 psittaco
526 3851 600 3886 susem
609 3831 687 3902 χαῖμ.
694 3863 731 3874 -
738 3833 818 3886 Poeta
826 3830 947 3902 exprimit
954 3823 1100 3880 similitudi·

47 3907 128 3962 nibus
144 3929 162 3962 a
173 3912 290 3981 psittaco
304 3925 332 3964 et
347 3913 408 3983 pica
420 3911 505 3964 ductis
526 3912 596 3965 hano
610 3916 767 3966 sententiam
785 3930 878 3964 suam:
892 3909 933 3962 vel
949 3921 1043 3960 natura
1060 3906 1101 3956 in·

47 3987 137 4041 lantes
155 3989 228 4040 fasne
247 3988 404 4060 eloquentes
413 3983 572 4043 redduntur.
586 4021 622 4030 -
630 3991 710 4060 χιῖμ,
725 3989 896 4044 humanitatis
907 3985 1031 4050 verbum,
1046 3998 1099 4053 quo

47 4065 181 4136 psittacus
191 4069 324 4120 intrantes
336 4067 476 4121 salutabat.

77 4203 142 4250 Vsu.
159 4205 279 4252 Oetaeam
292 4207 354 4255 inter
367 4217 390 4252 et
401 4221 489 4252 nonum
502 4223 594 4255 versum
610 4221 694 4255 nostrae
708 4209 829 4264 editionis,
842 4203 1003 4265 subreptitium
1014 4198 1100 4246 hahent
