3148 4950
422 490 512 554 rua
537 490 692 556 anuos
715 491 929 558 morsm.
1129 491 1192 582 457

155 612 301 696 effugiam
318 625 348 674 et
365 613 499 674 moritur
514 635 587 680 ann.
608 615 646 674 U.
663 615 697 674 C.
717 610 792 708 846,
811 635 930 676 veneno
948 609 1088 694 necatus,
1110 617 1195 698 qnod

155 711 247 792 vulgo
258 710 367 770 saltem
384 710 571 771 credebatur.
594 711 686 772 Conf.
704 711 742 771 ad
760 712 820 772 Sat.
837 713 881 786 11,
902 715 957 794 159
977 735 1021 796 sq.
1040 716 1100 789 IV,
1121 735 1195 796 ¹²7³

156 808 235 885 XIV,
254 807 327 888 1963
344 807 410 882 XV,
428 803 492 882 raia
510 803 612 865 Gallia
624 807 782 868 causidicos
793 808 889 870 docuit
892 811 1029 894 fecundo
1040 815 1196 874 Britannos

156 905 215 966 Sat.
227 906 294 979 XV,
314 925 325 964 1
335 924 379 964 rr.

474 1020 542 1072 Anu.
558 1022 591 1072 U.
603 1021 634 1073 C.
647 1020 715 1086 833,
729 1019 886 1089 Chaoniae,

582 1108 716 1162 iuvenalis
730 1109 773 1179 39

195 1232 372 1308 iuvenalis,
390 1234 445 1314 qui
463 1233 501 1293 ad
525 1234 658 1295 mediam
679 1233 741 1294 fere
759 1247 880 1295 oetatem
897 1234 1139 1313 declamaverat,
1158 1237 1197 1297 ab

156 1327 216 1391 hoc
226 1345 382 1413 tempore,
395 1351 566 1412 paucorum
582 1353 725 1393 versuum
737 1333 834 1393 Satira
846 1334 912 1393 non
926 1334 1058 1396 absurde
1073 1355 1198 1417 compo·

157 1432 213 1490 sita
228 1432 261 1489 in
274 1431 414 1492 Paridem
427 1442 457 1491 et
469 1421 617 1506 Statium,
628 1429 689 1491 hoc
704 1453 799 1512 genus
814 1433 971 1514 scripturae
988 1432 1136 1492 industrie
1150 1454 1201 1493 ex-

157 1526 248 1600 colit3
268 1526 319 1586 sed
334 1525 387 1586 diu
406 1547 446 1587 ne
464 1528 588 1587 modico
608 1526 733 1608 quidem
752 1528 905 1589 auditorio
926 1528 1095 1610 quidquam
1117 1550 1199 1588 com-

157 1623 278 1682 mittere
291 1623 398 1698 audet,
418 1635 544 1705 propter
561 1625 761 1706 tyrannidem
775 1625 957 1684 Domitiani.
976 1625 1022 1684 Ita
1039 1625 1200 1684 Suetonius

157 1721 188 1779 in
204 1720 294 1793 Vita3
312 1720 458 1800 adquam
478 1721 557 1781 bene
573 1719 638 1780 haec
657 1720 819 1782 adnotavit
837 1721 980 1783 Oudend.
1004 1722 1126 1782 «Poeta
1138 1734 1201 1782 stu-

157 1818 216 1879 diis
235 1819 375 1879 literariis
396 1831 425 1880 et
446 1818 719 1880 declamationibus
743 1819 840 1880 animi
861 1842 951 1881 causa
972 1841 1098 1904 operam
1117 1820 1202 1880 dedit
1228 1839 1230 1846 ·

156 1916 195 1976 ad
210 1917 262 1976 XL
281 1917 378 1976 aetatis
399 1936 527 1976 annum.
549 1917 631 1977 Hinc
644 1915 716 1977 lusit
731 1915 899 1997 aliquando
921 1919 1046 1978 satiram
1065 1917 1099 1976 in
1117 1917 1202 1976 Pari·

157 2011 246 2086 dem,
263 2013 399 2094 Neronis«
411 2014 657 2094 pantomimum,
677 2033 750 2070 mox
772 2013 906 2073 occisum
928 2034 945 2072 a
963 2013 1094 2072 Nerone.
1109 2011 1200 2092 (vid.

158 2109 197 2169 ad
218 2111 278 2170 Sat.
296 2109 357 2184 vl,
381 2111 449 2190 87.)
467 2111 554 2170 Tunc
576 2131 648 2170 vero
672 2130 737 2170 non
756 2122 961 2192 prosequutus
982 2125 1024 2170 est
1048 2111 1201 2192 poeticum

157 2207 310 2282 studium3
335 2221 414 2267 certe
428 2228 493 2266 non
518 2206 619 2290 palam
640 2206 812 2288 diuulgauit
838 2209 992 2288 carmina3
1017 2207 1116 2272 donec
1136 2203 1201 2288 jam

157 2305 366 2385 octogenarius
381 2303 437 2364 sub
447 2304 525 2385 Imp.
538 2303 715 2380 Hadriano,
732 2302 786 2385 qui
796 2324 868 2362 ann.
881 2303 918 2361 U.
935 2305 968 2363 C.
981 2303 1054 2384 870,
1071 2303 1202 2362 Romam

157 2413 300 2474 venerat,
315 2419 379 2482 prae
398 2399 615 2480 indignatione
632 2412 679 2459 tot
697 2399 851 2460 malorum
874 2411 1035 2480 poetarum
1054 2410 1084 2457 et
1102 2397 1203 2457 crimi-

157 2515 242 2556 nosae
257 2498 397 2580 priorum
415 2498 636 2578 imperatorum
648 2507 679 2555 et
693 2496 865 2555 aulicorum
882 2515 1071 2575 suorumque
1084 2506 1205 2574 tempo-

158 2611 229 2652 rum
239 2604 268 2652 ct
279 2594 394 2653 civium
404 2593 489 2667 vitat,
501 2591 605 2652 denuo
618 2592 651 2652 in
659 2592 753 2651 bilem
763 2589 1110 2672 effundendam'erupit,
1123 2610 1204 2648 suas·

157 2710 219 2771 que
232 2689 337 2750 satiras
355 2691 509 2766 recitavit,
529 2704 620 2770 atque
634 2711 689 2772 pro
708 2691 835 2750 Neronis
848 2689 1041 2771 pantomimo
1058 2689 1203 2765 inseruit,

158 2787 219 2848 Sat.
233 2789 306 2865 Vll,
319 2793 373 2871 87,
385 2791 558 2850 Domitiani
571 2791 802 2872 pantomimum
812 2788 968 2870 juniorem
983 2787 1141 2861 Paridem,
1155 2787 1203 2848 iti·

158 2887 228 2947 dem
241 2909 258 2948 a
269 2889 447 2949 Domitiano
460 2901 557 2948 morte
568 2886 751 2948 mulctatum
764 2887 844 2967 (vid.
857 2887 894 2948 ad
911 2890 971 2947 Sat.
984 2887 1041 2960 vl,
1057 2889 1114 2968 873
1130 2885 1201 2960 Vll,

159 2981 227 3065 87);
246 3005 342 3067 eaque
353 2988 512 3046 occasione
524 2999 621 3066 poetae
633 2985 719 3045 Statii
732 2985 870 3046 meminit
882 2986 956 3060 vn,
971 2985 1008 3044 82
1022 3005 1082 3064 seq.
1098 2983 1203 3060 Quuin

158 3099 229 3139 vero
254 3093 364 3161 praeter
383 3080 443 3140 aiia
466 3079 630 3141 infersisaet
650 3081 709 3140 Sat.
729 3081 802 3156 vll,
822 3100 861 3160 9⁰
876 3101 937 3160 seq.
953 3077 1037 3160 Quod
1056 3099 1117 3138 non
1133 3076 1206 3136 dant

157 3197 301 3259 proceres,
322 3177 403 3238 dabit
421 3176 536 3252 histrio,
554 3189 610 3238 etc.
632 3177 690 3237 illis
707 3178 844 3238 versibus
863 3176 1000 3237 offensus
1015 3177 1070 3235 iste
1087 3173 1203 3249 histrio,

160 3274 215 3352 qui
231 3273 389 3334 Hadriano
404 3275 481 3356 Imp.
497 3277 530 3336 in
545 3273 663 3335 deliciis
677 3287 785 3352 eratet
799 3276 905 3334 omnia
921 3273 1003 3354 apud
1016 3271 1105 3331 illurn
1120 3283 1204 3352 pote·

75 3375 79 3383 '
160 3379 224 3443 rat,
239 3368 385 3429 conflavit
395 3370 536 3432 Juvenali
551 3369 719 3444 invidiam,
735 3372 776 3430 ita
791 3381 826 3428 ut
842 3370 875 3428 in
891 3369 1097 3450 suspicionem
1115 3387 1202 3426 vene-

160 3467 221 3544 rit,
249 3469 336 3548 quasi
358 3471 521 3550 praesentia
543 3480 681 3550 tempora
706 3466 857 3548 figurate,
880 3480 915 3527 ut
937 3466 981 3526 ait
1001 3478 1127 3538 auctor,
1150 3485 1203 3545 per

159 3576 292 3627 veterem
321 3570 407 3648 quasi
434 3568 523 3630 illum
552 3566 695 3629 Paridem
723 3578 864 3628 notasset.
890 3566 1087 3649 Quapropter
1113 3561 1202 3625 illum

159 3661 354 3739 Hadrianus,
367 3664 550 3726 facetissimo
565 3665 689 3746 ingenio
706 3677 735 3722 et
748 3664 842 3746 poetis
856 3662 962 3730 favens
977 3663 1135 3744 princeps,
1152 3659 1203 3722 sed

160 3755 303 3820 incitatus
323 3761 363 3820 ab
385 3760 520 3822 histrione
526 3808 536 3836 ,
552 3761 606 3821 tali
625 3760 767 3843 supplicii
788 3757 1031 3840 genereaffecit,
1046 3757 1129 3838 quod
1143 3755 1201 3816 levi

160 3865 191 3913 et
206 3852 337 3936 joculari
356 3858 468 3920 delicto
488 3880 544 3939 par
560 3879 621 3918 esse
634 3859 810 3932 videbatur,
824 3879 974 3939 eumque,
991 3858 1045 3937 qui
1064 3853 1202 3926 ridebat,

160 3950 299 4017 homines
311 3956 462 4038 quosdam
472 3955 538 4016 fieri
548 3954 706 4038 praefectos
718 3968 748 4016 et
761 3955 903 4014 tribunos
915 3953 1020 4014 favore
1031 3947 1202 4021 histrionis,

160 4051 262 4132 ipsum
276 4051 348 4114 fecit
360 4051 540 4134 praefectum
556 4049 691 4112 cohortis
709 4051 909 4134 AEgyptiacae,
926 4064 961 4110 ut
977 4047 1132 4106 videretur
1145 4065 1202 4126 pro

160 4151 222 4210 suis
237 4150 375 4212 versibus
388 4157 449 4212 e‘sse
460 4151 631 4212 honoratus
642 4174 650 4224 ς
664 4150 727 4210 sive
737 4149 793 4209 sub
807 4147 936 4209 honoris
949 4145 1046 4225 specie
1062 4142 1151 4204 illum
1163 4142 1202 4204 ab
