3176 4954
368 495 435 580 438
762 495 1019 560 LUGlLlANl
1192 587 1201 606 .

365 622 467 713 Quod
478 635 653 716 sumptum
662 635 764 717 atqua
775 621 892 716 epulas
903 627 993 692 victu
1003 627 1172 718 praeponit
1180 621 1333 696 honoeto.

366 741 557 820 Intercunt,
569 733 745 817 labuntur,
758 750 842 804 eunt
851 759 988 806 rursum
1001 738 1115 805 omnia
1128 759 1277 806 vorsum.

365 851 452 914 Nam
463 845 547 941 quid
557 847 707 928 mutino,
719 845 945 944 subrectoque
956 845 1034 915 huic
1044 844 1122 941 opu’
1134 848 1252 941 signo?

365 955 1109 1042 Utlurcarennlanlnm,etoa1nariafi1nim

365 1070 503 1134 Patrum
514 1065 715 1136 conficeret?
717 1117 1225 1136 ...............

867 1181 908 1246 X.

365 1286 501 1381 Phryne
511 1285 634 1355 nobilis
645 1285 721 1369 illa,
734 1284 794 1356 ubi
806 1302 993 1356 amatorem
1002 1287 1189 1380 improbius
1201 1312 1304 1386 φιεω

363 1397 482 1466 Multis
494 1396 670 1466 inductum
683 1396 884 1465 scrmonibu'
894 1396 1157 1482 concelebravit,

364 1508 454 1597 Quid
466 1507 561 1593 dara,
573 1508 655 1604 qnid
665 1512 791 1601 sumpti
801 1508 927 1594 facem,
941 1533 981 1578 ac
992 1509 1143 1604 praebere
1154 1513 1301 1604 potissit,

363 1623 559 1705 Praesumit,
571 1619 666 1689 labra
675 1620 811 1702 delicat,
825 1620 906 1690 hino
915 1620 1043 1690 delenit
1053 1643 1178 1689 amore.

363 1735 577 1826 Assequitur,
588 1753 653 1801 nec
664 1734 857 1825 opinantem
868 1735 903 1799 in
915 1748 1017 1825 caput
1027 1731 1147 1814 insilit,
1159 1735 1273 1825 ipsum

364 1842 671 1912 Commanduounu
681 1857 791 1910 totum
799 1839 993 1935 complexa,
1005 1857 1211 1936 comcstquc.

364 1953 490 2020 sivero
500 1950 561 2018 das
573 1950 665 2045 quod
677 1967 788 2042 rogat,
804 1967 839 2018 et
851 1953 880 2018 si
892 1948 1036 2043 suggeri
1049 1974 1214 2042 suppum,

363 2063 490 2152 lingna
499 2083 609 2153 penus
619 2083 725 2155 parvo
737 2063 845 2154 spatio
855 2077 1058 2154 consumpta
1069 2059 1200 2154 peribit.

363 2172 487 2239 Omnia
496 2174 630 2240 viscatis
643 2172 799 2240 manibus
812 2172 916 2263 leget,
931 2173 1043 2239 omnia
1057 2186 1182 2256 sumet,

362 2279 972 2378 Gredemihi,pressaaufcrctomniu
975 2331 1197 2348 .......

858 2399 916 2462 xl.

361 2506 422 2574 Vir
432 2530 526 2576 mare
535 2509 674 2576 metitur
682 2529 862 2600 magnum,
874 2521 909 2576 st
922 2500 958 2574 'se
967 2501 1115 2574 lluctibu’
1128 2503 1246 2590 tradit,

361 2617 529 2686 Continuo
541 2617 643 2687 simul
654 2641 694 2688 ac
705 2617 821 2712 paullo
832 2617 1064 2686 vehementius
1076 2639 1158 2685 aura

361 2725 507 2812 Inllatit,
519 2725 643 2796 fluctus
655 2731 814 2811 erexetit,
826 2726 1050 2822 extuleritque
1062 2751 1069 2794 ε

362 2835 513 2904 Flamina
524 2859 589 2904 nec
598 2835 713 2904 llando
724 2851 904 2904 ventorum
916 2833 1002 2904 suda
1013 2833 1200 2904 secundent
1211 2859 1218 2901 :

360 2947 484 3013 Omnia
495 2943 667 3014 tumendo
680 2949 767 3014 mari
780 2947 895 3016 videas
905 2947 1058 3014 fervente
1069 2949 1203 3014 micare.

361 3059 481 3123 Procas
492 3054 691 3149 despoliata,
706 3081 746 3126 ac
757 3056 941 3126 detundete
955 3057 1122 3150 guberna,

359 3165 528 3236 Tonsillas
540 3189 675 3264 quoque
686 3167 874 3261 pravalidis
889 3171 924 3236 in
938 3169 1076 3238 funibus
1088 3183 1199 3262 aptas,

362 3275 533 3346 Fluctibus
545 3279 753 3373 aventisque
763 3277 913 3348 adversis
927 3277 1068 3347 firmiter
1079 3294 1117 3347 ut
1132 3281 1186 3346 sit.

363 3437 1090 3456 .....................
1115 3391 1216 3456 Tanti

357 3498 401 3566 Se
414 3500 623 3593 tempestatis
634 3514 767 3568 montes
778 3498 823 3568 ad
835 3497 946 3568 sidera
959 3497 1092 3568 tollunt.

216 3645 221 3654 .
357 3613 572 3677 armamenta
584 3607 1213 3693 tumen,malum‚volaomniaservo;

355 3722 458 3788 Funis
470 3721 561 3788 enim
571 3719 725 3814 ptaecisu'
737 3723 819 3804 cito,
832 3735 933 3815 atque
944 3724 1092 3816 anquina
1103 3719 1213 3790 soluta
1223 3733 1284 3787 cst.

353 3943 501 4012 Mantica
511 3939 661 4010 canthcri
672 3957 781 4011 costas
793 3835 954 4034 gmlglate
966 3941 1159 4037 premebat,

353 4053 599 4119 Succussatoris
610 4053 705 4134 tetri,
719 4049 875 4147 tardique
886 4052 1018 4122 caballi.

354 4163 481 4226 Verum
491 4158 565 4230 haec
575 4159 677 4229 ludus
689 4161 779 4247 ibus,
793 4185 918 4256 susque
930 4165 1042 4230 omnia
1054 4161 1164 4254 deque
1176 4161 1333 4244 fixerunt,
