2986 4924
435 484 606 552 sirint
629 488 830 570 Quium.
1097 495 1156 584 ยน37

106 619 264 681 Frontem
277 610 320 680 de
331 609 445 681 rebus.
458 611 534 680 Tibi
547 629 640 682 recto
649 617 761 684 vivere
772 616 841 684 tolo

105 735 167 794 Ars
179 722 294 793 dedit?
305 741 339 792 et
351 724 421 792 veri
432 725 579 817 speciem
595 725 794 819 dignoscere
806 727 940 812 callos,
1110 745 1159 800 105

106 842 154 905 Ne
166 859 233 931 qua
245 835 416 904 subaerato
427 836 631 906 mendosum
643 841 765 907 tinniat
774 844 879 907 auro?

104 953 256 1042 Quosque
267 945 442 1043 sequendo
453 949 582 1034 forent,
596 974 742 1045 quaeque
754 951 909 1020 evitanda
921 954 1086 1039 vicissim,

106 1057 167 1127 lllo
177 1061 274 1153 prius
287 1077 397 1143 creto,
410 1085 488 1128 mox
500 1059 573 1131 baec
585 1061 732 1131 carbone
746 1065 892 1132 notasti?

105 1172 770 1268 Esmodicutvotilpressolttrofflulcis
782 1177 932 1268 amicis?-

102 1287 178 1350 lam
190 1307 285 1352 nunc
296 1283 504 1377 adstringat,
516 1281 588 1377 jam
599 1309 693 1354 nunc
704 1287 858 1378 granaria
871 1286 982 1370 laxem
1108 1317 1156 1354 no

103 1399 211 1490 Inque
223 1395 297 1464 luto
311 1395 417 1464 lixum
431 1398 539 1490 possis
554 1399 793 1467 transcendere
805 1423 1006 1484 nummum,

103 1511 171 1575 Nec
182 1507 295 1600 glutto
307 1507 445 1577 sorbere
456 1507 596 1577 salivam
608 1510 870 1579 Mercurialem?

103 1624 183 1686 Haec
194 1641 273 1686 mea
284 1635 382 1702 sunt,
396 1635 512 1702 teneo,
525 1643 630 1716 quum
643 1645 722 1690 voro
733 1619 875 1704 dixeris,
888 1637 961 1690 esto

101 1731 271 1828 liberque
282 1755 323 1802 uc
334 1737 487 1827 sopiens,
500 1735 702 1829 proetoribus
712 1759 752 1804 ac
764 1739 848 1804 Jove
858 1733 988 1804 dextro.

144 1846 204 1912 Sin
216 1859 274 1925 tu,
287 1869 394 1940 quum
406 1845 512 1915 fueris
525 1863 649 1916 nostrae
661 1847 763 1940 paulo
774 1863 853 1916 ante
864 1846 997 1928 farinae,
1108 1857 1157 1913 115

101 1953 299 2024 Pelliculam
311 1971 459 2025 veterem
472 1960 612 2040 retines,
625 1975 678 2041 et,
690 1958 803 2027 fronte
814 1958 960 2051 politus,

101 2075 256 2134 Astutum
268 2067 391 2161 vapido
405 2091 520 2138 servas
532 2068 597 2138 sub
607 2085 744 2163 pectore
755 2068 912 2166 vulpem,

101 2183 185 2266 Qute
195 2176 358 2248 dederam
370 2203 474 2274 supra
485 2180 817 2276 repeto,funemque
829 2181 966 2252 reduco.

101 2425 223 2502 tisun,
240 2423 367 2488 nullum
378 2423 445 2508 jam
457 2444 522 2490 esse
538 2427 573 2490 in
590 2426 684 2490 rebus
698 2427 859 2511 pudorem.
880 2429 928 2490 dn
945 2447 1036 2504 voro,
1053 2428 1158 2490 usne

102 2522 217 2600 uam,
230 2535 287 2584 out
300 2523 490 2604 quicumque
501 2521 569 2584 baec
584 2522 707 2604 objicis,
722 2545 763 2584 on
775 2523 918 2584 doctrino
931 2524 991 2583 tibi
1002 2521 1105 2598 dedit,
1122 2537 1158 2584 ut

1 2617 2 2620 '
102 2643 204 2705 posses
219 2624 315 2684 ritum
329 2638 412 2685 recto
430 2623 506 2707 pede
519 2622 701 2687 instituere?
718 2626 766 2686 An
778 2625 843 2684 veri
862 2623 973 2686 fnlsom
987 2624 1157 2705 imaginem

100 2719 306 2804 dignoscendi
321 2722 437 2805 peritus
449 2743 501 2798 es,
516 2743 556 2784 no
569 2743 631 2804 quo
646 2722 777 2784 forsitan
791 2723 918 2806 species,
934 2743 994 2784 aere
1007 2721 1065 2782 sub
1078 2741 1157 2782 auro

100 2819 232 2897 leonte,
249 2821 403 2910 tinnitum
417 2820 491 2884 edat
507 2821 711 2883 mendosum?
726 2821 881 2904 numquid
896 2822 1070 2903 recognosti
1086 2840 1158 2903 quae

100 2917 255 3001 sequendo
279 2917 400 2994 forent,
424 2939 556 3002 qumque
575 2939 680 2982 rursus
699 2918 863 2994 evitando,
884 2920 1060 3001 notastique
1082 2917 1156 2978 olbo

99 3017 221 3098 priora,
231 3017 406 3100 posteriora
416 3017 524 3098 nigro,
535 3037 597 3098 quo
607 3016 718 3080 melius
727 3015 900 3080 discernas?
908 3017 988 3076 Esne
1000 3013 1156 3076 modestus

100 3115 131 3176 in
141 3117 241 3192 votis,
252 3113 370 3197 frugali
382 3114 493 3190 domo,
505 3114 659 3196 benignus
670 3115 793 3190 amicis3
808 3127 844 3176 ut
855 3116 951 3177 modo
962 3114 1156 3174 frumentum

99 3227 128 3274 et
147 3230 226 3296 opes
245 3211 406 3274 liberalius
426 3212 599 3294 impertias,
619 3212 715 3276 modo
734 3213 884 3276 recondas
904 3226 935 3274 et
952 3232 1100 3285 osservos3
1121 3224 1157 3272 ut

98 3309 236 3372 defixum
252 3311 287 3372 iu
301 3309 369 3372 luto
383 3327 551 3373 nummum
564 3310 755 3372 transeundo
772 3309 948 3392 recolligere
967 3329 1028 3370 non
1046 3309 1156 3391 digne-

99 3413 157 3490 ris,
172 3429 232 3474 nec
248 3409 384 3492 denique
395 3410 435 3472 sis
447 3410 489 3472 ito
503 3409 581 3472 lucri
596 3409 721 3484 uvidus,
739 3423 774 3470 ut
786 3411 933 3485 salivam,
950 3409 1036 3491 quod
1048 3410 1156 3482 aiunt,

98 3509 251 3592 deglutiet
262 3508 487 3572 Mercurialem.
501 3509 532 3570 si
543 3529 615 3570 vere
628 3508 787 3570 offirmare
798 3523 901 3593 potes:
918 3506 985 3570 brec
999 3529 1067 3570 meo
1082 3522 1156 3569 sunt

100 3611 205 3670 omnio
220 3621 315 3688 otque
329 3605 406 3668 milti
420 3607 537 3683 babeo,
548 3605 615 3689 jam
627 3606 707 3668 liber
720 3629 765 3684 es,
776 3604 841 3690 jum
856 3607 996 3690 sopiens:
1010 3607 1083 3668 sutis
1097 3606 1155 3668 tibi

100 3704 203 3768 iurent
223 3719 339 3788 pretor
355 3719 386 3766 et
398 3707 519 3789 Jupiter
532 3703 724 3768 liberatores.

139 3803 208 3864 115.
223 3802 279 3864 Sin
295 3823 369 3864 voro
387 3803 524 3886 priorem
538 3803 681 3866 animum
693 3801 837 3866 nondum
848 3802 977 3879 exuisti,
992 3802 1045 3883 qui
1058 3799 1153 3884 paulo

102 3913 170 3962 tute
182 3898 288 3962 fueras
300 3913 444 3962 servuset
453 3901 699 3984 insipienterque
712 3923 748 3965 sc
761 3920 820 3963 not
831 3899 1017 3964 homunculi
1031 3919 1153 3971 sumum

102 3997 125 4056 si
141 3997 257 4080 pellem
273 3996 377 4058 adhuc
392 4010 529 4059 veterem
547 4001 678 4076 retines,
698 4000 724 4060 si
744 4001 845 4082 specie
861 3999 1011 4073 decorus,
1032 4009 1155 4078 pectore

102 4113 172 4155 ruo
186 4095 358 4158 introrsum
368 4110 537 4179 corrupto,
554 4117 656 4158 servet
669 4096 840 4180 vulpeculae
856 4109 953 4172 ortes,
964 4093 1031 4177 jam
1048 4105 1152 4176 repeto

104 4211 195 4272 quam
205 4213 298 4278 supra
307 4192 450 4256 dederam
463 4195 647 4278 sapientiam
658 4213 693 4256 oc
702 4193 872 4257 libertatem
881 4240 890 4273 ,
899 4192 964 4275 jorn
974 4190 1030 4253 tibi
1042 4211 1152 4273 premo
