3116 4934
340 383 405 463 548
531 380 591 444 DE
616 377 710 445 SIT.
737 377 943 458 LUCILII,
970 377 1191 462 HOIIATII,

264 483 269 504 ⁸
337 524 469 575 tantum
485 507 613 588 avinis,
631 503 755 599 quibus
772 501 949 572 subactum
965 523 1016 572 est
1031 505 1196 599 judicium
1216 527 1249 578 et
1268 533 1388 605 pectus

337 617 500 711 sapientia
522 615 709 698 munitum,
733 613 910 682 sedetiam
933 611 1172 707 ajuvenibus,
1196 621 1297 690 modo
1316 649 1389 692 non

335 727 458 795 obtuso
468 728 536 793 sint
547 727 766 818 ingenio‚aut
774 723 887 793 idonei
896 729 1111 817 praeceptoris
1121 751 1185 820 ope
1197 748 1231 797 et
1239 733 1389 801 consiliis

335 839 496 906 destituti.
512 839 613 904 Levia
630 859 765 931 quoque
778 835 836 902 illa
849 838 929 903 vitia
944 853 1053 928 poetae
1069 842 1193 907 satirici
1210 859 1260 910 tot
1274 847 1390 910 tantis

335 973 401 1044 que
423 945 641 1015 redemerunt
663 946 840 1014 virtutibus
860 963 894 1014 et
914 963 1006 1014 tanto
1027 946 1126 1040 plura
1144 949 1286 1035 hahent,
1309 979 1388 1050 quae

334 1061 429 1130 utilia
442 1078 475 1129 et
488 1057 664 1154 praeclara,
678 1083 781 1154 quarn
791 1083 868 1154 quae
879 1060 1103 1153 vituperanda
1113 1062 1167 1130 vel
1180 1065 1387 1156 ignoscenda

335 1172 453 1242 saltem
467 1172 573 1242 videri
594 1175 741 1265 possint,
757 1187 796 1238 ut
812 1171 889 1264 plus
908 1189 941 1239 et
955 1171 1136 1265 voluptatis
1151 1192 1184 1243 et
1199 1175 1326 1245 fructus
1343 1203 1385 1245 ex

332 1285 487 1368 illorum,
512 1307 616 1378 quarn
640 1306 681 1350 ex
701 1283 844 1350 aliorum
868 1285 1091 1376 scriptorum,
1118 1301 1187 1353 tam
1210 1304 1384 1372 veterum,

333 1420 435 1490 quam
457 1395 705 1473 recentiorum,
726 1390 868 1459 lectione
889 1389 932 1458 ad
953 1416 1014 1460 nos
1038 1392 1213 1461 redundet.
1233 1400 1385 1481 Quanto-

331 1531 412 1601 pere
431 1509 545 1601 itaque
569 1526 625 1571 eos
647 1505 824 1585 RomaniS,
848 1501 906 1570 iIIo
928 1527 999 1571 aevo
1027 1505 1234 1589 viventibus,
1256 1524 1290 1573 ct
1312 1509 1385 1601 pIa-

330 1622 458 1699 cuisse,
474 1633 508 1683 et
523 1615 691 1708 profuisse
702 1611 918 1705 putabimus?
937 1620 1022 1682 Nam
1039 1617 1160 1681 satirici
1177 1633 1305 1707 poetae,
1322 1624 1382 1712 qui
1442 1676 1449 1688 .

329 1753 441 1798 mores
455 1727 651 1795 describunt
670 1724 784 1792 saeculi
806 1726 858 1791 sui
881 1749 1089 1820 suorumque
1110 1726 1324 1819 popularium
1347 1747 1383 1797 et

330 1839 530 1934 aequalium,
547 1836 670 1903 horum
682 1857 819 1929 quoque
835 1837 966 1902 animos
982 1859 1087 1930 quam
1102 1841 1247 1904 maxime
1263 1864 1382 1932 percu-

328 1955 425 2019 tiunt.
496 1946 498 1954 ’

375 2060 463 2147 Quid
475 2065 573 2128 vero?
582 2083 696 2129 nonne
706 2063 850 2128 nimium
859 2065 947 2130 risus
960 2061 1223 2157 facetiarumque
1234 2066 1380 2156 pretium

328 2190 394 2254 est,
413 2174 441 2238 si
455 2170 639 2239 honestatis
656 2171 898 2267 probitatisque
915 2172 1088 2266 impendio
1106 2180 1284 2266 constanti
1303 2180 1380 2242 Jam

327 2279 458 2350 dudum
470 2287 562 2349 enim
580 2281 698 2350 audire
709 2281 792 2349 mihi
811 2281 928 2349 videor
943 2281 1046 2376 paulo
1061 2282 1230 2374 rigidiores
1245 2307 1380 2351 morum

327 2415 484 2462 censores
497 2395 641 2484 graviter
652 2392 809 2460 obscoena
822 2390 896 2467 illa,
914 2409 984 2460 tam
997 2417 1101 2488 quum
1112 2417 1168 2475 ea,
1184 2419 1261 2487 quae
1273 2394 1381 2487 pudo-

327 2529 400 2572 rem
412 2501 588 2571 offendant
600 2519 633 2570 et
645 2519 789 2571 noceant
799 2527 934 2571 morum
948 2505 1106 2586 castitati,
1120 2503 1332 2588 damnantem
1345 2521 1380 2572 et

327 2619 497 2701 Persium,
515 2618 573 2710 qui
587 2616 629 2683 ab
644 2619 700 2698 iis,
714 2605 741 2681 Ii
754 2621 909 2709 (inertum
923 2619 1094 2710 exceperis
1109 2620 1261 2701 satiram,
1276 2617 1379 2710 absti-

327 2734 455 2812 nuerit,
479 2733 617 2797 Horatio
639 2728 817 2820 propterea
837 2745 871 2795 et
886 2727 1043 2796 iuvenali
1061 2729 1294 2802 anteferentes.
1313 2735 1379 2795 Ve-

326 2867 404 2910 rum
425 2844 514 2909 enim
531 2865 610 2908 vero
632 2838 795 2908 salvares
815 2856 884 2921 est,
901 2836 1041 2934 jamque
1058 2839 1157 2906 multi
1175 2863 1310 2908 causam
1327 2839 1378 2906 fir-

326 2975 484 3045 mamque
494 2951 616 3017 horum
624 2961 801 3042 poetarum
809 2967 1085 3044 propugnarunt¹
1097 2979 1105 3035 ;
1119 2953 1196 3017 etin
1205 2949 1257 3018 his
1268 2975 1378 3044 nuper

324 3062 373 3129 ul.
392 3063 510 3151 Koenig
525 3059 585 3147 (de
597 3063 664 3127 Sat.
683 3066 780 3126 Rom.
797 3083 872 3153 pag.
889 3063 932 3153 96
946 3066 1038 3154 seq.)
1056 3058 1153 3153 cujus
1171 3060 1270 3130 verba
1285 3085 1377 3128 nunc

326 3174 547 3252 mesfacere,
572 3189 606 3238 et
630 3171 776 3240 aliorum
801 3173 1093 3240 observationibus
1114 3173 1202 3240 infra
1227 3177 1261 3239 in
1287 3175 1374 3240 notis

325 3281 464 3376 adjectis
483 3283 618 3349 firmare
636 3281 748 3364 liceat,
766 3305 809 3348 ne
831 3281 954 3349 horum
972 3286 1095 3350 scrinia
1112 3281 1309 3376 compilasse
1325 3285 1374 3348 vi-

325 3395 417 3464 dear.
433 3401 514 3463 IIaec
526 3411 639 3462 autem
652 3409 747 3477 sunt,
762 3418 839 3489 queo
850 3395 906 3462 iIIe
917 3396 1117 3487 disputavit:

364 3527 389 3565 ἀ
402 3504 451 3572 Ab
466 3507 622 3572 instituto
634 3529 710 3572 mco
726 3529 795 3572 non
813 3504 944 3572 videtur
960 3505 1123 3590 alienum,
1141 3508 1257 3599 paucis
1275 3527 1313 3572 ea
1327 3520 1375 3570 at·

324 3620 472 3708 tingere,
497 3639 574 3710 quae
596 3615 721 3683 multos
745 3640 862 3707 graves
890 3620 977 3684 viros
1001 3621 1210 3712 nimiumque
1233 3620 1267 3684 in
1287 3613 1373 3708 jocis

364 3779 742 3836 1.De0bsooenismultorim
758 3783 827 3832 scri·
872 3803 933 3855 pag.
956 3783 1140 3854 3007-3024.
1162 3782 1232 3834 Edit.
1256 3779 1372 3832 Ronerd.

323 3877 429 3936 ptorum
446 3862 511 3914 Iocis
530 3862 626 3932 passim
647 3860 769 3910 disseruit
787 3862 828 3911 vir
876 3879 950 3932 ¹7²⁰·
971 3867 1051 3928 (torn.
1070 3864 1121 3929 ΙΙΙ,
1141 3883 1201 3934 pag.
1225 3861 1296 3929 3159
1316 3877 1373 3930 seq.

324 3947 482 4000 clarissimus
513 3941 595 4012 Bayle
625 3945 651 3994 in
688 3943 825 3994 IIictionn.
871 3941 941 3994 Edit.
960 3941 1078 3994 Rotterd.
1101 3943 1182 4012 1702)
1199 3943 1225 3992 iu
1241 3958 1313 4011 oper.
1329 3941 1373 3988 cui

323 4025 413 4076 histor.
436 4025 492 4075 erit.
511 4021 579 4092 (vid.
601 4023 625 4070 in
646 4023 678 4089 ej.
698 4020 753 4071 ind.
774 4023 825 4074 01>-
871 4020 980 4084 titqus‚
996 4009 1217 4074 Ii'clnirrissement
1229 4017 1316 4072 sutiles
1333 4019 1373 4068 oi·
1396 4078 1399 4082 Α

320 4105 442 4172 toenites)
463 4105 570 4174 copiose
589 4121 666 4166 vero,
687 4115 750 4151 tom.
771 4105 823 4166 IV,
869 4101 981 4151 rce'nitc‘s.
