3176 4954
352 384 417 452 388
558 369 622 448 'c
649 384 837 450 Lucrini
864 385 1161 452 raicuuurt

755 607 991 637 mmmvwwt

478 791 555 867 EX
581 790 747 866 LIBRO
773 791 901 866 XXII
929 789 1264 871 SATIRARUM.

858 999 883 1061 l.

348 1155 860 1174 ...............
888 1105 1043 1173 Mercede
1056 1111 1132 1202 qu'ae

343 1215 525 1285 Conductae
539 1214 744 1283 flenoalteno
755 1217 790 1282 in
801 1215 920 1282 funere
933 1216 1093 1319 praefice,

342 1327 451 1399 Multo
463 1347 496 1398 et
508 1327 644 1422 capillos
657 1328 834 1412 scindunt,
848 1344 881 1397 et
892 1327 1039 1398 clamant
1049 1333 1164 1423 magis.

848 1446 890 1507 Il.

343 1549 456 1619 Servu'
467 1574 578 1646 neque
590 1548 714 1617 infidus
725 1549 878 1632 domino,
892 1575 1002 1646 neque
1014 1551 1131 1618 inutili’
1141 1555 1322 1648 quoiquam

363 1673 365 1680 ’
389 1658 520 1728 Luceill
536 1657 713 1727 columella
723 1659 798 1728 heic
810 1659 886 1728 situ'
897 1659 1148 1754 Metrophanes.

836 1778 850 1840 1
870 1776 896 1840 1.

256 1959 258 1966 y
340 1885 509 1976 Zopyrion
520 1881 625 1950 lebias
637 1881 768 1952 discidit
778 1776 962 1978 utrulnque
975 1900 1148 1977 sequutus.

839 1997 895 2060 lv.

339 2105 467 2170 Nasum
478 2101 592 2170 rectiu'
603 2125 695 2200 nunc
709 2101 837 2170 homini
850 2116 918 2184 est,
932 2125 1020 2170 surae
1031 2125 1095 2171 nec
1106 2102 1209 2196 pedes
1222 2103 1297 2172 dici.

746 2319 982 2341 §mmmm

372 2561 378 2582 ‚
461 2481 536 2558 ux
562 2478 726 2556 muno
753 2480 908 2556 xxm
935 2475 1268 2556 striuluuu.

384 2789 555 2883 Cupiditas
571 2812 612 2856 ex
629 2787 785 2869 homine;
802 2682 924 2878 cuplido
941 2809 982 2852 ex
999 2784 1100 2855 stulto
1115 2809 1291 2880 nunquam
1307 2785 1390 2854 tolli-

336 2919 417 2970 tur:
440 2899 530 2994 quod
556 2897 719 2990 cupiditas
744 2921 823 2992 pars
851 2895 1007 2995 quadarn
1028 2901 1071 2966 sit
1092 2902 1307 2992 temperatior
1329 2897 1388 2967 de·

336 3009 446 3077 fluens
462 3033 502 3076 ex
517 3004 684 3098 cupidine.

371 3215 390 3264 1.
409 3213 512 3264 Nonius
528 3232 534 3261 ι
552 3206 667 3282 Pneficoe
683 3207 840 3262 dicebantur
884 3209 957 3282 (edit.
967 3210 1090 3263 Nostra.
1103 3210 1174 3281 287),
1187 3209 1221 3262 ad
1231 3207 1303 3262 hnc:
1316 3209 1390 3264 «Sal-

336 3290 408 3366 apud
419 3295 544 3358 Veteres,
559 3308 618 3361 quae
635 3289 755 3342 adhiberi
770 3290 840 3344 sole·
884 3310 930 3356 ve,
949 3289 1073 3343 columen
1091 3309 1155 3343 vero
1173 3289 1293 3356 familiae,
1304 3314 1315 3336 ι
1333 3287 1389 3342 lraec

334 3371 401 3426 bant
410 3369 631 3424 *funerimercede
642 3369 797 3437 conductae,
810 3383 840 3424 ut
884 3369 1010 3422 dubitans
1025 3370 1103 3436 dicit,
1113 3382 1164 3421 act.
1174 3371 1199 3434 1,
1213 3389 1249 3422 ec.
1261 3369 1277 3422 5
1289 3391 1295 3420 r
1312 3369 1389 3422 Colu-

333 3463 363 3504 nt
377 3450 487 3518 flerent,
507 3461 533 3502 et
550 3449 631 3500 fortia
651 3450 750 3500 mortui
769 3451 839 3503 faeta
884 3467 959 3514 men,
972 3449 1091 3514 culmen,
1107 3466 1142 3500 an
1154 3446 1294 3512 columen,
1313 3446 1388 3506 colu-

333 3528 482 3582 laudarent.
884 3546 955 3580 rnna.
969 3527 1045 3580 Unde
1060 3526 1208 3582 cotumettoe
1224 3525 1296 3598 apud
1308 3527 1387 3577 Vete-

368 3609 401 3660 11.
415 3610 474 3660 fleo
488 3625 550 3660 vera
563 3619 603 3659 eat
618 3608 749 3678 scripture
760 3604 838 3677 hujus
884 3625 925 3659 ree
937 3606 1000 3658 dicti
1011 3608 1078 3659 servi
1091 3610 1198 3679 majoris
1210 3606 1312 3658 dornue.

333 3689 501 3763 pentametri.
514 3685 693 3755 Quintilianus
709 3705 771 3737 vero
788 3705 838 3738 au·
918 3687 962 3737 lll.
977 3686 1082 3738 Nonius
1097 3707 1103 3738 :
1120 3687 1216 3752 Labie,
1233 3686 1322 3737 femin.
1339 3701 1386 3754 ge·

334 3782 393 3823 otor
402 3783 457 3836 est,
466 3771 575 3820 Veteres
585 3765 703 3830 column,
716 3777 837 3836 exempta
881 3767 961 3817 neris.

333 3845 569 3914 nlitera‚scribere
578 3842 836 3905 consuevisee;unde
917 3846 962 3898 lV.
975 3845 1079 3898 Nonius
1092 3867 1098 3896 :
1111 3845 1229 3910 Nasum,
1244 3845 1331 3896 neutri
1340 3861 1388 3916 ge-

333 3941 395 3999 apte
409 3926 530 3981 columen
545 3938 572 3978 et
585 3921 725 3977 columella
740 3921 836 3975 deduci
880 3926 959 3977 neris.

332 4025 411 4075 poree
422 4005 555 4058 ridentur.
568 4003 705 4065 Donatus,
717 4001 744 4051 in
752 3999 835 4053 Phor·
915 4006 935 4055 1.
943 4003 1061 4056 Nonius:
1072 4002 1205 4074 Cupiditas
1212 4014 1238 4053 et
1245 3999 1341 4072 cupido
1351 3998 1389 4050 di·

333 4088 422 4140 miono
444 4085 578 4150 Terentii,
604 4093 655 4135 act.
681 4083 719 4148 ll,
746 4099 782 4133 sc.
806 4099 834 4149 r,
879 4082 1391 4155 verraeununamcupiditesleviorest..

1471 1477 1492 1512 Q
