2970 4936
351 483 401 547 IN
425 480 638 548 SATIRAM
661 481 932 546 SECUNDAM.
1122 485 1164 573 95

105 614 178 666 enim
188 627 220 662 ea
228 626 290 662 esee
302 606 492 673 credebantur,
502 621 560 676 qure
571 623 627 656 non
641 621 671 656 ex
680 602 838 658 humoribus
848 602 976 658 morbidis
986 609 1165 679 provenirent.

107 691 230 746 Hecrob.
241 691 335 745 sonu.
351 689 421 760 Scip.
432 689 462 749 33
478 687 532 739 Cic.
544 684 579 739 tle
588 687 676 738 Divin.
686 687 713 752 1,
725 685 774 753 433
788 687 898 739 Sueten.
908 687 1019 759 Vesper.
1031 705 1056 760 7.

147 816 216 868 Iler.
235 811 278 865 58.
293 809 426 882 Praetput
436 819 514 860 sunto
522 846 531 874 ,
540 807 622 880 sitque
633 803 688 859 illis
697 825 776 858 aurea
792 809 878 860 barba.
887 839 922 848 -
932 809 1063 884 Pmcipui
1074 823 1165 874 sunto,·

113 897 248 968 precipuo
263 891 369 944 honore
382 887 517 956 coluntur,
532 903 589 940 nen
603 891 701 940 minori
716 907 797 961 quarn
811 889 848 942 dii
862 893 952 961 magni
964 893 1024 964 ipsi.
1039 893 1166 965 Proprius

114 977 183 1027 euim
191 991 352 1043 magnorum
361 970 474 1022 &orum
484 968 570 1021 bonos
580 969 687 1020 ridetur
698 969 780 1022 luisse
789 989 869 1022 aurea
882 972 969 1034 barlin·
978 973 1049 1025 Suet.
1057 973 1114 1027 Cal.
1123 975 1165 1028 52.

113 1053 187 1108 Uude
199 1057 300 1106 Noster
314 1049 396 1104 stulto
407 1048 522 1114 bomini,
533 1051 580 1120 qui
590 1046 652 1102 velit
662 1041 789 1101 inferiora
800 1053 911 1102 numina
920 1053 1053 1124 praecipuo
1064 1053 1166 1108 honore

111 1134 256 1206 prosequi,
269 1131 364 1184 tribuit
374 1128 425 1180 has
434 1145 529 1180 voces:
542 1129 626 1200 sitque
636 1125 689 1180 illis
698 1147 777 1181 aurea
790 1130 877 1181 barba.
890 1131 976 1201 Signis
987 1146 1074 1185 autern
1084 1135 1124 1186 vel
1135 1155 1167 1188 ex

109 1229 172 1280 ere,
183 1213 230 1265 rel
246 1231 278 1264 ex
293 1227 426 1263 marmore
439 1209 515 1261 factis
527 1225 609 1261 aurea
621 1208 742 1279 quadam
757 1224 916 1262 ornamenta
933 1211 1067 1284 quondam
1083 1215 1167 1268 fuisse

110 1297 237 1369 apposita
246 1305 354 1346 constat
364 1309 395 1342 ex
405 1289 559 1342 auctoribus
569 1303 650 1361 atque
662 1309 693 1342 ex
705 1291 769 1361 ipsis
782 1293 968 1343 monumentis.
980 1291 1021 1344 sia
1033 1296 1167 1368 praecipuo

110 1373 185 1428 cultu
197 1373 334 1445 propitios
345 1369 396 1423 sibi
408 1367 473 1422 deos
488 1368 703 1420 remunerabant.
714 1368 798 1420 Cicer.
812 1367 847 1420 de
856 1371 950 1422 Natur.
962 1370 1043 1422 Deor.
1056 1375 1106 1439 111,
1119 1373 1167 1440 343

110 1453 205 1506 uum.
215 1454 280 1504 Ver.
293 1451 361 1502 Hist.
375 1450 402 1515 I,
416 1440 462 1510 ηοξ
473 1446 562 1500 Valer.
574 1448 681 1500 Maxim.
693 1447 721 1513 l,
738 1463 760 1513 t,
778 1465 807 1508 ²3
819 1447 929 1502 Lucina.
941 1450 970 1501 in
980 1451 1047 1502 Tisn.
1061 1465 1125 1503 tom.
1141 1455 1168 1520 l,

111 1551 172 1606 pag.
189 1550 252 1602 107,
267 1529 332 1584 edit.
346 1531 428 1590 licina
441 1527 507 1580 Plin.
518 1529 586 1580 llist.
599 1527 661 1579 Nat.
674 1529 782 1599 passim.
793 1527 871 1580 Unde
880 1531 959 1580 etiem
972 1530 1073 1583 locutio
1085 1533 1169 1586 fuisse

110 1614 216 1667 ridetur
233 1625 261 1665 et
276 1615 305 1664 in
320 1609 492 1683 proverbium
510 1607 621 1674 abiisse,
635 1625 694 1680 que
707 1610 820 1661 recurrit
834 1609 907 1682 apud
918 1613 1023 1664 Patron.
1040 1631 1098 1686 cap.
1115 1614 1167 1668 ὅθι

113 1717 124 1738 ι
136 1695 211 1746 Licet
227 1691 336 1744 barbam
349 1707 455 1741 auream
470 1687 600 1740 habeas.-

145 1817 215 1868 Nor.
236 1813 282 1882 59
297 1810 399 1864 Auum
418 1829 479 1864 uta
493 1811 591 1863 Numa
603 1809 781 1882 Sawmiaque
793 1807 902 1882 impulit
916 1827 976 1864 tera.
991 1842 1027 1852 -
1037 1811 1168 1866 Eumdem

110 1913 227 1948 mm
238 1895 340 1946 Noster
351 1895 506 1956 insectetur,
518 1907 572 1962 quo
583 1890 761 1941 vetustissime
773 1905 836 1940 rese
848 1907 920 1942 enee
930 1902 956 1940 et
967 1889 1072 1958 fictilia,
1085 1909 1101 1944 a
1112 1901 1169 1946 mt-

110 1974 213 2045 joribus
222 1971 259 2024 sd
271 1989 315 2024 res
325 1988 413 2024 sueres
421 1967 556 2034 adbibita,
565 1971 592 2020 in
601 1987 680 2020 aum
691 1981 878 2022 mutentur.-
886 1970 954 2022 Vara
964 1969 1075 2034 Numan
1087 1968 1168 2026 teste-

112 2073 175 2120 ees,
189 2052 340 2125 simplicia,
352 2049 443 2122 qualia
454 2047 578 2100 adhibuit
588 2049 680 2102 Numa
690 2049 833 2120 Pompilius
844 2045 1003 2120 religionum
1015 2054 1168 2125 rituumque

1 2182 2 2187 ,
112 2134 185 2208 apud
193 2129 664 2201 Romanorumn—Saturniaque
673 2145 732 2180 oera.
744 2128 796 2182 etii
805 2129 957 2200 intelligunt
967 2149 1050 2185 eneas
1058 2134 1169 2186 Saturni

1 2263 2 2266 ,
114 2227 243 2274 mes:
260 2212 322 2280 atii,
339 2213 408 2264 inter
423 2227 492 2281 quos
509 2211 605 2262 eminet
615 2207 808 2274 casaubonus,
823 2212 943 2280 pecunie
954 2229 1038 2281 gwere
1049 2230 1168 2281 meum,

114 2295 188 2367 quod
203 2294 298 2366 prinis
311 2289 428 2363 rrs'pstbl.
446 2287 610 2360 temporibus
628 2301 683 2341 erat
695 2289 837 2354 usitatum,
853 2307 937 2360 quum
950 2292 978 2342 in
993 2291 1048 2343 κᾶε
1061 2293 1169 2345 smmi

1 2370 2 2448 l
116 2373 254 2447 publicum
268 2372 388 2424 erarium
402 2381 586 2422 asseneretur.
599 2369 716 2420 Priorem
727 2385 788 2419 vere
800 2383 904 2419 sensum
916 2371 1058 2439 posteriori
1068 2389 1169 2444 praepo·

120 2457 217 2520 suerit,
234 2456 257 2506 si
272 2453 353 2506 modo
370 2452 516 2522 respexeris
532 2447 575 2500 hic
592 2447 635 2518 agi
650 2447 684 2500 de
698 2448 778 2500 rebus
794 2450 880 2500 erneis
895 2465 954 2519 que
970 2453 1118 2520 pertineant
1134 2452 1168 2504 sd

120 2535 222 2588 cultum
234 2533 358 2598 deorum,
373 2549 428 2582 nou
440 2547 502 2580 vero
517 2526 550 2580 de
564 2529 596 2580 iis
611 2545 668 2598 quse
681 2525 715 2578 ed
726 2545 804 2578 usum
815 2524 926 2578 civilem.
935 2557 969 2566 -
977 2529 1102 2600 [appulin
1116 2532 1168 2582 im.

1 2591 2 2653 ]
114 2617 215 2690 pellere
224 2616 320 2667 dicitur
332 2613 365 2664 de
376 2629 408 2664 eo
420 2611 465 2682 qui
477 2608 591 2680 aliquem
602 2607 635 2660 de
645 2619 716 2658 statu
725 2607 828 2677 dejicit,
840 2618 867 2657 et
878 2605 1012 2658 labantem
1026 2611 1053 2660 in
1065 2613 1168 2663 ruinam

1 2723 2 2760 3
117 2697 238 2771 impellit.
246 2693 365 2748 Verbum
378 2711 392 2744 e
404 2709 433 2743 re
446 2691 610 2764 gymnasticae
626 2687 796 2753 translatum,
807 2705 857 2758 pro
869 2706 884 2739 e
896 2686 1001 2758 templis
1018 2693 1128 2743 removit
1143 2704 1169 2744 et

1 2835 2 2840 ,
116 2779 249 2831 contemni
269 2777 343 2827 fecit.
365 2775 464 2825 ilerum
483 2789 541 2823 eum
564 2769 763 2822 conversionem
784 2780 965 2838 mutatumque
987 2770 1168 2842 imperialibus

118 2857 212 2910 divitiis
224 2853 380 2927 reipublicae
396 2861 581 2924 paupertatem
596 2848 672 2900 simul
687 2867 748 2901 cum
762 2849 850 2899 Persio
867 2861 1014 2918 queruntur
1027 2852 1168 2922 scriptores

117 2938 200 2990 latini
213 2939 271 2988 fere
281 2951 388 2998 omues,
400 2932 532 3003 praecipue
544 2928 733 2982 Cio.Parndox.
746 2929 770 2991 I;
784 2940 811 2980 et
823 2925 887 2980 alibi
898 2932 1011 3002 passim3
1023 2929 1090 2982 Plin.
1100 2931 1167 2982 Hist.

1 3075 2 3110 ,
116 3021 175 3071 Nat.
186 3017 316 3080 XXXIII,
332 3030 374 3076 ιη
386 3025 437 3064 etc.

151 3145 221 3195 Nor.
241 3140 288 3193 60.
305 3135 473 3208 Vestalesque
486 3153 566 3187 urnas
580 3145 605 3186 et
622 3133 733 3185 Tuscum
744 3129 833 3203 fictile
846 3142 941 3186 mutat.
955 3161 991 3174 ·-
1007 3133 1168 3206 Vestalesque

118 3239 208 3282 πω,-
223 3238 299 3272 uruat
312 3215 447 3288 quondam
460 3213 671 3286 simplicissime,
685 3211 781 3284 quibus
792 3229 887 3283 uquam
903 3211 936 3264 ad
948 3214 1112 3266 secruVeetae
1126 3214 1169 3266 fa·

120 3301 210 3354 tuenda
220 3297 342 3352 Vestales
358 3293 514 3366 gestabant,
533 3306 563 3345 ut
579 3292 612 3344 de
627 3292 734 3368 'I'arpeii
751 3292 804 3344 filia
821 3307 914 3344 notura
933 3305 988 3358 est,
1006 3312 1062 3363 quai
1081 3311 1168 3346 arcem

118 3380 220 3434 Sabinis
228 3377 359 3453 prodidit.
369 3377 421 3427 Tit.
430 3375 517 3438 Liv.I;
526 3373 603 3426 ovid.
613 3374 682 3426 Fast.
690 3374 739 3439 Ill,
751 3389 778 3423 rr
790 3390 892 3443 sqq.-
905 3372 1014 3426 Tuscum
1017 3370 1119 3445 fictile,·
1133 3373 1167 3426 ab

119 3461 251 3526 Etruscis,
270 3460 317 3530 qui
332 3455 444 3529 plastica
463 3467 489 3506 et
505 3453 595 3523 figlina
612 3472 664 3523 prae
683 3453 783 3504 caeteris
799 3449 979 3518 excellebant,
1000 3471 1092 3506 omnes
1113 3454 1168 3506 fere

121 3543 182 3594 ritus
197 3541 337 3610 religiosos
351 3555 413 3588 curn
427 3535 607 3587 instrumentis
623 3531 656 3584 ad
667 3531 779 3583 deorum
794 3531 894 3582 cultum
908 3531 1101 3603 pertinentibus
1112 3535 1168 3584 lto-

121 3623 188 3674 mani
200 3631 371 3692 acceperunt.
384 3619 433 3668 Per
447 3615 557 3666 Tuscum
562 3610 651 3685 fictile
664 3626 777 3683 possunt
789 3611 898 3681 intelligi
911 3630 964 3663 non
976 3631 1038 3664 vasa
1049 3625 1167 3676 tanturn,

121 3701 165 3754 sed
173 3704 231 3773 ipsa
241 3701 354 3752 deorum
364 3693 536 3762 simulachra,
547 3691 708 3767 quoefictilia
717 3691 852 3764 quondam
861 3692 945 3744 fuere.
956 3693 1047 3746 Seuec.
1058 3691 1165 3746 Cousol.

124 3780 153 3832 sd
163 3781 236 3834 lielv.
252 3803 259 3832 ε
280 3781 377 3831 «Tunc
389 3795 438 3850 per
442 3773 540 3848 fictiles
551 3775 609 3828 deos
622 3772 745 3844 religiose
753 3773 926 3843 jurabatur.»
947 3803 982 3814 -
1001 3775 1102 3836 Mutat,
1117 3790 1167 3844 pro

127 3879 194 3913 mum
204 3881 298 3916 eorum
313 3859 391 3912 tollit.
404 3856 487 3910 Simul
500 3875 559 3908 cum
565 3853 694 3928 fictilibus
705 3854 831 3926 pietatem
840 3855 923 3908 inisse
935 3853 1065 3909 sublatam
1076 3873 1090 3906 e
1101 3867 1167 3907 tem-

128 3941 280 4012 plisreteres
292 3953 412 3994 monent.
424 3936 545 3992 Juvenal.
553 3940 604 4005 VI,
617 3936 667 4004 342
681 3955 738 4009 sqq.

154 4117 209 4163 Vsu.
221 4119 261 4164 61.
272 4118 378 4165 Ocurvoe
389 4119 413 4162 in
425 4125 498 4162 terrae
508 4117 590 4160 aalma
598 4122 621 4159 et
631 4111 755 4160 corbatum
765 4114 856 4160 itiones!
866 4137 897 4150 -·-
908 4111 955 4158 Alii
966 4112 1046 4172 legunt
1056 4113 1078 4156 in
1089 4113 1166 4166 ωννῐε,

126 4187 183 4248 qued
196 4203 262 4254 eque
274 4187 345 4234 babet
363 4188 506 4234 auctoritatis
524 4199 548 4233 et
560 4185 698 4240 ustulatis,
714 4184 825 4246 quodque
837 4195 916 4232 tuetur
931 4182 960 4228 ad
972 4196 1066 4228 sensum
1079 4185 1167 4230 Cusan-
