3176 4954
580 449 843 516 CENTONES.
1170 451 1236 538 439

190 588 321 680 Susque
331 582 405 650 hoc
414 577 526 674 deque
537 577 648 662 ittera,
659 578 812 671 inquam,
823 576 947 657 omnia,
959 569 1237 668 ludu’joousque:

191 695 280 767 Illud
292 715 380 786 opus
391 691 584 771 durum,ut
596 689 748 756 Setinum
758 682 952 757 accessimu'
963 685 1063 766 fines,
1215 683 1218 688 '

190 816 323 895 Αἰγίλιπα
333 815 465 870 montes
480 803 585 866 AEtnae
596 821 730 881 omnes,
743 799 871 892 asperi,
884 795 1045 864 Athones.

665 913 757 978 XIII.

194 1072 596 1093 ............
623 1023 683 1089 His
696 1024 808 1094 viscus
819 1018 995 1114 aprinum,

192 1138 252 1206 His
264 1135 380 1206 itidem
391 1138 428 1204 in
439 1158 534 1204 coena
545 1131 639 1202 dabis
652 1149 765 1204 ostrea
775 1129 915 1200 millibu’
927 1143 1064 1198 centum

191 1251 329 1342 Empta,
344 1249 441 1336 (satis
451 1268 610 1338 magnam
620 1267 701 1312 aem
712 1245 873 1338 piscium,
884 1256 920 1309 et
930 1233 1071 1308 altilium
1082 1239 1152 1307 vim

193 1357 407 1442 Interfecisti,
419 1373 459 1426 ut
468 1355 585 1444 video)
599 1381 606 1422 :
619 1373 710 1445 χῑοστι
723 1360 858 1430 δυνάστης.

192 1471 319 1537 Vinum
330 1467 487 1537 defusum
499 1492 519 1536 e
530 1465 632 1562 pleno
644 1464 738 1532 dabit
750 1461 952 1556 oenophoro‚
964 1463 1019 1529 cui

193 1578 249 1646 Nil
262 1578 408 1672 dempsit
418 1577 487 1662 hir,
503 1594 537 1645 et
547 1579 603 1644 cui
618 1573 773 1645 sacculus
784 1569 960 1642 abstulerit
970 1570 1029 1638 nil.

303 1691 307 1698 '
669 1689 758 1754 XIV.

196 1848 527 1864 ..........
553 1801 638 1864 Nam
650 1794 831 1889 sumptibu'
842 1796 973 1888 magnis

69 1982 74 1996 Ι
195 1907 359 2001 Ampliter
370 1923 572 1978 exstructam
584 1907 685 1976 simul
696 1923 799 2002 atque
810 1901 1030 1976 accumbimu’
1041 1925 1209 1982 mensam,

193 2018 302 2090 Maias
313 2019 462 2088 tollimus
474 2021 554 2089 hinc
564 2019 696 2104 ambas,
709 2035 811 2115 atque
822 2015 940 2087 utimu’
952 2019 1049 2086 rictu.

193 2131 338 2200 Pulchre
349 2133 479 2200 invitati
489 2134 606 2216 nimis,
618 2133 813 2228 acceptique
824 2129 979 2222 benigue.

194 2245 345 2311 Vertitur
358 2240 550 2334 oenophoris
562 2241 706 2326 fundus,
719 2245 883 2311 sententia
894 2233 1002 2310 nobis.

195 2352 289 2422 Idem
301 2352 402 2446 epulo
413 2350 526 2433 cibus,
540 2366 641 2446 atque
654 2350 763 2443 epulae
774 2355 793 2422 J
795 2355 866 2418 ovis
879 2354 1129 2444 omnipotentis.

680 2465 752 2530 XV.

197 2626 635 2645 .............
661 2576 750 2663 Quid
762 2579 846 2668 ego?
855 2571 954 2643 simul
966 2559 1077 2642 osuea
1089 2597 1205 2658 cerno,

194 2693 271 2758 Nou
282 2690 391 2756 norim
402 2686 498 2756 fluvii
508 2686 643 2770 limum,
657 2711 697 2754 ac
708 2710 843 2754 coenum
854 2710 971 2779 sapere
985 2688 1118 2778 ipsum?

195 2801 335 2892 Rugosi,
348 2799 505 2893 passique
517 2819 615 2864 senes
627 2789 745 2865 eadem
756 2799 869 2864 omnia
883 2814 1055 2890 queeumt,

195 2912 239 2979 Hi
251 2933 337 3006 quos
348 2909 472 2979 divitioe
486 2908 691 3003 producunt,
706 2925 740 2976 et
755 2923 858 3001 caput
867 2925 1001 3002 rmgunt

193 3018 429 3104 Horridulum,
445 3018 650 3117 quandoque
661 3018 772 3113 pudor
784 3016 826 3086 de
836 3036 972 3111 pectore
984 3015 1118 3103 cessit,'

196 3131 352 3225 Nequitia
366 3144 509 3222 occupat
519 3128 600 3213 hos,
614 3127 817 3223 petulantia,
831 3125 1092 3223 prodigitasque.

673 3243 760 3308 XVI.

199 3395 812 3416 ...................
837 3351 966 3414 Nostris

196 3459 349 3528 Munifioi
362 3476 416 3542 ut,
431 3482 621 3554 manesque
632 3460 695 3528 viri
706 3456 882 3526 videamur
894 3459 1024 3541 amicis,

196 3569 249 3639 Ad
260 3594 390 3639 coenam
402 3569 585 3655 adducam,
600 3585 634 3636 et
644 3571 793 3663 primum
803 3566 896 3636 hisce
908 3565 1088 3637 abdomina
1098 3566 1219 3662 thyrmi

196 3679 451 3750 Advenientibu'
462 3684 557 3775 priva
569 3680 673 3764 dabo,
686 3671 912 3774 cephaleaque
923 3695 1058 3748 atarnae.

197 3797 288 3863 Dans
298 3793 414 3863 bibere
425 3793 469 3862 ab
481 3817 614 3863 summo
618 3844 1021 3862 ............

667 3910 771 3975 XVII.

203 4069 494 4085 .........
520 4014 625 4110 Cujus
638 4040 707 4085 non
718 4017 831 4086 audeo.
840 4015 951 4086 dicere
962 4020 1110 4085 nomeu?

200 4127 289 4212 Quid
300 4129 402 4196 refert
413 4129 511 4198 dietis
525 4129 676 4222 ignoscat
686 4130 831 4209 Mutius,
844 4153 887 4195 au
899 4132 989 4195 nou?
