3176 4954
347 541 413 630 396
584 543 620 605 c.
647 539 837 604 uucruu
861 539 1157 604 rureuuunt

629 731 645 764 ‚
818 667 917 730 xuv.

344 785 454 847 Tuam
463 777 641 870 probatam
649 775 962 869 mihietspectatam
971 775 1399 850 maximeadolescentiam.

812 889 928 952 XLVI.

345 1003 429 1065 Cum
441 995 551 1064 studio
562 998 598 1063 in
612 997 788 1088 gymnasio
803 992 927 1086 duplici
939 1018 1064 1089 eorpus
1076 998 1256 1064 siccassem
1270 993 1350 1088 pila.

800 1108 932 1172 XLVII.

345 1216 443 1285 Malis
456 1240 593 1286 necesse
606 1232 657 1286 est
668 1215 814 1299 lautum,
830 1240 848 1283 e
862 1241 979 1284 mensa
991 1241 1076 1309 pure
1088 1234 1248 1310 capturus
1260 1215 1385 1285 cibum.

796 1331 945 1395 XLVIII.

346 1444 443 1506 Nunc
453 1434 641 1530 ignobilitas
652 1437 703 1504 his
715 1441 839 1504 mirum
851 1461 890 1504 ac
901 1435 1171 1506 monstrifieable.

809 1552 926 1615 XLIX.

345 1659 433 1746 Quid
444 1659 505 1727 tibi
519 1657 707 1726 cavendum
718 1681 851 1740 censes,
864 1659 946 1753 quid
957 1656 1134 1728 vitandum
1146 1661 1312 1726 maxime?

850 1773 888 1836 L.

346 1885 445 1949 Hunc
456 1878 606 1947 laborem
618 1901 747 1962 sumas,
761 1877 896 1949 laudern
909 1883 966 1974 qui
977 1879 1036 1946 tibi
1048 1903 1087 1947 ac
1099 1879 1247 1946 fructum
1259 1879 1355 1946 ferat.

346 2099 444 2188 Quod
457 2103 486 2168 is
498 2098 716 2192 intelligebat,
729 2125 829 2193 posse
839 1994 931 2167 lIaIud
942 2122 1066 2193 paucos
1078 2097 1202 2167 rettuli.

833 2213 904 2278 LII.

346 2325 456 2406 Quam
468 2321 676 2389 fastidiosum
689 2344 729 2388 ac
740 2345 879 2390 vescum
893 2344 971 2387 cum
982 2318 1114 2386 fastidio
1126 2317 1248 2387 edendi
1264 2323 1391 2387 vivere!

824 2435 914 2498 LIII.

346 2541 429 2609 Mihi
443 2541 578 2637 quidem
590 2565 658 2610 non
670 2539 907 2636 persuadetur,
925 2539 1058 2634 publice
1071 2555 1110 2607 ut
1120 2556 1249 2608 mutem
1262 2565 1365 2610 meos.

826 2659 909 2722 LIV.

388 2767 541 2858 Denique
552 2761 637 2832 adeo
650 2760 738 2830 male
750 2787 804 2830 me
816 2764 986 2854 accipiunt
997 2759 1134 2828 decimae
1147 2775 1180 2827 et
1191 2765 1395 2853 proveniunt

342 2870 439 2941 male.
1146 2893 1150 2898 ·

377 3035 456 3086 XLV.
464 3036 569 3088 Nouius
578 3057 585 3087 ε
594 3037 738 3088 Probatum
745 3051 772 3090 et
778 3056 848 3110 spee-
926 3039 1038 3091 XLVIII.
1046 3040 1149 3090 Nonius
1158 3035 1392 3110 :Monstn'ficabt'le

342 3126 426 3167 tatum
436 3117 475 3167 vis
489 3117 596 3185 majoris
609 3129 656 3168 est.
926 3117 1016 3170 XLIX.
1031 3119 1135 3170 Nonius
1154 3139 1159 3168 :
1179 3120 1249 3168 Inter
1262 3133 1352 3167 cavere
1368 3131 1396 3168 et

301 3199 313 3212 “
376 3196 847 3262 XLV1.Nonins=Siceum,exerei-
891 3197 972 3248 vitare
982 3195 1098 3248 Lucilius
1112 3213 1169 3248 esse
1183 3193 1336 3246 distantiam
1348 3211 1396 3244 vo-

341 3274 587 3347 turn-Duplieem
595 3275 846 3349 pileminterpreta·
890 3275 955 3341 luit,
969 3287 995 3326 et
1008 3275 1069 3346 plus
1082 3293 1140 3328 esse
1154 3275 1240 3326 vitare.

340 3367 383 3405 tur
391 3353 480 3405 Dousa
488 3369 654 3429 magnumst
662 3355 845 3428 quamsollem
925 3355 954 3406 L.
965 3356 1083 3407 Nonius:
1094 3355 1216 3419 Sumere,
1230 3355 1374 3423 suscipere.

338 3430 529 3504 puqilaton'um
542 3447 620 3486 vocat
631 3431 756 3501 Plautus,
771 3434 846 3506 quod
924 3434 965 3486 LI.
980 3434 1084 3486 Nonius
1102 3455 1108 3484 :
1128 3431 1241 3502 Referre,
1258 3431 1394 3501 perferre,

340 3527 449 3580 pugno,
464 3529 519 3561 non
530 3511 635 3582 palme,
650 3526 843 3584 percuteretur.
890 3512 1019 3566 Indicare.
1183 3568 1192 3580 ,

340 3588 381 3641 Sic
393 3589 549 3654 Turnebus,
564 3610 613 3662 per
624 3592 754 3663 duplicem
757 3591 844 3664 ficum
924 3592 976 3643 LII.
987 3591 1106 3642 Nonius:
1123 3589 1246 3655 Vestam,
1258 3587 1334 3640 nimis
1345 3589 1394 3641 ob-

339 3676 416 3738 putat
435 3668 574 3719 Horatium
592 3671 740 3741 significare
759 3674 845 3740 majo·
889 3688 1005 3722 seurum.

340 3763 394 3796 rsrn
400 3783 410 3811 ,
421 3757 448 3798 et
459 3764 515 3817 quse
525 3749 639 3800 marisca
647 3747 845 3800 vocabatur.·-
923 3747 988 3800 LIII.
1007 3748 1111 3801 Nonius
1125 3769 1131 3796 ε
1149 3749 1264 3811 Mutare,
1275 3742 1396 3798 derelin-

342 3825 438 3894 Corpus
450 3825 595 3890 sicconem,
605 3839 654 3878 ete.
665 3825 754 3891 Idest,
765 3827 845 3897 ‹ques-
890 3845 980 3900 quere.
997 3829 1161 3881 vetustiores
1177 3827 1307 3880 editiones
1323 3827 1398 3878 fere·

340 3903 526 3974 sissemeorpus
535 3905 726 3974 persuaderem,
742 3905 843 3956 utCor·
888 3907 978 3962 bant:
1002 3907 1094 3960 th'lt'
1113 3908 1219 3980 quidem
1237 3907 1399 3978 pmdent

340 3981 425 4036 nelius
438 3981 543 4048 Celsus,
552 3981 639 4035 bonus
649 3983 785 4037 latinitatis
795 4002 844 4036 su·
887 3983 990 4060 publice
999 3997 1101 4040 mutare
1112 4005 1210 4040 meos·-

341 4074 408 4127 utor,
425 4060 550 4135 quuitur.
924 4065 987 4116 LIV.
998 4067 1116 4118 Nonius:
1128 4067 1301 4131 vaentum,
1315 4065 1397 4118 etiam

375 4142 474 4194 XLVII.
497 4144 623 4196 Nonius:
644 4145 772 4208 Lautum,
794 4163 843 4198 nn·
889 4143 1017 4196 malarum
1035 4163 1121 4198 rerum
1143 4143 1195 4196 diei
1213 4144 1326 4198 Veteres
1348 4163 1397 4197 vo-

340 4217 412 4271 dum.
426 4220 515 4274 Idem:
532 4226 643 4295 capere,
657 4225 784 4296 accipere.
888 4223 1002 4276 luerunt.
