2986 4924
338 395 388 459 tu
412 393 623 462 sternant
647 399 883 482 Qurn'rntu
1068 429 1135 498 209

83 523 125 576 Gt.
141 523 213 592 virg.
231 521 329 592 Georqq.
349 521 399 587 IV,
420 519 481 588 till.
496 551 533 561 -
548 521 723 577 casaubonus
741 523 815 578 malit
834 523 886 596 legi
904 546 958 580 ura
975 547 1026 600 pro
1044 551 1135 586 unum.

82 601 161 654 Certe
176 619 230 654 usta
242 601 326 672 mapa
338 601 407 653 foret
420 600 582 652 concinnum
593 619 654 653 cum
664 602 764 674 pariter
771 624 780 664 ‚-
792 603 839 657 aad
851 606 1025 661 verosimilius
1040 623 1081 664 est
1095 630 1138 666 cu·

83 681 221 734 riosiorcrn
240 681 330 732 Persio
350 678 482 749 placuisse
503 682 752 735 constructionem:
772 697 894 736 caeterum
912 705 994 738 uuum
1013 703 1058 742 aut
1083 711 1138 746 uua

83 758 153 812 idem
164 759 236 813 ualet
249 757 283 810 ad
298 777 419 824 sensum,
435 756 496 810 licet
512 755 588 820 aliter
598 760 694 830 Koenig
710 773 825 812 censeat.
835 789 876 800 ,..
887 763 1069 835 Disponimus,·
1080 769 1136 824 dig.

83 841 223 894 tribuimus
243 840 272 890 in
289 840 363 891 varia
377 837 430 890 diei
442 857 473 892 sc
489 841 575 892 noctis
592 852 722 911 tempore.

118 963 185 1014 Nor.
200 962 246 1030 lq.
256 961 345 1033 Atque
356 959 501 1012 uerecunda
511 958 631 1014 tuamne
643 961 708 1013 seria
719 965 864 1015 measa.²-
874 961 1023 1029 laxamus}
1033 969 1137 1024 relaxs-

83 1059 154 1108 mus,
171 1043 346 1101 remittimus3
362 1039 482 1092 luamus
496 1039 560 1093 seria
568 1061 577 1101 ‚-
592 1041 717 1093 Persiana
730 1038 830 1093 locutio
843 1061 895 1114 pro
914 1043 1063 1104 relaxamus
1078 1056 1137 1107 ani.

84 1139 154 1172 mum
176 1139 193 1172 a
211 1120 292 1173 seriis.
310 1147 348 1158 -
364 1121 457 1170 Mensa
479 1119 639 1181 uerecundu,·
660 1137 711 1190 per
730 1137 864 1187 mensam,
885 1121 940 1174 ubi'
954 1130 1088 1182 vescimur
1110 1147 1138 1185 et

79 1198 230 1267 joculamur
247 1198 410 1265 verecunde,
426 1210 457 1250 ut
471 1197 575 1252 sobrios
592 1216 681 1270 neque
699 1218 762 1252 vero
782 1200 870 1250 mistas
885 1199 969 1256 decet.
987 1207 1021 1258 A.
1035 1207 1135 1265 Gellius

83 1279 125 1332 lib.
138 1281 217 1348 xltl,
231 1297 293 1352 cup.
307 1298 332 1332 s.
345 1278 465 1332 Athenaei
475 1278 694 1351 Deipnosophist.
710 1279 830 1334 Mseroh.
843 1281 905 1348 Vll,
920 1299 943 1336 1.
1122 1273 1126 1286 ¹

111 1407 174 1452 Vtri.
188 1405 232 1464 45,
247 1405 288 1462 46.
302 1407 356 1453 Non
368 1406 471 1469 equidem
479 1403 622 1452 laudaliter
635 1405 918 1470 mulommfiedemeetto
936 1412 1068 1464 commatre
1079 1418 1135 1466 diss.

83 1503 111 1514 -
120 1478 174 1526 Edit
186 1479 246 1526 Cod.
260 1479 336 1526 MMS.
351 1475 428 1534 sote:
439 1480 523 1526 Nonne
532 1477 620 1542 quidem
635 1476 787 1535 ltocdubites,
802 1494 854 1540 quac
867 1479 936 1530 lectio
946 1483 1056 1533 mendum
1068 1489 1136 1536 vide-

82 1561 118 1596 tur
127 1549 227 1598 librarii.
242 1548 325 1596 Ceteri
335 1550 409 1594 atita.
420 1564 501 1595 omnes
510 1560 533 1594 et
543 1547 658 1595 editiones
669 1547 845 1597 laudatissimae:
859 1555 912 1600 Non
925 1558 1027 1620 equidem
1041 1557 1081 1606 liae
1093 1561 1138 1607 du-

83 1619 142 1668 bites.
159 1625 272 1667 Attamen
285 1621 382 1668 observa
399 1635 444 1665 aon
458 1635 512 1665 cum
526 1615 673 1682 subjunctivo
685 1637 729 1684 pro
745 1637 787 1677 tic,
804 1625 867 1688 quod
882 1643 960 1673 rarum
975 1632 1058 1677 estrei
1073 1633 1137 1696 apud

81 1707 167 1757 μοι,
177 1719 210 1729 -
219 1693 282 1739 Deae
297 1709 341 1756 pro
356 1691 416 1746 dies,
431 1690 497 1753 quod
517 1690 590 1737 edunt
603 1693 685 1738 “ΜΜ8.
701 1691 811 1752 Codices,
826 1697 942 1746 nonnullis
956 1701 1029 1763 recipi
1039 1714 1137 1750 testatur

83 1767 248 1822 stmubonuu
264 1763 395 1828 etquidem
409 1762 512 1810 deoshic
526 1763 679 1826 intelligerent
693 1769 760 1828 qussi
773 1771 859 1832 qenins,
877 1773 907 1816 At
922 1771 970 1818 df„
987 1787 1066 1821 „mm
1085 1792 1138 1824 m,

83 1837 205 1885 lecticam
212 1840 350 1900 argumento
362 1845 416 1882 sunt
424 1850 504 1882 sersus
516 1836 674 1898 insequentes.

113 1947 182 1999 Nor.
202 1941 254 2011 45,
267 1941 310 2010 46.
325 1943 387 1994 Νοη
401 1939 520 2015 equidem
536 1939 584 1993 ltoc
598 1941 696 1994 dubites
710 1943 845 1996 ambonem
856 1946 959 2018 fudere
976 1963 1043 2004 certo
1065 1955 1134 2006 Coa.

83 2027 172 2082 entire
185 2024 256 2090 dies,
274 2031 300 2076 et
310 2023 342 2074 ab
354 2038 407 2073 uuo
418 2020 501 2073 sidere
512 2021 579 2072 duci.
589 2049 626 2060 —
635 2022 703 2074 Non
718 2025 836 2096 equidem
856 2026 905 2079 loc
919 2028 1033 2094 dubites,·
1049 2053 1135 2106 graece

84 2104 124 2156 nie
139 2103 168 2158 ὶι
188 2103 272 2168 saian
292 2099 389 2173 quibus
410 2099 608 2166 locutionibus,
629 2101 669 2151 uti
690 2101 864 2156 Caecubonus
881 2109 1002 2178 apprime
1020 2112 1134 2183 colligit,

83 2185 196 2238 libenter
214 2185 315 2235 utimur
334 2199 388 2232 non
407 2199 489 2252 quum
510 2199 572 2232 vera
590 2199 632 2233 rea
647 2193 685 2234 est
704 2181 804 2254 deque
819 2184 971 2259 loquimur,
986 2190 1032 2243 sed
1051 2213 1134 2266 quum

83 2284 142 2318 vero
163 2262 304 2317 simillima.
324 2259 453 2332 Equidem
471 2258 622 2312 affirmandi
640 2261 786 2332 particula,
805 2262 849 2316 hic
868 2286 928 2320 vere
946 2287 995 2322 suo
1017 2271 1085 2327 loco.
1097 2303 1134 2313 ..

83 2347 182 2398 Foedere
199 2354 287 2405 certo,·
309 2356 381 2394 certa
402 2341 601 2412 constitutaque,
615 2338 674 2412 lege
694 2341 809 2414 quadam
828 2346 892 2409 lati3
913 2352 1134 2426 quotiescumque

84 2427 151 2476 eninr
172 2423 206 2476 de
223 2421 327 2494 legibus
350 2423 398 2473 fati
416 2433 462 2473 sut
480 2421 581 2473 mundi
595 2423 697 2492 agitur,
721 2441 814 2476 vocem
835 2421 925 2496 faedus
942 2445 1081 2501 usurpant.
1097 2463 1134 2473 -

83 2506 222 2558 Ambustum
231 2527 243 2568 ,·
259 2507 299 2556 tui
313 2523 344 2556 ac
361 2503 421 2554 mei.
435 2531 471 2542 -
483 2503 630 2572 Consentire
645 2501 713 2563 dies,·
730 2508 873 2558 convenire
888 2521 979 2562 nostra
996 2523 1134 2584 tempora,

82 2603 199 2642 nostram
210 2589 305 2652 unam,
318 2588 396 2656 cujus
406 2585 555 2657 precipuas
566 2597 657 2655 partes
667 2585 831 2654 genituram,
847 2600 950 2654 ortum,
964 2593 1133 2662 conjugium,

83 2672 213 2722 tonum
227 2683 383 2739 prosperam
394 2665 437 2719 rel
450 2665 603 2729 adversam,
616 2678 727 2717 mortem
739 2665 861 2720 sideribus
869 2667 1013 2742 alligabant
1026 2672 1132 2726 mathe-

82 2749 178 2800 matici.
202 2748 364 2819 Perautiquae
388 2743 512 2796 videntur
535 2741 700 2816 astrologice
718 2743 767 2796 illae
791 2748 950 2818 opiniones,
972 2753 1133 2806 recentiores

82 2842 172 2882 tamen
183 2829 271 2900 primis
283 2823 512 2880 observationibus
527 2826 708 2897 AEgyptiorum
723 2838 749 2876 et
760 2825 944 2881 Chaldaeorum
962 2828 996 2882 de
1007 2831 1063 2884 caeli
1077 2850 1133 2884 mo·

83 2907 160 2960 tibus.
176 2907 285 2959 Constat
296 2925 358 2959 vero
366 2908 423 2975 jam
440 2905 530 2956 indea
546 2903 724 2956 Ptolemornm
740 2918 815 2959 aetate
836 2908 1006 2980 astrologiam
1016 2913 1132 2982 viguisse

82 2985 171 3058 (lleyn.
179 2984 311 3056 opuscul.
325 2998 389 3036 tom.
401 2986 428 3050 1,
441 3003 470 3055 p.
487 2981 552 3054 roq)
564 2985 674 3054 ejusque
688 2983 846 3054 prejudiciis
859 2989 1040 3060 mancipatum
1049 2991 1131 3042 fuisse

82 3067 170 3140 uulgus
178 3067 338 3131 Romanum,
346 3064 629 3136 temporibuslloratii,
636 3063 717 3116 Persii
725 3065 1025 3140 etJuvenalis3quorum
1032 3073 1131 3142 scripta

82 3147 197 3200 redolent
213 3163 307 3198 omnes
320 3143 460 3217 aequalium
474 3145 627 3215 opiniones,
641 3140 712 3194 hauc
725 3163 788 3197 vero
802 3149 956 3218 presertim,
967 3167 1018 3222 qua
1031 3149 1131 3202 reban-

83 3239 122 3278 tur
132 3231 196 3281 ritas
207 3226 346 3280 hominum
358 3225 420 3277 duci
435 3223 574 3277 sideribus.
586 3226 678 3276 Horat.
691 3224 743 3278 od.
753 3228 790 3294 11,
806 3243 851 3297 17,
864 3245 894 3281 ar
908 3247 968 3301 sqq.
983 3229 1041 3283 Vid.
1052 3230 1129 3283 Nost.

82 3305 139 3360 edit.
155 3321 218 3360 tom.
231 3307 258 3374 1,
271 3326 300 3380 p.
312 3305 380 3369 2323
394 3317 450 3357 not.
464 3321 505 3374 17.
515 3304 563 3356 Eu.

280 3439 403 3493 Utrumque
414 3445 515 3480 nocuum
524 3432 647 3478 incredibili
660 3435 727 3478 moab

281 3507 395 3550 &mestit
403 3513 493 3548 uuum.

84 3615 118 3667 n.
131 3615 242 3689 sputu.
255 3615 296 3682 tt,
309 3631 342 3679 α,
362 3613 427 3682 187:

279 3731 324 3775 Scit
332 3731 408 3788 genius
418 3727 489 3773 natale
499 3742 574 3773 comet
583 3729 621 3786 qui
632 3736 738 3786 temperet
747 3739 838 3773 astrum.

86 3843 198 3897 lurensi.
211 3847 275 3911 Vll,
292 3843 340 3914 ¹94
353 3862 425 3916 sqq,
443 3842 512 3895 ridet
523 3840 670 3942 astroloqiq
684 3841 808 3894 oracula:

351 4019 357 4026 .
468 4000 521 4012 .....
532 3967 600 4012 Distat
609 3967 669 4010 enim
678 3979 726 4023 quat

277 4036 352 4080 Sidera
363 4047 383 4078 te
392 4035 500 4092 excipiant
509 4034 576 4078 modo
583 4033 666 4091 primos
675 4032 813 4091 incipientem

279 4103 346 4148 idere
357 4101 449 4160 regitur.

195 4179 261 4246 m.
