3148 4950
451 414 610 481 pensu
635 415 695 478 nr
719 415 999 479 JUVENAMS
1185 414 1244 478 531
1351 401 1357 411 '

207 567 271 646 nec
294 545 407 610 minus
433 556 595 633 prorupta
619 537 760 606 audacia
786 535 993 631 deorumque
1018 555 1251 650 contemptus,

209 677 313 750 quam
333 650 454 722 servile
477 650 678 744 obsequium
703 665 736 717 et
755 647 851 716 anilis
872 649 1073 744 superstitio.
1099 640 1253 717 Honores

209 791 278 836 non
300 761 477 832 virtutibus
500 761 694 855 meritisque
718 759 897 852 patebant,
920 758 978 826 sed
1003 757 1057 826 vel
1079 758 1200 828 divitiis
1222 779 1255 829 et

211 876 393 957 nobilitati,
414 873 468 942 vel
486 872 642 941 sordibus
659 873 855 996 artibusque
873 869 1069 939 inhonestis.
1090 839 1255 972 Astudiis
1306 934 1309 940 .

212 985 434 1057 severioribus
449 983 550 1077 plane
561 955 787 1050 abhorrebarit
797 981 993 1050 hominum
985 983 1117 1072 ingenia
1126 1034 1142 1063 ,
1151 1007 1257 1109 quum

212 1099 345 1166 luxmia
364 1113 465 1190 atqua
483 1091 638 1162 libidines
652 1112 721 1160 non
736 1095 887 1186 corporis
904 1108 1056 1174 tantum,
1079 1091 1139 1159 sed
1156 1096 1256 1162 animi

217 1210 316 1276 etiam
329 1210 417 1274 vires
428 1209 644 1300 vigoremque
655 1219 791 1272 omnem
805 1205 1064 1296 exstinguerent.
1079 1205 1144 1290 Qui
1155 1201 1259 1296 philo·

216 1318 401 1413 sophorum
414 1339 538 1386 nomen
553 1333 587 1387 ct
597 1339 723 1385 munus
735 1315 994 1410 profitebantur,
1012 1317 1040 1382 si
1054 1317 1214 1384 Senecam
1229 1333 1262 1384 et

215 1425 401 1496 eoi-nutuin
415 1430 557 1507 Stoicos,
575 1425 725 1520 aliosque
736 1423 918 1492 admodum
934 1447 1059 1516 paucos
1074 1427 1261 1518 exceperis,
1343 1454 1361 1482 ··

218 1539 271 1608 vel
288 1538 500 1631 voluptatum
517 1536 682 1605 illecebris
698 1538 787 1629 capti
809 1537 967 1628 Aristippi
988 1551 1022 1602 et
1037 1537 1188 1629 Epicuri,
1208 1535 1263 1604 vel

218 1645 411 1742 disputandi
420 1663 551 1715 tantum
563 1645 744 1741 cupiditate
754 1645 846 1714 ducti
856 1643 1042 1713 Academia
1056 1645 1262 1739 disciplinam

219 1761 450 1840 sectabantur,
466 1758 520 1826 vel
539 1758 611 1827 sola
622 1780 717 1826 vanae
729 1761 961 1826 ostentationis
970 1781 1070 1825 causa
1081 1762 1264 1828 Stoicorum

222 1888 389 1966 praecepta
401 1886 435 1937 et
446 1872 657 1964 gravitatem,
674 1891 744 1936 non
755 1870 823 1936 vita
837 1884 870 1936 et
880 1864 1047 1949 moribus,
1067 1867 1126 1937 sed
1138 1869 1265 1952 verbis,

221 1981 345 2063 berbn,
366 1979 566 2072 supercilio,
588 1983 710 2048 vestitu
731 1995 764 2046 et
779 1981 887 2046 victus
905 1979 1083 2072 asperitate
1102 1984 1268 2074 exprime-

222 2094 320 2176 bant,
334 2093 388 2161 vel
405 2093 550 2188 deniqne
568 2090 653 2160 nulb
665 2107 764 2159 sectae
775 2089 915 2172 addicti,
933 2114 1037 2184 apum
1055 2093 1178 2174 instar,
1193 2115 1269 2186 quae

224 2204 430 2287 arriderent,
460 2203 611 2300 undique
641 2201 843 2270 delibabant.
873 2199 1091 2298 Eloquentia,
1117 2201 1269 2272 libertate

225 2320 372 2412 primum
388 2333 423 2384 et
437 2314 559 2384 deinde
572 2317 712 2384 comitiis
725 2313 841 2408 populi
857 2338 878 2380 a
892 2314 1026 2382 Tiberio
1043 2311 1182 2384 sublatis
1199 2340 1270 2384 mu·

226 2431 369 2522 tatisque
382 2427 532 2496 moribus
541 2451 581 2495 ac
595 2425 729 2509 studiis,
741 2451 761 2494 a
774 2422 901 2493 lumine
914 2423 1038 2494 forensi
1050 2442 1084 2494 et
1094 2450 1271 2494 causarum

225 2557 295 2606 tam
311 2542 449 2608 veritate
468 2561 570 2632 quam
589 2539 749 2629 gravitate
767 2534 810 2603 ad
822 2531 947 2627 judicia
965 2538 1269 2616 centumvirorum,

160 2663 162 2668 '
227 2648 271 2716 ad
297 2647 501 2716 adulatorios
525 2648 744 2740 panegyricos
768 2647 802 2712 in
828 2660 945 2712 senatu
971 2638 1144 2713 habendos
1171 2645 1270 2712 etad

230 2755 420 2826 scholarum
432 2754 588 2824 umbram
600 2753 819 2848 fictorumque
829 2775 1006 2820 causarum
1018 2751 1195 2821 simulacra
1206 2770 1273 2821 tra-

230 2861 433 2950 ducebatur,
452 2882 485 2936 et
510 2870 557 2935 sic
580 2869 688 2935 omnis
704 2868 810 2932 oratio
827 2887 847 2930 a
863 2863 1007 2930 naturali
1026 2862 1273 2957 pulchritudine

230 3001 270 3046 ac
288 2979 443 3061 veritate,
462 2999 483 3046 a
504 2977 732 3072 simplicitate,
752 2977 913 3068 gravitate
933 2991 967 3042 et
986 2973 1208 3057 sublimitate,
1231 2973 1274 3043 ad

232 3088 406 3156 rhetorum
421 3087 559 3157 subtiles
575 3092 722 3180 argutias
734 3096 768 3155 et
782 3085 946 3181 puerilem
962 3089 998 3153 in
1016 3083 1159 3155 dicendo
1176 3112 1274 3154 orna·

232 3216 326 3280 tum,
346 3195 390 3263 ad
410 3199 582 3291 quaesitam
608 3194 789 3292 quamdam
816 3195 1014 3289 elegantiam
1040 3213 1074 3264 et
1096 3196 1275 3265 verborum

233 3306 418 3389 luxuriem,
439 3307 558 3374 robore
574 3309 753 3401 nervisque
770 3307 981 3387 destitutam,
1000 3306 1043 3374 ad
1060 3308 1196 3377 inanem
1216 3307 1276 3376 do

117 3441 122 3462 ·
234 3421 349 3487 ctrinae
365 3420 620 3485 ostentationem
636 3417 949 3511 affectationemque
967 3421 1048 3485 artis
1066 3417 1274 3488 deflectebat.

235 3530 366 3596 Poetica
379 3528 504 3609 oratio,
521 3529 571 3594 vis
588 3542 622 3595 et
636 3526 774 3595 facultas
787 3550 807 3597 a
822 3531 957 3610 natura,
971 3529 1104 3620 ingenio
1121 3546 1277 3625 rectoque

232 3625 376 3732 judicio,
391 3664 411 3705 a
423 3637 544 3732 quibus
555 3655 622 3706 tota
635 3637 774 3731 pendet,
784 3637 828 3706 ad
840 3653 946 3706 artem
962 3655 995 3707 et
1008 3658 1191 3732 praecepta,
1201 3663 1277 3736 quoe

236 3750 307 3816 sina
325 3747 390 3818 iilis
408 3767 529 3842 parnm
549 3739 679 3829 velent,
703 3771 846 3845 quaeque
867 3771 1004 3817 sensum
1017 3769 1136 3818 verum
1148 3775 1188 3819 ac
1203 3749 1278 3843 pul-

237 3859 376 3942 chrum,
395 3883 508 3928 acrem
522 3875 554 3927 et
568 3877 724 3944 acutum,
746 3859 836 3929 alere
854 3857 991 3954 quidem
1005 3877 1039 3928 et
1055 3886 1191 3954 regere,
1210 3883 1279 3928 non

238 3973 367 4038 veroin
391 3970 476 4053 illis,
492 3969 615 4066 quibus
631 3995 650 4038 a
669 3988 788 4039 natura
807 3971 990 4062 denegatus
1010 3986 1075 4048 est,
1094 3975 1229 4064 gignere
1247 3986 1281 4037 et

240 4080 383 4147 excitare
398 4097 556 4174 possunt,
570 4080 641 4174 jam
654 4099 796 4149 exeunte
811 4080 933 4154 saeculo
948 4088 1117 4172 Augusteo
1131 4080 1282 4150 deverte-

1074 4193 1128 4275 34·
