3026 4944
353 522 394 602 to
523 519 678 584 vintru
701 489 970 590 uacrtours
993 521 1055 585 ur
1077 521 1213 588 noun

350 646 424 716 quusi
436 644 499 696 citra
514 643 648 716 dialogum
659 646 733 717 poni.
753 675 789 686 -
815 645 892 698 Uncis
903 645 1008 698 naribus
1018 664 1067 718 pro
1079 648 1155 712 risui,
1170 640 1400 714 subsannationi}

335 727 442 792 ‚satim
455 725 538 776 Nares
549 723 638 776 soluto
650 728 703 776 risu
715 724 907 777 contrahuntur
918 737 944 777 et
958 728 1139 789 incurventur3
1152 724 1223 778 unde
1236 727 1389 799 suspendere

349 823 411 857 noso
419 803 522 856 adunco
532 817 559 856 et
568 803 702 877 induique
714 805 785 858 uncis
797 803 902 856 nuribus
910 823 960 876 pro
970 804 1069 870 ridere,
1081 803 1208 858 deridere.

383 913 451 964 Nor.
465 911 608 980 4ι,4π.Αη
616 912 664 978 erit
670 911 716 983 qui
723 910 888 964 velleret-teret
897 911 930 964 Os
936 909 1029 984 popuii
1035 903 1286 966 meruisse—Velie
1293 923 1390 964 recuset

347 991 442 1042 fortius
454 991 594 1061 veriusque
606 1009 684 1063 quam
694 990 769 1042 nolit.
779 1021 815 1030 -
828 990 862 1043 Os
870 988 978 1063 popuii,
990 993 1087 1043 famam
1099 1005 1126 1045 et
1137 991 1228 1044 laudes
1239 990 1387 1042 hominum.

347 1069 388 1122 Sic
405 1070 501 1135 fermo,
514 1072 584 1141 Virg.
604 1070 700 1141 Georg.
713 1069 761 1136 ΙΙΙ,
775 1085 793 1138 9
806 1090 812 1120 ε
836 1069 950 1124 thrum
964 1070 1072 1122 volitare
1082 1089 1131 1143 per
1143 1087 1217 1123 oron
1234 1071 1276 1122 Sic
1287 1087 1388 1140 graece,

347 1147 407 1200 trr‘t'rr
417 1133 460 1200 riui
470 1145 584 1214 eriperer
597 1140 664 1201 ittet.

382 1253 450 1306 Nor.
470 1253 513 1320 ia.
526 1253 643 1306 Etcedio
650 1249 846 1328 diqnoiocutus.
856 1283 892 1292 -
903 1253 996 1320 Cedro,
1008 1272 1056 1324 pro
1069 1252 1128 1305 oleo
1141 1255 1244 1306 cedrino
1256 1255 1389 1323 positum

347 1346 372 1386 et
384 1333 459 1386 cedro
467 1333 546 1408 digno
555 1333 702 1405 euntdigna
714 1350 773 1403 que
783 1346 928 1398 serventur,
937 1333 1015 1403 digna
1025 1334 1228 1386 immortalitate.
1239 1335 1338 1384 Vitruv.
1350 1334 1389 1399 ii,

345 1429 371 1480 9.
390 1414 448 1465 «Ex
460 1413 533 1465 cedro
543 1412 645 1480 oleum,
661 1411 733 1484 quod
743 1412 873 1464 cedrinum
890 1412 995 1478 dicitur,
1007 1415 1132 1479 nascitur,
1145 1431 1198 1484 quo
1210 1411 1316 1482 reliquie
1330 1430 1389 1480 res,

346 1505 501 1563 quumsunt
513 1504 612 1558 unctae,
623 1505 653 1544 ut
664 1493 744 1544 etiam
751 1490 824 1557 libri,
834 1509 849 1542 a
859 1494 935 1545 tineis
948 1505 998 1544 eta
1009 1495 1077 1545 carie
1087 1511 1141 1545 non
1151 1491 1290 1545 luduntur.
1300 1515 1310 1538 ι
1322 1493 1388 1544 Hor.

345 1572 373 1622 iu
384 1573 462 1638 Arte,
474 1572 525 1624 332
535 1588 593 1643 sqq.

675 1651 825 1707 ...Speremus
831 1650 930 1694 carmina
937 1649 989 1707 fingi

545 1719 607 1760 Posse
615 1715 701 1760 linenda
708 1718 785 1766 cedro,
795 1727 817 1759 et
823 1716 870 1759 ieri
878 1717 982 1760 servande
989 1723 1103 1775 cupresso?

345 1790 423 1844 Unde
432 1791 516 1864 liquet
525 1809 580 1844 non
592 1789 681 1843 oleum
693 1803 808 1858 tantum,
821 1789 868 1844 sed
877 1804 903 1842 et
914 1809 1007 1864 capsas
1021 1811 1052 1845 ex
1065 1794 1097 1845 iis
1107 1790 1183 1861 lignis
1197 1777 1278 1844 fuisso
1290 1791 1391 1859 iactas,

345 1871 373 1920 in
383 1869 480 1941 quibus
489 1869 562 1922 libris
573 1884 776 1922 asservarentur.
859 1890 861 1898 ¹

380 1975 448 2028 Nor.
459 1976 502 2042 43.
513 1976 641 2048 Linquere
650 1995 697 2028 nec
706 1978 832 2030 scombros
840 1979 981 2028 metuentia
990 1978 1120 2043 carmina,
1131 1996 1178 2030 nec
1187 1976 1253 2029 titus.
1261 1977 1390 2029 -Seom·

345 2055 396 2122 ber,
411 2057 491 2126 piscis
500 2057 626 2110 marinus.
638 2056 704 2108 Piiu.
712 2059 774 2125 maj.
786 2058 818 2108 fl.
831 2057 865 2107 N.
874 2057 975 2122 xxx1,
984 2074 1005 2108 s.
1014 2057 1057 2122 43.
1065 2087 1101 2098 -
1110 2057 1193 2120 rtur,
1205 2075 1258 2126 quo
1269 2055 1303 2108 ed
1313 2074 1389 2108 sacre

346 2145 372 2186 et
383 2133 418 2185 ed
427 2134 491 2186 alias
500 2153 542 2186 res
552 2135 704 2188 utebantur.
716 2135 780 2188 Mati
791 2149 837 2186 aut
847 2137 943 2187 vetusti
953 2135 1014 2187 iibri
1023 2135 1058 2187 ad
1069 2154 1115 2187 eos
1127 2135 1280 2187 recidebant
1288 2137 1332 2207 qui
1342 2153 1389 2186 eas

345 2230 446 2264 merces
457 2211 620 2280 vendebant,
633 2213 858 2284 quemadmodum
869 2215 949 2266 etiam
963 2232 1033 2265 nunc
1045 2213 1101 2266 fieri
1109 2215 1186 2267 tolet.
1201 2215 1296 2267 Catuli.
1309 2215 1388 2281 XCV,

346 2290 377 2354 85
389 2289 503 2342 Martini.
514 2293 566 2358 111,
579 2291 635 2359 a,3
650 2294 768 2364 sqq;1V,
781 2293 824 2362 87,
837 2292 863 2344 8.

380 2399 449 2450 Nor.
468 2397 520 2465 44,
533 2397 578 2468 69.
593 2402 652 2451 Jam
661 2427 674 2464 ,·
689 2412 790 2450 remma
804 2401 904 2464 ironia,
920 2398 1018 2452 Noster
1029 2411 1144 2452 mentem
1156 2417 1232 2454 suem
1247 2403 1343 2472 aper-iu
1358 2418 1388 2453 se

344 2476 430 2530 laudis
449 2477 556 2548 quidem
572 2478 690 2531 studium
708 2497 763 2530 non
776 2478 942 2550 improbare,
959 2478 1005 2531 scd
1019 2498 1115 2552 negare
1133 2482 1247 2532 carmine
1263 2478 1298 2532 ed
1311 2499 1389 2533 aures

344 2555 482 2609 hominum
490 2571 628 2630 corruptus
636 2557 841 2628 esseexiflenda,
853 2569 879 2609 et
891 2557 1013 2624 leudem,
1027 2577 1084 2630 quse
1096 2561 1129 2611 sit
1139 2559 1223 2630 epulis
1233 2558 1321 2612 aliisve
1330 2578 1388 2612 mu-

343 2635 460 2690 aesculis
473 2650 611 2708 coempta,
620 2653 714 2688 venam
727 2654 793 2689 este.
808 2637 878 2687 Vere
888 2637 969 2688 virtus
981 2650 1022 2688 est
1034 2637 1216 2706 essebonum,
1230 2643 1285 2690 noir
1295 2639 1387 2691 videri.

344 2715 461 2786 AEquaiis
475 2719 532 2787 ejus
542 2715 641 2767 Seneca
652 2716 735 2786 Epist.
752 2729 817 2780 toa,
829 2713 951 2766 observat
962 2713 1027 2766 nihii
1040 2733 1114 2788 eque
1125 2717 1302 2788 eloquentiam
1310 2732 1389 2772 cete·

344 2814 427 2867 reque
438 2795 466 2846 id
475 2813 559 2866 genus
571 2793 658 2847 studia
668 2796 834 2865 corrupisse,
848 2812 927 2864 quarn
941 2793 1035 2866 populi
1044 2814 1188 2849 assensum.

380 2900 449 2952 Nor.
468 2900 511 2967 44.
527 2901 646 2972 Quisquis
656 2921 694 2966 er,
709 2921 725 2954 o
739 2899 816 2968 modo
828 2918 905 2973 quem
917 2919 950 2952 ex
960 2903 1065 2958 adverso
1075 2904 1159 2956 dicere
1165 2905 1229 2976 feci.
1239 2935 1275 2946 -
1283 2907 1317 2958 Hi
1326 2921 1389 2960 sunt

344 2998 450 3047 verens,
463 2979 558 3051 quibus
568 2980 662 3052 Koeniq
672 2980 768 3053 aliique
778 2979 892 3033 editores
902 2982 1086 3050 offenduntur,
1098 2997 1126 3036 ut
1136 2983 1250 3056 indignis
1262 2987 1348 3038 Persio
1361 3001 1388 3039 et

346 3060 380 3112 ad
392 3060 510 3110 suturam
520 3060 656 3130 appositis.
669 3059 759 3132 Longe
769 3059 844 3112 aiiter
853 3079 916 3113 vero
927 3081 981 3114 nou
993 3081 1102 3135 possum
1112 3080 1166 3114 non
1178 3066 1288 3131 sentire,
1300 3067 1322 3117 ei
1331 3085 1388 3118 mo·

345 3137 381 3190 do
394 3137 428 3190 ed
437 3157 495 3190 eum
505 3137 603 3209 dialogi
613 3139 725 3190 formam
735 3139 861 3193 reflexero
870 3141 974 3206 oculos,
984 3161 1062 3213 quam
1073 3144 1174 3194 Persius
1183 3143 1305 3196 c‘onsuito
1314 3147 1389 3197 insti·

346 3219 404 3270 tuit.
418 3219 484 3285 Qun
496 3217 581 3269 forma
592 3216 626 3268 ad
636 3217 822 3288 proponendus
832 3218 995 3291 objectiones
1003 3221 1169 3274 commodior
1179 3223 1219 3275 vei
1229 3225 1388 3292 instituitur,

345 3297 387 3349 vel
402 3298 531 3349 omittitur
544 3297 660 3361 auctori,
673 3311 753 3368 prout
766 3317 874 3352 neeesse
888 3313 936 3352 est.
951 3301 999 3352 Hic
1012 3302 1098 3353 omitti
1107 3316 1197 3354 monet
1209 3305 1325 3356 Persius:
1340 3303 1389 3356 sed

346 3377 509 3447 stepasrepius
531 3394 565 3427 an
586 3377 719 3444 omiserit,
741 3392 787 3430 aut
803 3380 908 3450 quinam
925 3379 1049 3451 loquatur
1064 3398 1171 3434 monere
1186 3401 1279 3454 parum
1297 3397 1387 3436 curat:

347 3453 409 3585 gine
422 3473 472 3508 uos
485 3455 554 3507 circa
566 3472 692 3526 personas
704 3455 854 3529 dialogique
864 3461 934 3512 vices
947 3478 1088 3531 operamur
1099 3461 1253 3534 interpretes
1265 3481 1297 3515 ac
1307 3461 1389 3516 deau-

367 3553 450 3586 amus.

379 3639 448 3692 Nor.
468 3639 512 3708 45.
521 3639 584 3692 Non
593 3659 655 3715 eqo,
664 3659 747 3715 quum
756 3646 853 3712 scribo,
861 3644 962 3717 sisoi-te
970 3645 1035 3718 quid
1044 3649 1131 3720 aptius
1139 3650 1199 3700 exit.
1210 3647 1331 3716 -Exte,
1339 3652 1390 3702 sci·

345 3720 406 3772 licet
415 3739 446 3772 ex
457 3721 571 3791 ingenio.
589 3723 647 3774 Vox
659 3722 693 3775 ab
705 3738 761 3776 arte
772 3724 859 3795 filigns
872 3727 941 3777 forte
955 3726 1096 3795 nuntiata,
1110 3727 1218 3798 (Horat.
1228 3730 1294 3800 rip.
1302 3748 1327 3780 v.
1340 3727 1389 3798 at)

344 3797 447 3850 videtur
466 3799 499 3852 ad
517 3803 615 3870 ingenii
631 3819 712 3874 opera
733 3817 759 3856 et
777 3805 995 3874 compositionem
1014 3805 1095 3857 inisse
1115 3820 1276 3858 consecrate.
1295 3809 1388 3874 Quint.

343 3879 405 3930 inst.
422 3879 496 3930 Orat.
510 3879 555 3932 lib.
572 3881 634 3947 xli,
649 3881 694 3932 ubi
708 3881 741 3934 de
758 3884 846 3934 Attico
862 3901 960 3954 genere
973 3901 1004 3934 ac
1019 3883 1052 3936 tle
1067 3885 1247 3938 Demosthene
1260 3885 1387 3959 loquitur.

347 3981 358 4004 a
368 3958 430 4011 Etsi
443 3959 506 4032 quid
515 3961 603 4012 exierit
613 3963 728 4014 numeris
738 3964 825 4035 aptius
833 3963 960 4030 (fortasse
969 3982 1024 4015 uon
1036 3965 1136 4036 possit)
1144 3964 1188 4018 ted
1198 3974 1284 4016 tamen
1293 3967 1315 4018 e·
1325 3965 1392 4036 quid

344 4039 447 4106 exierit,
459 4058 514 4094 nott
526 4043 576 4093 erit
585 4041 738 4093 Atticum?-

377 4213 435 4260 Vttt.
450 4215 490 4272 46.
500 4217 610 4278 (Quando
624 4217 672 4265 iter
686 4233 739 4264 mro
751 4221 800 4264 ouri
810 4215 860 4278 est)
875 4219 964 4283 siquid
976 4229 1051 4266 tomen
1059 4221 1133 4282 aptius
1141 4220 1195 4268 erit.
1210 4219 1309 4267 -Non
1318 4217 1389 4266 hehet
