2970 4936
333 416 393 492 142
506 409 660 476 vinias
685 408 956 476 anemonas
981 411 1042 476 er
1067 380 1203 476 noire

325 542 458 590 Summum
472 537 573 602 repudia
585 553 638 600 qua
651 535 721 584 lectio
734 547 758 584 et
771 538 820 598 ipsa
834 536 929 600 probari
941 547 1033 598 potest,
1048 539 1068 584 ii
1081 538 1152 588 modo
1161 543 1270 604 superius
1278 542 1380 606 legeris:

328 611 374 669 Qui
380 610 436 656 dicis
448 609 534 654 nsedico
545 623 589 670 pro
598 609 638 668 qui
645 607 699 652 dicit
708 607 800 652 modim.

1468 630 1479 677 Ι

362 727 429 777 Nor.
448 725 492 793 93.
508 724 588 775 Lenia
599 722 683 774 loturo
692 721 741 774 sibi
749 721 903 773 Surrentina
913 723 1021 794 mqavit.
1029 752 1065 762 -
1074 723 1140 775 Plin.
1152 727 1382 792 alsensem,
1471 709 1476 723 '

326 823 390 862 sect.
402 809 436 862 δε
451 811 536 860 altem
545 805 712 870 Surrentina,
726 806 753 855 in
762 804 845 855 vineis
854 816 957 856 tantum
970 806 1106 858 nascentia
1117 807 1381 876 convalescentibus,

326 889 439 939 maxime
447 884 559 958 probata
567 897 678 956 propter
684 884 840 934 tenuitatem
849 881 1094 956 salubritatemque.
1105 907 1116 932 u
1125 885 1261 954 -Lenia,
1270 901 1383 960 propser

327 971 384 1040 ejus
395 968 448 1018 vini
459 966 594 1036 ingenium
605 977 631 1016 et
640 976 808 1016 vetustatem.
819 963 921 1016 -Sibi
933 962 1018 1016 loturo
1022 986 1033 1028 ‚·
1042 983 1100 1018 moe
1110 981 1166 1023 eret
1177 970 1295 1039 antiquis
1305 987 1382 1026 sm.

327 1065 388 1100 cere
400 1066 428 1099 se
439 1045 474 1098 ad
486 1063 638 1116 vesperam,
651 1043 713 1098 iudo
722 1043 828 1108 lavare,
837 1056 932 1115 postea
942 1061 1056 1098 coeuare.
1070 1044 1116 1099 llle
1125 1065 1188 1100 vero
1197 1049 1382 1120 intemperant
1478 1111 1479 1116 ,

326 1127 510 1199 intempestive
522 1123 576 1176 haec
589 1126 680 1178 omnia
692 1126 771 1191 facit,
789 1123 919 1196 simulque
935 1124 1005 1176 lavat
1016 1143 1044 1176 se
1056 1145 1087 1177 ac
1099 1139 1185 1198 potat.
1203 1127 1316 1197 Celsus,
1331 1132 1383 1198 ΙΙΙ,

328 1227 342 1261 2
354 1231 361 1261 ε
376 1207 504 1260 “Plurimi
513 1204 657 1272 falluntur,
668 1203 731 1256 dum
742 1223 769 1256 se
778 1206 864 1278 primo
876 1203 919 1254 die
928 1207 1051 1275 protinus
1061 1206 1214 1261 sublaturos
1223 1207 1382 1282 languorem

327 1301 372 1340 aut
385 1286 589 1350 exercitatione,
605 1298 651 1336 aut
664 1283 774 1348 balneo,
789 1297 836 1336 aut
850 1296 943 1335 coacta
956 1283 1119 1354 digestione,
1134 1301 1181 1342 eut
1198 1291 1318 1358 vomitu,
1338 1304 1383 1344 aut

329 1365 528 1432 sudationibus,
542 1378 587 1416 aut
599 1366 661 1415 vino
675 1376 814 1436 sperant.-

361 1504 429 1554 No‘r.
448 1500 491 1570 94.
508 1499 579 1550 Item
591 1500 672 1562 bone,
688 1509 717 1549 tu
728 1496 821 1570 palles.
837 1526 874 1536 -
889 1496 968 1550 Nihil
979 1509 1023 1550 est.
1035 1527 1072 1538 -
1088 1501 1183 1554 Videas
1195 1515 1285 1555 tamen
1297 1505 1382 1570 istud,

330 1581 464 1657 Quidquid
474 1581 501 1632 id
513 1591 556 1634 est.
569 1609 605 1620 —
616 1577 745 1650 Dialogus
753 1590 925 1652 eetaegrotum
934 1579 1002 1632 inter
1012 1591 1038 1632 et
1048 1579 1194 1648 medicum,
1208 1599 1254 1638 aut
1266 1588 1384 1638 amicum

328 1661 523 1715 admonentem.
532 1656 849 1732 -Pallempallorenim
857 1656 983 1712 indicium
995 1673 1036 1710 est
1044 1659 1139 1713 morbi.
1147 1691 1184 1702 -
1192 1663 1272 1716 Nihil
1281 1675 1336 1726 ast,-
1346 1667 1384 1718 sic

326 1743 408 1796 refert
420 1760 500 1812 aeger,
513 1739 636 1790 morbum
650 1757 727 1792 suum
743 1739 796 1792 sibi
816 1738 896 1810 objici
910 1757 977 1809 egre
988 1739 1085 1794 ferens.
1100 1743 1278 1814 Hippocrates
1291 1758 1384 1798 monet

327 1826 354 1876 in
366 1825 411 1890 iis,
426 1826 472 1896 qui
483 1821 606 1875 morbum
618 1839 695 1876 suum
709 1837 764 1872 non
777 1831 905 1886 cernunt,
920 1838 993 1891 spem
1011 1823 1132 1892 exiguam
1143 1837 1191 1878 aut
1205 1823 1309 1878 nullam
1327 1843 1385 1880 esee

328 1901 473 1954 salutis—
482 1899 576 1954 Videas
587 1911 674 1950 tamen
687 1899 768 1965 istud,
785 1898 918 1973 Quidquid
928 1898 957 1950 id
966 1910 1017 1960 ests
1029 1901 1109 1954 instat
1120 1901 1253 1970 medicus,
1267 1923 1385 1975 eumque

283 1989 288 1998 '
328 1982 378 2034 sibi
392 1993 485 2033 caveat
498 1992 599 2032 monet.

302 2149 312 2174 ι
363 2117 431 2172 blm.
451 2114 494 2184 95
507 2113 597 2188 Serpit
611 2111 690 2165 tacite
704 2111 753 2164 tibi
771 2108 841 2164 lutea
851 2109 935 2183 pellas.
949 2141 985 2150 —
996 2111 1039 2166 sic
1051 2110 1174 2184 designat
1185 2134 1284 2189 aquam
1298 2119 1385 2172 inter·

330 2209 426 2250 cutem.
437 2191 546 2256 Celsus,
556 2189 602 2245 lib.
613 2192 656 2244 111.
666 2220 702 2234 --
713 2189 816 2261 Serpit,⁸
827 2202 926 2257 tumet,
936 2192 1067 2244 tumescit.
1077 2223 1114 2236 ·-
1124 2195 1229 2260 Tacite,·
1241 2201 1343 2250 sensim
1354 2217 1385 2250 ac

328 2277 384 2332 siue
396 2292 483 2330 sensu.
497 2299 533 2316 ..-
544 2269 625 2324 Lutea
633 2269 712 2342 peliis
718 2292 728 2332 ,-
740 2269 833 2324 uorat.
845 2270 931 2342 Epod.
942 2272 983 2336 X,
997 2272 1042 2324 16:
1057 2272 1163 2327 niuteus
1171 2276 1273 2347 pellem
1284 2301 1296 2325 ι
1308 2277 1386 2350 quod

329 2373 414 2425 genua
426 2351 534 2424 palloris
545 2349 716 2406 determmum
728 2361 784 2414 ests
797 2367 878 2423 quare
889 2347 996 2420 subjicit
1007 2363 1121 2420 egrotus
1132 2353 1274 2426 indignans
1285 2379 1292 2407 ι
1306 2357 1346 2408 At
1357 2367 1387 2407 tu

330 2433 440 2485 deterius
452 2428 544 2503 palies.

364 2566 433 2618 Nor.
447 2562 493 2632 96,
508 2559 545 2614 ΑΙ
553 2571 583 2613 tat
592 2561 701 2616 deterius
709 2557 809 2630 pailet:
821 2579 855 2612 ne
865 2560 898 2613 sis
906 2559 973 2612 milti
988 2571 1065 2611 tiator.
1076 2587 1112 2602 -··
1122 2564 1238 2614 Tantum
1251 2565 1344 2632 abest,
1357 2581 1387 2618 ut

329 2646 418 2715 capiet
429 2641 526 2694 medici
537 2639 693 2704 coctilium,
702 2651 732 2689 ut
743 2653 836 2691 comas
848 2639 919 2690 ultro
929 2650 1081 2690 mouentem
1092 2639 1214 2709 irrideat,
1228 2645 1387 2716 monitaque

330 2725 358 2776 in
373 2741 433 2777 eum
448 2735 549 2776 vertat:
562 2722 599 2772 At
608 2731 637 2770 tu
646 2719 755 2771 deterius
769 2718 862 2790 peiles.
877 2749 912 2761 --
923 2720 1037 2774 Locutio
1049 2733 1090 2771 est
1103 2724 1273 2776 usitatissima
1286 2726 1387 2778 latino·

330 2821 389 2854 rum
403 2826 409 2856 :
424 2821 458 2854 ue
469 2801 503 2854 sis
521 2801 589 2852 milii
601 2810 683 2864 tutor,
699 2817 733 2850 ne
743 2799 776 2852 sie
785 2799 854 2850 mibi
868 2812 991 2871 patruus,
1006 2817 1055 2871 pro
1070 2800 1126 2853 noli
1137 2822 1179 2856 me
1191 2805 1275 2856 nimia
1290 2823 1387 2876 urgere

331 2883 480 2938 severitate.

260 2999 262 3006 '
366 3005 432 3056 Nor.
445 3021 488 3076 97.
499 3004 558 3058 Jum
567 2999 669 3072 pridem
683 2999 753 3053 hunc
763 2999 858 3074 sepeli,
873 3013 900 3054 tu
913 3014 995 3056 restas.
1007 3033 1043 3042 -
1054 3005 1151 3078 Perqes
1165 3009 1263 3065 tacebo.
1274 3037 1313 3048 —-
1324 3011 1387 3064 Jam

329 3085 431 3156 pridem
445 3084 513 3138 bunc
524 3079 602 3153 sepeli
608 3103 618 3146 ,·
628 3080 729 3134 scilicet
738 3083 820 3136 iratus
833 3081 922 3138 dicere
935 3084 1033 3140 voluit:
1044 3085 1156 3142 alterum
1166 3099 1276 3144 totunm
1286 3089 1388 3158 habui,

333 3183 411 3236 quem
421 3166 475 3236 jam
487 3161 588 3214 dudum
600 3161 706 3234 sepelivi
713 3183 722 3224 ‚-
734 3176 814 3238 teque
823 3164 928 3234 ipsum,
941 3167 987 3236 qui
997 3185 1052 3216 non
1065 3168 1152 3222 minus
1165 3171 1389 3236 conterraneos,

333 3261 413 3318 quam
426 3242 470 3294 ille
483 3241 602 3307 solebat,
618 3253 761 3294 restantem
775 3240 902 3314 sepeliam
916 3243 1096 3302 libentissime.
1111 3251 1176 3316 Quae
1191 3251 1283 3302 omnia
1298 3251 1389 3321 pauci·

333 3319 424 3372 oribus
437 3335 462 3373 et
474 3320 622 3373 acrioribus
635 3320 721 3374 verbis
734 3321 878 3376 concludit.
894 3327 987 3382 Horat.
1005 3325 1058 3382 Sat.
1070 3331 1096 3394 Ι,
1108 3345 1138 3397 9,
1152 3331 1197 3384 18:

535 3427 616 3470 omne
624 3429 738 3484 composui
748 3427 832 3476 teiam
843 3445 902 3478 nuuc
912 3445 952 3488 eqo
960 3439 1024 3476 reeta

333 3521 420 3593 Sepsli
425 3543 434 3584 ‚·
445 3535 611 3578 conuectum
623 3543 673 3595 pro
685 3525 800 3597 sepelivi.
811 3557 847 3568 -
856 3530 952 3603 Perqe,
965 3529 1052 3581 tacebo
1058 3530 1152 3591 sverba
1160 3531 1229 3584 male
1236 3531 1325 3586 habiti
1334 3552 1390 3586 me·

334 3600 402 3668 dici,
415 3615 440 3654 et
453 3605 656 3671 comminantia,
671 3617 697 3658 et
709 3605 877 3660 discedentis.

370 3729 436 3780 Nor.
452 3727 495 3798 98.
508 3728 635 3800 Turpidus
643 3728 685 3782 lie
693 3729 928 3804 epulisatquealbo
937 3745 1023 3788 ventre
1033 3733 1143 3789 lavaur.
1152 3739 1252 3791 -Jam
1261 3740 1304 3790 sui
1314 3757 1391 3792 com-

335 3823 384 3875 pos
393 3818 505 3878 aegrotus
516 3803 633 3860 discessu
643 3807 751 3876 medici,
764 3827 822 3862 sese
832 3808 898 3862 cibis
908 3811 1066 3881 ingurgitat,
1076 3827 1103 3864 et
1113 3814 1148 3868 ed
1159 3815 1284 3872 balneum
1293 3819 1389 3889 perpit.

335 3883 429 3937 Similis
442 3885 522 3938 ferme
534 3900 574 3938 est
586 3887 659 3958 apud
670 3887 825 3940 iuvenalem
838 3890 937 3954 oratio,
951 3891 977 3954 l,
993 3893 1039 3959 ida
1053 3907 1079 3946 et
1091 3913 1151 3967 sqq.

507 3993 569 4034 Poena
579 4001 651 4036 tamen
662 4007 765 4048 praeseus,
775 4007 845 4050 quum
855 4003 880 4036 tu
889 3995 980 4052 deponis
989 3997 1082 4040 amictus

509 4059 627 4115 Turpidus.
636 4071 659 4104 et
668 4059 761 4107 cnidum
772 4073 879 4116 pavonem
889 4060 912 4105 in
922 4062 1000 4106 balnea
1009 4073 1093 4120 portas:

508 4123 560 4168 ilinc
570 4126 646 4169 subire
656 4134 737 4169 mortes
746 4136 810 4181 atque
820 4127 920 4172 intestata
930 4139 1033 4172 senectus.
