3148 4950
362 539 426 622 rsa
576 539 638 604 na
662 537 830 603 sartan
853 535 1180 606 nouauonuu.

359 661 576 760 qnejiabellis
593 666 807 758 potissimum
821 661 981 731 Atellanis
1000 682 1091 732 aunt.
1109 661 1209 750 Quod
1228 687 1337 758 genus
1354 667 1413 734 ln·

358 775 482 844 dorum
492 775 536 844 ab
546 777 642 844 Oscis
653 789 828 867 acceptum
841 775 949 842 tenuit
951 771 1129 868 juventus,
1143 795 1207 842 nec
1217 775 1411 846 abhistrio-

357 887 457 955 nibus
470 885 576 979 pollui
587 909 688 978 passa
700 901 762 954 est.
784 890 833 953 Eo
853 888 1045 952 institutum
1067 901 1199 969 manet,
1217 901 1257 954 ut
1271 905 1410 954 actores

356 995 586 1064 Atellanarum
595 1020 658 1064 nec
669 995 758 1064 tribu
768 1011 978 1078 moveantur,
989 1011 1023 1062 et
1036 994 1219 1088 stipendia,
1238 1013 1410 1091 tanquam

357 1126 510 1202 expertes
523 1111 603 1178 artis
616 1107 772 1192 ludicrae,
785 1107 919 1176 faciant.
933 1139 947 1170 a
958 1113 998 1176 ln
1006 1107 1058 1178 bis
1071 1109 1210 1191 Fabulis,
1222 1109 1265 1176 ab
1274 1111 1410 1188 Atella,

356 1221 523 1288 Oscorum
542 1221 577 1286 in
598 1220 781 1312 Campania
802 1217 941 1312 oppido,
961 1222 1010 1286 sic
1024 1217 1122 1288 dictis
1141 1217 1252 1307 (unde
1271 1236 1409 1288 actores

356 1347 473 1397 earum
484 1332 571 1397 Osce
582 1331 682 1396 etiam
695 1327 945 1424 loquebantur),
956 1349 1067 1397 sermo
1077 1328 1214 1423 quidem
1224 1327 1317 1397 rudis
1330 1347 1409 1396 erat

357 1456 392 1507 et
404 1431 591 1532 impolitus,
611 1437 671 1505 sed
689 1437 816 1506 facetus
836 1441 947 1530 potius
965 1454 999 1506 et
1014 1429 1197 1523 ¹ridiculus,
1217 1463 1321 1534 quam
1342 1436 1408 1506 ob-

358 1571 491 1617 scoenus
505 1566 539 1616 et
551 1547 713 1630 lascivus,
728 1563 965 1638 argumentum
979 1573 1116 1644 quoque
1132 1565 1260 1615 castum
1277 1564 1312 1615 et
1326 1571 1408 1616 sen-

291 1709 293 1714 ,
356 1663 470 1728 tentiae
487 1681 583 1753 purae
596 1673 698 1754 atque
713 1657 880 1726 bonestae:
897 1656 987 1724 unde
1002 1657 1113 1726 Valcr.
1129 1661 1218 1726 Max.
1240 1661 1289 1741 ΙΙ,
1309 1663 1347 1742 l,
1365 1665 1406 1743 4,

355 1769 452 1854 dicit,
470 1771 528 1838 boc
536 1795 634 1864 qenes
650 1770 860 1837 delectationis
872 1767 989 1836 Italica
1003 1775 1181 1838 severitate¹
1199 1783 1406 1863 temperatam

358 1885 486 1978 ideoque
509 1907 642 1949 vacuum
663 1895 738 1947 nota
760 1881 873 1947 luisse.
894 1878 1060 1949 Videntur
1078 1881 1146 1948 illae
1168 1903 1308 1974 prorsus
1330 1881 1407 1950 fene

357 1995 553 2085 congruisse
563 1991 684 2060 fabulis
696 1997 890 2061 Graecorum
901 1992 1208 2085 comirosatyricis,
1219 2007 1293 2060 tum
1305 1995 1340 2060 in
1351 1981 1408 2059 ai-

357 2107 509 2196 gumenti
525 2102 659 2186 delectu
676 2119 711 2169 et
723 2104 936 2184 tractatione,
955 2105 989 2169 in
1011 2103 1211 2194 petulantia,
1226 2100 1407 2170 dicacitate

357 2230 392 2284 et
403 2213 545 2283 audacia
556 2211 725 2298 dictionis,
740 2216 775 2282 in
789 2229 940 2282 actorum
952 2229 987 2281 et
998 2213 1182 2282 saltationis
1194 2210 1306 2280 indole
1318 2229 1355 2280 et
1369 2215 1406 2280 in

357 2329 429 2419 ipsa
448 2328 596 2408 actione,
617 2341 691 2394 tum
710 2327 745 2392 in
765 2349 824 2407 eo,
844 2322 936 2420 qnod
956 2347 1127 2407 seorsum,
1147 2348 1210 2394 nec
1231 2321 1406 2416 adjunctae

356 2436 541 2532 tragoediis,
556 2436 802 2506 exhiberentur.
815 2436 889 2504 Vid.
905 2435 1097 2504 Eicbstaedt
1108 2435 1151 2504 de
1162 2441 1276 2506 Dram.
1290 2441 1403 2505 Graec.

356 2571 443 2616 com.
463 2565 524 2616 sat.
542 2573 616 2642 pag.
634 2547 697 2630 53,
719 2549 783 2630 64,
803 2545 864 2628 65,
886 2545 926 2636 75
943 2569 1013 2640 seq.
1030 2562 1064 2612 et
1083 2547 1144 2630 84,
1166 2545 1223 2613 nbi
1238 2547 1339 2614 etiam
1360 2543 1405 2614 de

356 2675 437 2726 noto
457 2657 627 2728 Diomedis
648 2657 723 2726 loco
746 2658 804 2730 lib.
828 2662 894 2737 ΙΙΙ,
915 2681 991 2750 pag.
1016 2660 1098 2748 487,
1122 2653 1175 2723 ed.
1200 2656 1336 2725 Putscb.
1357 2660 1406 2725 ita

355 2768 521 2863 disputat:
542 2769 742 2838 «Diomedes
758 2767 918 2836 Atellanae
933 2774 1094 2837 Romanas
1108 2793 1129 2835 a
1139 2771 1336 2835 Graecorum
1347 2771 1405 2837 Sa·

355 2883 439 2973 tyris
449 2878 641 2947 distantiam
651 2882 851 2973 sicaperuit,
863 2882 1040 2974 utriusque
1051 2895 1088 2946 ut
1096 2881 1405 2972 Satyrices,aGrae·

356 2994 403 3059 cis
421 3005 587 3070 tractatae,
602 2991 748 3082 speciem
761 3004 795 3056 et
805 2988 947 3058 formam
961 2988 1111 3086 quodam
1122 2986 1224 3057 modo
1236 2988 1406 3058 indicasse

351 3197 442 3273 piria)
462 3197 514 3252 dici
539 3218 654 3271 eoepere.
681 3201 781 3258 Gonia
805 3203 855 3256 Ju·
898 3203 940 3254 tie
961 3203 1110 3271 coegissent
1126 3220 1157 3255 ex
1178 3201 1285 3272 tragicis
1300 3202 1406 3254 allecti·

318 3338 320 3344 ,
353 3282 440 3334 venal-
457 3283 509 3346 ΙΙΙ,
530 3279 594 3352 1753
610 3282 660 3349 Vl,
679 3299 727 3352 71,
745 3284 854 3337 Sueten.
899 3280 966 3348 bus,
982 3281 1061 3352 hujus
1075 3280 1220 3352 spectaculi
1236 3283 1303 3334 riana
1316 3280 1406 3334 deter-

354 3361 443 3414 Tiber-
464 3361 520 3429 45,
534 3374 561 3413 et
581 3363 724 3416 Domitian.
744 3381 784 3418 to.
808 3365 857 3417 Ca·
901 3375 982 3434 geret.
993 3385 1004 3409 ι
1014 3389 1052 3402 -
1062 3384 1073 3408 ι
1083 3363 1215 3414 Exodium
1231 3365 1268 3414 ita
1285 3362 1406 3428 dictum,

355 3439 503 3514 taob.pug.
522 3440 570 3509 184
586 3460 641 3514 seq.
658 3445 715 3496 *Ut
727 3439 866 3512 satirica,
900 3442 941 3494 vel
963 3443 1024 3514 quia
1043 3441 1205 3514 singulorum
1222 3441 1406 3494 diverbioruna

354 3519 458 3590 inquit,
482 3521 586 3590 tragicis
605 3519 730 3575 marnatis
749 3523 856 3594 adjecta
900 3520 1406 3594 liniaubjiciebatur,velquiaextrenue

354 3611 418 3650 tunt
438 3617 455 3652 a
476 3599 573 3652 Graecis
597 3599 631 3651 ad
656 3603 855 3672 temperandam
900 3602 996 3654 fabulae
1020 3601 1109 3654 semel.
1134 3602 1177 3654 Sic
1202 3604 1270 3653 inter
1294 3601 1406 3655 chorica

355 3677 487 3749 tragoedia
514 3680 684 3744 moestitiam3
705 3683 743 3734 sic
759 3683 855 3735 Satires
900 3681 967 3736 mele
985 3681 1136 3732 Grrecorum
1153 3682 1316 3748 dramatum,
1330 3681 1406 3754 quod

354 3756 408 3810 tiva
417 3758 531 3824 Exedit,
542 3758 698 3812 simillimam
707 3761 742 3812 ob
749 3781 855 3816 causam
900 3759 933 3813 ab
944 3762 1140 3814 introeuntibus
1153 3763 1181 3812 in
1190 3780 1297 3814 scenam
1310 3775 1407 3814 canta·

352 3851 416 3911 post
425 3840 566 3912 tragoedias
576 3839 688 3910 produci
700 3840 792 3907 solita,
804 3861 857 3895 me·
900 3839 991 3902 batur,
1009 3841 1101 3891 aucta»
1119 3837 1257 3900 dicebam
1277 3839 1351 3911 qnod
1369 3841 1407 3894 ab

354 3918 442 3970 morin
449 3915 766 3989 quidamprodiderunt.n
777 3919 856 3973 Scbo-
900 3917 1069 3982 exeuntibus,
1084 3921 1195 3978 Ιξόδιον..
1211 3919 1311 3972 Confer
1328 3917 1407 3972 Εἰώ-

353 3997 855 4069 liasteslurenaldll,17521Exodia·
900 3995 1093 4066 rtaedt,p.8d.
1404 4056 1406 4059 ¹

354 4077 409 4128 rius
425 4075 498 4148 apud
508 4090 608 4129 veteres
624 4078 651 4128 in
670 4076 721 4130 fine
731 4076 856 4132 ludorum
938 4077 1022 4128 ullae
1030 4075 1119 4129 italica
1128 4079 1263 4130 &ueritate
1270 4075 1405 4147 designari

354 4155 483 4220 intrabat,
496 4155 567 4228 quod
577 4154 703 4210 ridiculus
716 4158 798 4225 foret,
812 4159 855 4224 ut',
900 4155 1033 4222 Satiram,
1056 4155 1182 4209 Atellanis
1206 4159 1403 4226 conjunctam,

356 4233 485 4306 quidquid
497 4227 671 4306 lacr'ymarum
685 4249 764 4310 atque
777 4237 856 4290 uiati-
899 4253 954 4288 non
965 4235 1403 4309 penuaritnobiaCasaab.p.184·
