3116 4934
418 382 575 448 PERSll
600 383 662 446 ET
686 382 964 448 JUVENALIS.
1151 384 1215 475 547

168 513 258 579 cur-is
270 509 423 609 copfecta
433 507 666 591 confirmetur,
682 507 737 578 vel
747 511 797 576 ira
808 506 949 602 aliisque
959 509 1138 580 affectibus
1148 528 1219 580 tur·

168 623 246 690 bata
257 622 478 691 contineatur.
612 689 622 715 Ι

215 736 264 800 Ex
276 731 344 814 his,
358 755 434 825 quae
451 755 555 825 supra
566 730 609 798 do
623 733 771 814 Horatii,
786 732 890 798 Persii
907 747 941 798 et
955 731 1127 800 luvenalis
1145 736 1219 801 sati-

168 845 216 911 ris
226 865 412 936 earumque
422 839 602 910 virtutibus
614 839 879 934 disputavimus,
895 840 992 908 facile
1009 841 1220 936 intelligitur,

169 953 354 1047 plurimum
365 951 516 1022 utilitatis
530 977 571 1020 ex
582 975 698 1021 earum
707 953 851 1022 lectione
865 956 992 1045 percipi
1003 977 1117 1045 posse,
1134 979 1222 1024 eam-

171 1089 237 1159 que
249 1089 318 1132 non
329 1063 430 1132 modo
441 1063 485 1132 ad
499 1067 673 1158 ingenium
686 1063 865 1157 multiplici
876 1063 1029 1132 doctrina
1041 1067 1221 1134 variamin-

170 1199 237 1268 que
254 1197 369 1242 rerum
392 1177 581 1266 cognitione
595 1173 840 1266 excolendum,
862 1190 896 1242 et
909 1172 1062 1257 mollius,
1086 1180 1221 1246 suavius

170 1288 378 1382 facetiusque
392 1283 624 1371 reddendum,
640 1285 684 1354 ad
692 1283 858 1378 judicium
870 1285 1077 1369 acuendum,
1090 1287 1131 1354 ad
1145 1311 1223 1356 sen-

172 1421 249 1465 sum
258 1399 340 1478 veri,
354 1394 498 1488 pulchri,
508 1399 642 1466 venusti
652 1415 686 1466 et
695 1397 827 1466 honesti
837 1396 1009 1479 alendum,
1019 1395 1063 1464 ad
1073 1415 1223 1468 mentem

172 1508 393 1576 admiratione
413 1533 452 1577 ac
471 1508 642 1602 voluptate
658 1508 948 1602 perfundendum,
968 1509 1012 1578 ad
1027 1533 1139 1578 mores
1154 1530 1224 1579 tam

120 1693 128 1710 ‚
173 1630 403 1692 Rornanorum
418 1621 508 1690 illius
522 1626 603 1703 aevi,
620 1645 723 1716 quam
733 1625 890 1690 universe
902 1620 1079 1690 hominum
1091 1627 1234 1717 penitus

173 1731 423 1824 cognoscendos
432 1731 497 1822 ,lad
508 1749 685 1800 venustem
698 1731 938 1810 urbanitatem,
949 1731 1138 1802 naturalem
1150 1737 1227 1802 sim·

173 1841 374 1937 plicitatem,
395 1843 592 1934 gravitatem
607 1841 758 1937 aliasque
774 1859 809 1910 et
823 1844 980 1910 orationis
997 1859 1031 1909 et
1045 1845 1123 1911 vitae
1137 1862 1227 1914 artes

175 1953 367 2037 discendas,
382 1953 426 2022 ad
439 1951 605 2021 diversam
618 1953 782 2022 sermonis
797 1951 947 2019 indolem
959 1953 1227 2046 percipiendam,

175 2067 351 2136 sedetiam
367 2067 410 2135 ad
425 2069 751 2172 mores'animosque
766 2063 962 2158 fingendas,
979 2063 1023 2132 ad
1035 2090 1150 2134 veram
1168 2071 1230 2134 uti-

176 2179 312 2274 lemque
323 2178 570 2273 philosophiam
578 2181 667 2260 vitae,
678 2175 849 2272 hujusque
858 2176 957 2260 bene,
973 2179 1132 2262 suaviter,
1144 2196 1231 2247 tran·

176 2289 298 2384 quille,
326 2315 442 2360 secure
467 2289 692 2384 transigendae
720 2307 829 2358 artem
852 2287 1106 2372 imbibendam,
1130 2289 1231 2360 etad

177 2427 327 2474 amorem
341 2405 504 2473 virtutum
514 2401 700 2497 odiumque
712 2403 889 2481 vitiorum,
904 2403 1112 2492 argumentis
1124 2426 1232 2470 exem·

176 2512 310 2608 plisque
324 2516 523 2607 propositis,
539 2511 778 2604 inspirandum
792 2527 826 2590 et
836 2509 1115 2603 concipiendum,
1130 2516 1235 2580 maxi·

177 2650 268 2694 mam
290 2629 430 2694 omnino
453 2629 522 2693 vim
545 2624 680 2694 habere.
708 2626 823 2712 Satine
840 2623 960 2692 horum
988 2640 1179 2716 poetarum,
1199 2643 1232 2694 et

179 2740 305 2806 Horatii
319 2740 531 2830 potissimum
544 2735 709 2830 epistolae,
729 2733 964 2836 pulcheprnnis
983 2733 1083 2820 locis,
1099 2753 1234 2806 senten-

178 2851 253 2932 tiis,
269 2850 471 2941 imag'nibus
489 2866 531 2918 ot·
539 2847 838 2942 descriptionibus,
854 2851 1141 2940 praestantissimis
1160 2849 1228 2942 plu

179 2958 359 3052 losophioe,
378 2985 512 3028 morum
528 2983 569 3028 ac
582 2961 659 3026 vitae
672 2961 872 3051 praeceptis,
884 2957 1024 3026 diversis
1038 2959 1233 3028 facetiarum

180 3087 214 3137 et
222 3072 388 3146 sermonis
398 3069 594 3162 generibus,
606 3068 792 3136 multarum
802 3093 931 3153 rerum,
944 3071 1032 3137 scitu
1042 3094 1112 3138 non
1122 3073 1234 3141 minus

180 3195 353 3272 gratarum
363 3203 466 3272 quarn
478 3164 936 3273 utilium‚copia,variisque
945 3183 1105 3248 orationis
1115 3197 1233 3276 etpoe

181 3312 256 3356 saos
268 3286 396 3356 artibus
410 3291 444 3356 in
458 3288 684 3371 inveniendis,
697 3286 932 3380 disponendis,
948 3289 1186 3361 connectendis
1199 3309 1233 3360 et

181 3399 340 3468 ornandis
361 3400 478 3482 rebus,
499 3403 533 3466 in
553 3402 795 3468 sententiarum
817 3423 857 3466 ac
880 3398 1061 3469 verborum
1083 3400 1241 3486 delectu„

181 3511 376 3594 abundant,
395 3527 429 3580 et
446 3509 557 3604 dignae
579 3513 716 3578 omnino
737 3525 831 3592 sunt,
854 3534 931 3606 quae
948 3512 992 3580 ab
1011 3537 1235 3611 unoquoque,

183 3629 241 3721 qui
253 3649 323 3694 non
335 3622 436 3694 modo
448 3647 565 3717 sapere
579 3621 656 3716 plus
668 3645 772 3718 quarn
787 3619 882 3714 plebs
890 3621 971 3704 ,sod
982 3623 1125 3695 honeste
1135 3630 1239 3696 etiam

183 3755 217 3807 et
229 3735 380 3831 jucunde
392 3737 505 3801 vivere
517 3736 626 3826 cupit,
643 3731 821 3825 diligenter
834 3755 874 3799 ac
892 3733 1043 3802 studiose
1056 3761 1119 3830 per
1134 3754 1237 3804 totam

183 3851 286 3915 vitam
300 3845 466 3938 legantur.
482 3843 654 3938 Quidquid
667 3859 781 3910 autem
799 3845 871 3910 vitii
888 3841 940 3911 vel
959 3860 1039 3914 aetas
1056 3844 1109 3914 vel
1123 3865 1237 3914 aucto-

186 3983 261 4025 rum
280 3961 444 4026 institutio
463 3959 502 4024 iis
521 3954 705 4047 adspersit,
726 3954 824 4023 facile
843 3955 878 4022 id
902 3960 1025 4048 poterit
1050 3959 1146 4024 viter-i
1168 3983 1238 4026 non

1027 4070 1081 4134 35.
