3116 4934
158 369 437 392 mot-mmmmm
444 369 582 390 utmwt
588 369 1163 398 mmmmmmmmmm
1171 377 1198 398 u

524 557 840 742 lueet

216 860 224 876 ⁸
306 850 670 940 EDITIONUM
696 851 1057 943 JUVENALIS.

160 1077 307 1140 (Editiooer,
319 1075 405 1139 qussrct
419 1091 492 1124 unum
503 1079 638 1122 teteritcurn
654 1075 735 1121 curtii
750 1073 928 1137 praeligendum,
940 1094 954 1124 ι
968 1094 1005 1125 me
1018 1081 1080 1142 ipro,
1092 1095 1115 1128 et
1123 1084 1208 1146 quibu·

191 1147 310 1210 duplicem
321 1149 452 1210 purpurei,
465 1165 479 1195 tt
493 1149 547 1195 titio
556 1147 646 1203 doctit,
658 1144 693 1191 vel
708 1157 792 1208 rpoute
808 1145 844 1192 rel
860 1159 941 1209 rogatu
957 1165 1021 1206 meo,
1039 1166 1085 1198 nou
1096 1153 1120 1200 itt
1133 1154 1209 1204 dubiit

191 1219 265 1274 loric,
282 1218 324 1265 ted
340 1233 353 1263 o
367 1220 482 1282 principio
497 1217 528 1264 etl
544 1217 611 1263 linem
627 1231 680 1262 cum
699 1217 843 1262 ilennioittne
859 1218 895 1266 vel
910 1221 1032 1282 Bipootinc
1046 1221 1134 1270 collate
1148 1238 1209 1272 tuot.

192 1287 254 1336 Alite
264 1289 348 1336 deiude
361 1289 466 1353 adjunxit
476 1287 613 1345 Acboictre,
628 1303 686 1350 quet
695 1286 779 1350 triplici
792 1291 901 1336 atteritco
911 1293 998 1338 notavi.
1015 1293 1143 1342 Multarum
1157 1313 1212 1344 vcro

193 1361 322 1408 editionum
335 1377 382 1408 ooo
396 1363 440 1408 niti
452 1360 530 1408 tituloe
541 1361 683 1415 memoravi,
697 1358 833 1422 detemptos
847 1361 884 1406 vel
896 1377 923 1408 ex
936 1362 1045 1424 catalogis
1057 1365 1211 1414 bibliotheca-

193 1449 259 1490 nrm,
272 1432 309 1480 rel
320 1449 347 1478 et
355 1432 453 1480 fabricii
461 1431 520 1482 liibl.
528 1435 578 1479 Lot.
587 1443 610 1478 et
619 1446 646 1478 ex
654 1429 702 1477 iod.
713 1431 778 1479 editt.
786 1434 946 1492 ilenuioitoo,
956 1437 1049 1498 Bipoot.
1061 1439 1215 1487 etlelomtre

193 1505 276 1567 quine
289 1519 328 1550 eor
342 1503 436 1567 quidem
448 1513 557 1550 accurate
568 1499 694 1548 undarunt
708 1513 732 1547 et
740 1515 824 1564 perum
834 1515 961 1560 comtum,
974 1505 1043 1568 quale
1054 1510 1156 1570 pretium
1167 1513 1214 1556 cui.

194 1575 229 1619 vit
237 1571 276 1619 ed.
287 1572 481 1621 tittttrtuertdtrm.
491 1569 672 1638 tt-Quaeflam
683 1586 710 1617 ex
722 1569 776 1617 edit.
788 1569 891 1634 logico,
905 1571 988 1635 Velm,
999 1574 1140 1626 addidimut.
1150 1582 1193 1625 Eu.

474 1745 572 1806 SAEC.
594 1745 664 1804 XV.
691 1742 896 1827 tipo-1500.
953 1783 957 1790 ·

204 1927 319 1988 *Editio
332 1924 484 1989 luvenalis
504 1939 532 1986 et
545 1925 639 1986 Persii
657 1907 923 2009 princeps⁰ridetur
941 1947 1005 1989 esse
1022 1950 1057 1990 ea
1071 1949 1153 2012 que,
1173 1933 1217 1992 in·

166 2024 242 2085 folio
253 2024 318 2085 eine
330 2037 402 2084 note
413 2022 486 2098 loci,
500 2023 575 2082 anni
588 2035 618 2081 ct
630 2019 816 2104 typographi
826 2021 859 2081 in
871 2023 970 2082 lucem
982 2025 1099 2107 prodiit
1109 2047 1218 2108 quam·

164 2143 225 2203 que
244 2123 349 2182 Rornae
370 2121 451 2181 circa
470 2139 590 2179 annum
613 2116 702 2201 1470,
721 2119 802 2200 typis
819 2139 959 2182 excusem
981 2143 1044 2183 cese
1062 2123 1216 2205 probabili

162 2218 278 2302 judicio
290 2219 526 2304 suspicabantur
538 2218 713 2278 Maittorius
725 2217 758 2276 in
768 2217 879 2277 Annal.
889 2217 1086 2303 Typograph.
1098 2235 1172 2282 torn.
1186 2227 1216 2297 Ι,

167 2337 236 2398 pag.
255 2315 332 2397 296,
351 2330 382 2376 et
395 2314 576 2396 Hamberyer
595 2315 626 2374 t'n
638 2310 790 2374 turer-leisc.
809 2314 915 2375 Nocitr.
933 2337 989 2376 uon
1006 2319 1056 2376 alt.
1074 2317 1217 2402 Schn‘fist.

166 2428 241 2475 tom.
254 2415 297 2489 lt,
310 2435 379 2497 pag.
396 2434 464 2494 270,
477 2412 609 2486 Eadem,
622 2413 656 2471 ni
668 2411 773 2486 fallor,
786 2427 975 2473 memoratur
984 2416 1018 2473 in
1028 2415 1124 2475 Cetei.
1137 2415 1216 2477 Bibl.

168 2513 334 2573 Hulsianae.
350 2514 464 2572 Proeter
476 2531 534 2571 nos
546 2531 628 2585 eam,
643 2531 699 2570 nec
713 2522 816 2570 tamen
833 2513 905 2570 satis
917 2525 1070 2585 accurate,
1086 2513 1219 2572 eontulit

168 2611 341 2670 Maittarius
350 2611 384 2668 in
397 2609 444 2669 ed.
455 2608 556 2668 Lond.
571 2609 763 2690 1716‚in-12.
775 2609 822 2668 Cf.
833 2609 906 2668 Var.
918 2611 997 2671 Lect.
1009 2607 1103 2684 11045.
1115 2612 1219 2700 Exem-

169 2706 263 2788 plari‚
277 2726 339 2787 quo
354 2727 409 2766 nos
424 2707 604 2778 mirumne,
620 2703 761 2786 praefixus
775 2717 819 2764 est
833 2703 941 2764 titulus
952 2729 958 2762 :
971 2708 1054 2767 iunii
1066 2706 1219 2768 iuvenalis

168 2805 325 2885 Aqttt'natis
341 2801 412 2863 liber
422 2805 543 2884 primur.
558 2802 650 2861 Nulla
664 2822 735 2862 vero
749 2802 882 2862 aliorum
897 2803 1007 2864 deinde
1022 2803 1173 2863 librorum
1188 2817 1218 2864 et

169 2923 207 2962 ne
222 2901 344 2960 numeri
359 2899 483 2980 quidem
498 2899 683 2974 Satirarum,
702 2900 754 2980 qui
770 2900 918 2958 tamenin
933 2901 1035 2962 Persio
1047 2900 1218 2974 indicatur,

169 3001 286 3058 mentio
300 3000 350 3071 fit,
365 2997 415 3058 sed
428 2998 533 3058 Satirae
547 3018 641 3080 parvo
651 3011 776 3056 tentum
788 2997 886 3078 spatio
901 2995 1132 3078 disjunguntur.
1146 3001 1218 3058 Haec

171 3108 201 3153 et
214 3094 276 3154 alia
287 3093 450 3154 infantiam
463 3093 600 3176 produnt
612 3095 683 3153 artis
694 3091 921 3175 typographicae
935 3115 942 3150 ε
957 3095 1015 3152 etsi
1030 3093 1136 3153 charta
1147 3093 1218 3153 satis

171 3189 301 3273 pulchra
313 3204 343 3249 et
353 3189 447 3249 literae
461 3202 534 3249 sunt
545 3187 720 3248 luculentae.
732 3189 776 3246 Ex
789 3189 910 3248 interna
924 3201 1026 3248 autent
1040 3189 1144 3250 indole
1159 3188 1219 3248 hu·

169 3287 218 3370 jus
232 3287 375 3346 editionis
387 3284 547 3367 probabile
561 3283 612 3359 iit,
626 3305 694 3344 eam
710 3304 805 3344 nona
820 3285 887 3343 viro
899 3284 990 3344 docto
1002 3300 1154 3363 curatam,
1167 3285 1218 3346 sed

171 3407 189 3444 a
209 3381 401 3467 typographo
415 3405 431 3442 e
444 3383 525 3443 libro
542 3382 751 3462 manuscripto
767 3401 863 3461 eoque
879 3381 982 3457 bonae,
996 3385 1137 3464 quamvis
1156 3404 1220 3444 non

173 3483 315 3565 optimae,
328 3493 406 3540 notae
420 3501 490 3542 cum
501 3480 645 3540 omnibus
654 3479 852 3539 librariorum
867 3481 996 3561 peccatis
1008 3467 1131 3541 ductam
1143 3501 1220 3557 esse,

174 3580 309 3662 adeoque
318 3580 393 3642 Cod.
401 3579 505 3661 scripti
518 3580 732 3639 auctoritatem
738 3577 884 3638 obtinere.
893 3577 1015 3658 (ctinf.
1027 3581 1138 3661 petio,
1147 3584 1222 3660 not.)

215 3679 276 3711 Μ
296 3681 335 3738 D.
350 3680 433 3739 Junii
445 3675 597 3739 iuvenalis
616 3690 644 3737 et
662 3675 735 3738 Auli
750 3680 842 3736 Persii
853 3676 953 3737 Flacci
967 3680 1087 3752 Serico,
1108 3679 1222 3761 absque

177 3792 250 3838 nota
263 3779 357 3853 anni,
370 3777 557 3861 impresseris
569 3788 599 3837 et
611 3776 687 3852 loci,
704 3772 790 3851 itt-4⁰.

217 3876 320 3936 Editio
332 3889 433 3951 vetus,
445 3876 553 3935 eodem
565 3872 739 3935 charactere
752 3876 888 3954 signate,
904 3893 965 3954 quo
976 3873 1070 3947 liber,
1088 3875 1137 3933 cui
1152 3875 1224 3933 tittr-
1256 3944 1258 3948 ¹

176 3971 224 4031 lue
237 3987 282 4033 eet
297 3975 391 4034 Decor
399 3971 569 4034 Puellarum
585 3993 640 4054 per
650 3971 714 4032 Nic.
727 3970 933 4032 ianssonium.

1026 4070 1080 4158 39.
