2970 4936
346 439 406 519 154
513 442 667 505 VARIAE
690 437 962 506 LECTIONES
986 441 1048 503 ET
1072 442 1208 508 NOTAE

340 583 438 636 susque
456 565 543 637 deque
563 569 651 618 omnia
671 567 773 617 misceri
791 567 898 628 Romae,
917 564 1067 638 regentibus
1087 569 1226 638 imperium
1241 569 1385 639 juvenibus

338 643 562 715 depravatissimis
579 659 605 698 et
621 647 749 717 imprimis
764 647 870 697 Nerone
887 646 962 716 ipso,
979 647 1024 716 qui
1041 665 1127 718 neque
1144 666 1220 700 usum
1234 648 1384 719 reipublice

339 723 423 778 ullum
433 723 563 793 habebat,
576 745 663 797 neque
675 728 805 778 rationem
817 727 872 797 ejus
886 725 1086 778 administrandi
1098 725 1153 778 ullo
1165 725 1245 779 modo
1258 740 1305 780 aut
1317 727 1384 779 didi-

331 817 408 868 cerat
421 817 467 856 aut
479 805 591 870 sciebat,
608 824 663 856 non
680 804 809 858 abstinuit
823 807 886 876 quin
903 803 955 858 stili
970 807 1010 857 sui
1024 825 1177 858 mueronem
1192 820 1246 859 tam
1256 810 1285 859 in
1296 809 1384 859 Nero-

337 901 398 934 nem
413 887 499 956 ipsum
512 887 661 956 stringeret,
674 904 755 956 quam
770 888 800 936 in
814 883 930 956 reliquos
945 884 1037 936 similis
1048 884 1186 938 clementie
1195 889 1324 956 juvenes,
1339 892 1384 959 qui

336 964 417 1016 totius
428 965 546 1020 arnensis
557 967 672 1036 imperiti
685 963 867 1035 gubernacula
879 963 992 1035 publicae
1004 967 1043 1017 rei
1058 983 1105 1035 pro
1118 985 1146 1018 se
1162 968 1274 1037 quisque
1288 983 1384 1038 capes-

336 1043 438 1097 sebant.
450 1047 495 1099 Isti
507 1059 568 1098 sunt
580 1046 704 1098 adversus
720 1065 786 1116 quos
800 1046 885 1099 Satira
897 1044 952 1096 haec
965 1057 1005 1096 est
1017 1046 1129 1118 scripta;
1142 1049 1217 1115 enjus
1232 1049 1281 1098 etsi
1292 1049 1384 1119 praeci·
1480 1061 1482 1122 ξ

336 1143 406 1195 pune
422 1140 477 1178 erat
493 1143 591 1196 scopus
604 1129 631 1178 in
646 1129 779 1178 Neronem
793 1124 894 1190 invehi,
912 1138 992 1195 atque
1009 1127 1096 1196 ipsum
1109 1128 1215 1178 satirico
1229 1126 1285 1178 sale
1299 1126 1383 1178 defri-
1480 1125 1482 1206 ξ

334 1221 409 1270 care,
422 1206 496 1277 quod
507 1205 698 1276 rempublicam
709 1208 868 1276 suscepisset
877 1203 1092 1274 gubernandam,
1105 1219 1178 1258 tanto
1190 1209 1264 1258 oneri
1274 1225 1383 1278 prorsus
1480 1217 1482 1276 ζ

333 1284 428 1354 impar,
447 1284 572 1356 qnodque
589 1297 657 1336 esset
673 1283 742 1336 illius
755 1285 808 1335 vita
821 1281 932 1335 libidine
947 1283 1057 1355 aliisque
1069 1285 1138 1336 vitiis
1153 1285 1275 1350 infamis,
1293 1286 1330 1336 sic
1343 1298 1383 1336 ta-

333 1381 394 1414 men
406 1376 487 1435 poeta
499 1367 526 1416 in
539 1363 592 1416 hoc
605 1377 761 1434 argumento
772 1359 951 1434 indignationi
965 1381 1017 1416 suae
1031 1363 1147 1416 habenas
1160 1364 1270 1431 laxavit,
1287 1379 1318 1417 ut
1333 1385 1382 1418 ne-

333 1461 384 1512 que
395 1442 498 1514 palam,
515 1462 602 1516 neque
617 1444 703 1515 plenis
715 1443 779 1494 velis
793 1445 822 1494 in
834 1443 1071 1514 flagitiosissimum
1081 1446 1231 1516 principem
1243 1443 1384 1497 invehere·

333 1534 386 1588 tur,
398 1541 489 1576 verum
500 1536 570 1576 tecte
585 1537 612 1576 et
627 1521 707 1596 longe
721 1521 827 1574 mollius
845 1542 925 1595 qnam
940 1522 982 1574 vel
999 1536 1093 1575 natura
1111 1523 1193 1593 ipsius
1206 1523 1330 1592 ferebat,
1343 1523 1383 1576 sel

332 1603 445 1655 Neronis
459 1603 555 1673 flagitia
572 1621 603 1654 ac
620 1603 721 1655 scelera
737 1602 921 1655 merebantur:
936 1620 987 1654 nos
1005 1615 1093 1654 autem
1106 1616 1232 1674 putamus
1245 1617 1302 1655 tum
1316 1605 1384 1656 scri·

332 1694 404 1751 ptam
419 1682 488 1735 hanc
499 1701 556 1736 esse
572 1685 696 1750 satiram,
712 1701 797 1754 quum
812 1682 932 1735 nondum
949 1696 1022 1734 totus
1036 1685 1384 1756 innocentissumus

332 1763 492 1834 principium
509 1761 588 1814 laude
600 1761 680 1835 digna
692 1761 788 1814 habuit
803 1762 894 1814 multa.
908 1760 960 1814 Sed
971 1761 1108 1828 simulata,
1122 1781 1178 1814 non
1190 1781 1252 1815 vera
1266 1765 1319 1815 fuit
1332 1767 1383 1817 ista
1481 1821 1482 1824 ,

331 1843 427 1908 virtus,
444 1861 525 1914 quum
540 1844 594 1896 suis
608 1843 714 1913 flagitiis
728 1862 759 1895 ac
777 1841 921 1894 sceleribus
933 1843 1010 1893 initio
1026 1841 1174 1894 velamenta
1190 1856 1334 1912 quaereret,
1353 1857 1384 1894 ut

332 1932 440 1971 nunant
448 1919 580 1992 historici.
592 1921 662 1972 Viris
677 1920 817 1990 gravibus,
832 1920 928 1992 quibus
943 1922 1054 1972 interior
1063 1921 1177 1972 Neronis
1189 1920 1242 1972 vita
1255 1939 1312 1972 non
1326 1935 1383 1972 erat
1480 1935 1481 1938 ’

331 2003 481 2072 incognita,
492 1999 573 2053 verbs
585 2000 643 2052 dari
656 1986 859 2073 neupoteranu
872 2019 959 2074 neque
971 2000 1027 2053 ulle
1039 1999 1207 2053 simulatione
1219 2002 1304 2068 effici,
1316 2004 1381 2073 quin
1474 2027 1482 2068 j

330 2095 480 2151 suspectam
492 2084 549 2151 ejus
560 2080 676 2132 indolem
688 2080 827 2133 haberent.
837 2084 933 2133 Postea
943 2083 1024 2152 coepit
1035 2080 1164 2152 paulatim
1172 2083 1313 2134 manifesta
1325 2081 1382 2133 lieri
1480 2121 1482 2142 .

330 2159 400 2212 illius
413 2162 523 2212 monstri
534 2161 692 2212 immanitas.
704 2161 766 2227 Quo
780 2175 898 2232 tempore
912 2160 1016 2213 videtur
1026 2159 1080 2212 hoo
1093 2179 1199 2214 carmen
1211 2161 1293 2214 fuisse
1306 2179 1381 2213 com·
1481 2165 1482 2184 ³

329 2241 455 2308 positum.
469 2243 507 2292 Ita
520 2241 592 2292 enim
608 2241 727 2292 meminit
743 2239 884 2292 libidinum
898 2242 955 2309 ejus
972 2240 1114 2311 principis,
1131 2242 1279 2312 quesitum
1294 2241 1381 2313 primo
1481 2253 1482 2284 f

329 2319 387 2370 vite
402 2322 458 2390 ejus
470 2319 591 2375 obscene
609 2322 699 2392 opinio
714 2321 818 2373 sinistra
830 2323 858 2373 in
870 2320 964 2392 vulgus
979 2334 1141 2386 emanasset,
1156 2319 1380 2392 quemadmodum

329 2419 377 2452 suo
392 2401 453 2454 loco
465 2414 505 2454 est
516 2421 532 2453 a
544 2402 622 2454 nobis
636 2400 814 2454 indicatum·
832 2403 880 2454 Hie
894 2401 973 2454 docet
988 2401 1163 2454 Caecubonus
1175 2419 1233 2472 quas
1245 2403 1281 2454 sit
1290 2403 1380 2456 satire

329 2483 409 2533 totius
423 2480 579 2553 hypothesis
596 2495 622 2534 et
637 2481 767 2548 οἰκονομίας
789 2499 842 2554 qno
857 2483 947 2546 lacto,
961 2481 1016 2534 haee
1036 2480 1167 2550 subjecit:
1188 2479 1298 2532 rProbe
1316 2499 1380 2532 vero

329 2574 406 2612 norat
414 2564 531 2628 Persius,
542 2579 624 2634 quum
632 2561 742 2628 adJranc
749 2564 861 2618 Satirsm
869 2559 1036 2614 scribendam
1043 2579 1072 2612 se
1080 2562 1245 2632 accingeret,
1253 2575 1378 2632 quonum

327 2660 382 2692 rem
393 2656 419 2694 et
428 2661 507 2713 quam
517 2642 694 2714 periculosam
704 2643 850 2695 moliretur.
859 2642 1040 2710 Quamobrem
1050 2640 1163 2693 consilio
1172 2640 1379 2712 prudentissimo

327 2720 380 2773 hoc
391 2735 577 2791 argumentum
591 2721 708 2774 Platonis
723 2725 871 2776 imitatione
886 2723 936 2776 sibi
952 2720 1120 2774 tractandum
1133 2722 1250 2774 censuit:
1265 2739 1322 2774 non
1336 2741 1380 2774 so·

327 2799 381 2852 lum
393 2801 545 2852 nominihus
556 2799 618 2852 inde
627 2803 729 2872 petitis,
742 2801 789 2854 sed
801 2807 880 2855 etiam
894 2804 1024 2855 sententia
1035 2800 1230 2872 propemodum
1240 2802 1377 2864 universa3

327 2893 355 2932 ut
364 2919 372 2947 ,
382 2883 470 2952 siquis
483 2881 552 2933 forte
562 2880 714 2953 Gorgonius,
728 2895 773 2934 aut
783 2885 898 2953 Cercops
908 2901 1006 2933 nomen
1015 2884 1098 2951 ipsius
1108 2880 1236 2946 deferret,
1246 2881 1378 2953 pmbabili

327 2960 496 3014 excusatione
511 2971 602 3030 posset
619 2961 719 3012 factum
739 2977 816 3013 snum
832 2959 991 3022 defendere;
1009 2962 1100 3031 qnasi,
1116 2961 1254 3013 exercendi
1273 2974 1376 3014 tantum

327 3039 380 3092 stili
392 3057 485 3105 causa,
494 3042 605 3111 petitum
616 3039 714 3094 elibrrs
725 3044 821 3093 summi
831 3040 986 3114 philosophi
996 3056 1195 3112 argumentum,
1206 3043 1307 3094 Latinis
1319 3061 1376 3095 rer·

327 3118 399 3171 sibus
415 3132 539 3171 tentasset
553 3119 723 3189 complectis
736 3120 897 3193 Conjectura
909 3122 1002 3173 nititur
1015 3120 1070 3172 hec
1081 3122 1166 3173 omnis
1179 3123 1272 3191 opinio
1279 3122 1377 3174 Casan·

327 3199 404 3260 boni;
422 3198 493 3249 bona
508 3217 570 3249 vero
585 3199 738 3269 conjectura
757 3213 804 3253 est.
825 3199 941 3253 Cuilibet
960 3201 1030 3251 enim
1048 3199 1130 3270 paulo
1150 3201 1276 3252 attentius
1292 3202 1375 3252 Taciti
1481 3199 1482 3206 ’

328 3275 420 3328 sonat.
434 3274 479 3327 lib.
491 3277 552 3328 Xlll
563 3275 674 3346 legenti,
686 3291 712 3330 et
720 3279 814 3330 Dionis
823 3280 906 3332 Cassii
918 3279 965 3333 lib.
974 3280 1046 3344 LXl,
1060 3291 1086 3330 et
1098 3279 1217 3330 Suetonii
1228 3281 1376 3344 Neronem,

327 3368 409 3426 atque
421 3373 451 3407 ea
464 3373 521 3426 que
533 3355 606 3427 apud
617 3357 678 3410 illos
691 3373 872 3412 memorantur
883 3359 918 3411 ad
929 3357 982 3411 hoc
994 3375 1061 3429 opus
1074 3360 1225 3410 Persianum
1237 3359 1375 3424 referenti,

327 3453 495 3508 nequaquam
510 3435 613 3489 admitti
625 3451 727 3509 potest,
739 3457 793 3490 non
809 3441 935 3511 scriptam
946 3439 1028 3489 inisse
1037 3437 1107 3490 hanc
1118 3438 1228 3490 Satiram
1240 3439 1267 3488 in
1277 3439 1376 3508 prinei-

327 3533 401 3585 pem,
411 3516 454 3566 cui
463 3529 520 3568 tota
529 3519 637 3589 proprie
647 3521 795 3571 conveniat.
809 3518 938 3572 Convenit
953 3528 1031 3582 atas,
1045 3517 1091 3587 qui
1102 3517 1281 3587 septemdecim
1293 3534 1376 3568 annos

327 3606 403 3646 notus
413 3605 481 3660 erat,
496 3607 526 3648 ut
539 3597 570 3648 de
584 3595 693 3651 claudio
706 3597 798 3669 palam
808 3600 913 3668 factum
929 3607 978 3661 est,
996 3596 1105 3649 Sueton.
1121 3595 1185 3646 Ner.
1199 3595 1236 3654 ’8;
1252 3595 1378 3646 convenit

326 3691 414 3726 rerum
428 3673 543 3725 civilium
558 3689 585 3726 et
600 3680 719 3729 oratorie
737 3679 798 3730 artis
814 3678 961 3748 ignoratio,
978 3677 1024 3747 qui
1040 3673 1183 3748 puerilibus
1199 3675 1286 3726 statim
1300 3677 1378 3726 αοιοοίο

327 3753 444 3805 vividum
454 3755 573 3805 animum
584 3757 612 3806 in
623 3757 678 3808 alia
688 3757 806 3822 detorsit,
817 3759 901 3809 Tacit.
911 3756 1007 3808 Annal.
1019 3756 1092 3822 Xlll,
1106 3755 1136 3820 3,
1147 3767 1173 3806 et
1184 3753 1295 3806 Sueten.
1308 3752 1374 3806 lhid.

327 3834 375 3894 52;
393 3834 515 3885 convenit
529 3838 648 3905 corporis
665 3837 749 3890 forma
764 3850 790 3888 et
806 3856 872 3888 cura
887 3839 999 3908 turpior,
1019 3837 1065 3907 qui
1079 3835 1153 3888 vultu
1166 3833 1278 3907 pulchro
1295 3835 1377 3906 magis

326 3932 405 3984 quam
420 3924 524 3965 vestuto
535 3914 617 3968 fuisse
630 3915 727 3969 dicitur
739 3930 765 3968 et
777 3917 846 3968 circa
857 3916 959 3971 cultum
971 3917 1139 3986 habitumque
1148 3913 1297 3986 pudendus,
1310 3915 1374 3966 Sne·
1481 3981 1482 3984 Ἴ

327 4005 385 4044 ton.
400 3993 464 4044 ibid.
481 3993 527 4058 51;
543 3999 666 4050 convenit
677 3998 782 4068 generis
798 3997 925 4051 nobilitas
942 4017 958 4048 a
972 4011 1055 4049 matre
1070 4007 1193 4066 accepta,
1208 3992 1246 4044 ld.
1262 3991 1329 4044 ibid.
1346 3991 1375 4052 ὃς

327 4075 487 4127 conveniunt
500 4075 648 4130 foedissime
660 4079 811 4150 voluptates
827 4083 1004 4150 rtocturnique
1021 4098 1068 4150 per
1086 4077 1179 4129 urbem
1195 4093 1336 4139 excursus,
1352 4085 1375 4124 et

326 4167 438 4225 accepta
451 4158 529 4209 etiam
541 4157 574 4210 ab
587 4161 711 4232 appetitis
727 4158 832 4213 civibus
844 4160 968 4226 vulnera,
980 4157 1019 4210 ld.
1032 4155 1097 4210 ilud.
1112 4155 1161 4222 26,
1172 4155 1220 4222 28,
1234 4172 1280 4224 a9;
1292 4154 1375 4206 Tacit.
