3038 4932
321 489 385 572 346
552 489 588 550 C.
614 487 803 550 LUCILII
829 485 1118 552 FRAGMENTA

779 617 896 679 XXIV.

318 730 402 791 Nam
414 723 570 804 omuibus
583 745 672 792 unus
676 774 780 790 .....
794 721 890 789 dolor
902 721 1046 815 receptu’
1059 719 1230 814 labosque

786 838 886 902 XXV.

317 947 382 1034 Qui
394 944 462 1013 edit
477 969 530 1027 se,
544 945 598 1012 hic
609 945 754 1012 comedit
764 967 830 1012 me.

777 1058 895 1130 XXVI,

316 1165 454 1232 Obtursi
466 1163 589 1232 ebrius.

722 1311 954 1332 mmmm

379 1461 381 1464 ·
484 1437 757 1568 'uuurssuo
784 1471 817 1548 v
846 1466 1178 1544 SATIRIRUM.

827 1674 850 1733 I.

315 1783 389 1864 Quo
403 1801 457 1844 me
470 1775 611 1843 habeam
623 1793 738 1868 pacto,
754 1793 866 1844 tamen
879 1780 941 1844 etsi
952 1773 1044 1842 haud
1057 1773 1171 1869 quaeri’
1183 1773 1321 1843 docebo.

315 1885 459 1974 Quando
470 1889 506 1954 in
517 1911 557 1953 eo
569 1910 709 1954 numero
722 1889 859 1966 mansu,
872 1911 939 1981 quo
952 1887 1095 1952 maxima
1108 1907 1199 1952 nunc
1212 1899 1264 1951 est

317 2005 395 2066 Pars
407 1998 601 2079 hominum,
617 2013 654 2062 ut
667 1998 805 2088 periisse
818 1996 917 2078 velis,
930 2019 1032 2092 quem
1044 1993 1211 2076 uolueris,
1225 2017 1338 2088 quum,

316 2113 429 2178 Visere
441 2108 608 2175 debueris.
623 2113 694 2176 Hoc
706 2106 853 2175 nolueris
864 2160 872 2188 ,
885 2125 919 2175 et
930 2106 1084 2174 debueris
1098 2121 1130 2171 te

315 2221 346 2286 Si
359 2214 460 2284 miuu'
473 2213 633 2293 delectat,
646 2213 737 2310 quod
752 2224 859 2302 ἄτεχνον
874 2217 1055 2282 Isocration
1067 2229 1117 2280 est

314 2324 530 2420 ὀχληρῶδιςῳιε
542 2323 640 2392 simul
653 2343 761 2392 totum
775 2347 814 2390 ac
828 2330 1054 2414 συΗκιρακιῶδιςς

315 2435 388 2499 Nou
399 2456 537 2525 operum
548 2433 664 2526 perdo.
680 2436 709 2502 Si
721 2449 758 2500 tu
771 2432 824 2500 hic
827 2483 925 2498 .....

816 2545 857 2608 ΙΙ.
1102 2619 1124 2638 ⁸

317 2658 399 2720 Nam
413 2657 455 2736 si,
470 2653 561 2747 quod
573 2657 652 2720 satis
665 2669 716 2720 est
726 2653 854 2720 homini
864 2704 872 2734 ‚
884 2651 918 2718 id
933 2655 1011 2718 satis
1024 2676 1097 2720 esse
1108 2655 1265 2745 potisset,

316 2765 387 2829 Hoc
397 2779 448 2830 sat
458 2781 530 2830 erat
541 2791 549 2829 ε
562 2787 653 2830 nuuc
662 2787 768 2856 quum
779 2763 843 2831 hoc
858 2779 1005 2842 nonest,
1019 2765 1078 2856 qui
1089 2762 1250 2832 credimu’
1258 2787 1365 2855 porro.

315 2873 452 2937 Divitias
466 2869 551 2937 ullas
562 2875 713 2937 animum
725 2874 771 2938 mi
784 2871 918 3031 effilere
931 2875 1077 2964 petisse?

313 3075 413 3142 Sicuti
427 3098 535 3168 quum
545 3079 672 3167 primos
684 3075 765 3142 ficos
779 3074 919 3168 propala
931 3077 1093 3144 recenteis

316 3183 475 3266 Protulit,
488 3201 522 3253 et
534 3189 643 3279 pretio
655 3189 781 3277 ingenti
792 3185 852 3254 dat
860 3183 1008 3277 primitu'
1019 3209 1154 3277 paucos.

348 3377 440 3429 XIIIV.
456 3379 559 3433 servius
574 3382 601 3432 P.
616 3380 741 3433 Denieiis.
859 3381 913 3431 tion
928 3390 977 3444 est,
991 3391 1042 3430 etc.
1058 3379 1178 3430 Donatus
1193 3377 1228 3428 ad
1245 3374 1360 3446 Adelph.

349 3456 429 3507 XXV.
452 3459 614 3524 Primanus,
633 3457 678 3510 Iib.
695 3460 740 3510 X:
760 3460 814 3510 Ve·
857 3461 996 3510 Terentii:
1017 3459 1240 3528 Argumentomm
1261 3475 1360 3529 genera

314 3535 463 3601 iustissimi,
482 3536 529 3589 edo
537 3573 546 3602 ‚
566 3537 633 3602 edis,
653 3539 721 3596 edit,
743 3535 815 3588 dice-
857 3537 911 3590 duo
924 3551 986 3591 sunt
998 3541 1098 3603 ἔπιχνον
1111 3541 1150 3586 καὶ
1163 3540 1265 3602 ἄτεχνον.

315 3613 395 3678 bunt,
408 3629 528 3686 correpta
541 3617 624 3686 prima
634 3613 743 3688 syllaba,
892 3619 924 3668 II.
936 3619 1054 3669 Nonius:
1067 3616 1182 3669 Multum
1192 3631 1218 3668 et
1231 3617 1292 3670 satis
1303 3616 1359 3668 dis-

349 3693 442 3744 xxvi.
453 3695 611 3762 Priscianus,
624 3693 669 3745 iib.
685 3696 735 3746 IX:
749 3695 813 3746 Tur·
858 3707 928 3748 tenu
946 3695 1019 3767 quod
1033 3696 1146 3748 multum
1157 3694 1290 3748 infinitum
1304 3709 1361 3760 est,

312 3787 371 3841 φεῦ·
858 3778 919 3828 satis
931 3775 1041 3830 finitum.
1052 3779 1109 3829 IIoe
1119 3790 1159 3830 est
1169 3775 1362 3848 applicandum

350 3851 369 3901 1.
379 3849 410 3900 A.
425 3847 538 3917 Gellius,
550 3848 595 3900 lib.
605 3851 702 3916 XVIII,
717 3869 776 3922 cap.
787 3853 812 3905 8.
858 3857 949 3907 avaris.

315 3959 348 3969 -
357 3929 456 3982 Tamen
465 3931 511 3984 etsi
520 3949 568 4000 pro
577 3951 583 3980 r
592 3931 694 3982 temetsi
703 3951 710 3992 ς
720 3933 758 3982 sic
767 3933 814 3983 Cs-
893 3934 935 3984 III.
950 3934 1051 3986 Nonius
1062 3956 1068 3984 ε
1080 3935 1163 3999 Dare,
1177 3946 1278 4004 petere.
1295 3933 1361 3986 Pro-

314 4009 814 4077 tuIIuscerm.LXVIII,vs.135:·Quoe
855 4011 931 4082 palas
948 4026 1024 4083 putat
1044 4014 1125 4064 fuisse
1141 4011 1284 4074 Turnebus
1302 4029 1361 4083 qua

315 4098 404 4138 tamen
423 4089 472 4140 etsi
490 4107 543 4139 uno
561 4105 614 4139 non
631 4099 671 4141 est
688 4101 813 4141 contenta
857 4109 956 4144 merces
963 4091 1050 4163 palum
1058 4105 1084 4144 et
1091 4092 1177 4143 velum
1187 4105 1251 4144 unte
1259 4089 1361 4161 palum,

315 4165 450 4217 Catullost
466 4197 502 4210 -
515 4167 591 4237 Quod
607 4169 701 4234 ἄτεχνον
713 4169 812 4222 Isocra·
857 4188 904 4222 seu
914 4170 1019 4242 depalo
1029 4171 1174 4243 pendentes
1184 4169 1360 4222 vendiderint.
