3116 4934
375 499 446 566 602
642 481 794 563 mnsx‘
816 494 1038 562 conicum
1061 495 1157 588 iuss,

457 661 485 702 2.
507 639 720 700 Mazarineusl
733 613 898 720 (uano)

376 765 451 827 Cod.
462 765 592 824 membr.
605 761 706 824 in-fol.
716 763 864 832 llsaeculo
877 774 1029 839 exaratus,
1038 774 1180 824 constans
1191 762 1229 840 84
1239 765 1329 828 foliis.
1339 768 1409 828 Gon.

373 863 453 921 tinet
473 880 548 944 opus
570 859 609 920 de
628 859 788 940 Regimine
811 857 1010 942 Principum,
1030 859 1144 940 primas
1168 861 1305 944 quinque
1325 863 1409 924 Persii

376 960 508 1032 Sauras,
527 959 718 1020 Priscianum
732 955 771 1015 de
784 955 994 1015 Grammatica
1006 968 1037 1014 et
1050 954 1110 1014 alia
1128 957 1272 1039 opuscula
1287 962 1410 1044 poetica;
1502 961 1503 980 ¹

374 1058 508 1138 denique
522 1056 592 1116 XIV
607 1055 717 1115 Satires
728 1055 746 1113 J
750 1052 886 1114 uvenalis
900 1074 969 1114 cum
987 1053 1068 1113 notis
1085 1055 1165 1114 inter
1182 1054 1278 1117 lineas
1294 1059 1410 1142 scriptis.
1502 1047 1503 1064 ¹

376 1155 539 1235 Eleganter
559 1149 684 1233 quidem
703 1150 833 1231 scriptus
846 1159 892 1209 est
910 1147 961 1209 ille
978 1147 1087 1222 codex,
1106 1148 1158 1210 sed
1175 1151 1289 1233 ubique
1305 1154 1412 1216 mendis

374 1263 486 1325 scatet,
503 1270 558 1309 nec
576 1248 674 1308 ullam
689 1244 752 1306 fere
769 1245 1002 1307 memorandam
1014 1246 1175 1307 lectionem
1187 1249 1312 1330 praebet.

457 1400 486 1461 3.
508 1397 687 1461 Coliertinus
701 1400 713 1460 l
725 1399 776 1477 (n‘
787 1397 892 1481 7906).

375 1525 452 1586 Cod.
467 1526 595 1586 membr.
615 1522 713 1584 in·fol.
735 1525 763 1584 X
781 1543 847 1583 saec.
862 1535 1018 1600 exaratus,
1036 1537 1066 1584 et
1082 1521 1208 1604 quidem
1226 1545 1244 1583 a
1263 1546 1359 1586 manu
1376 1525 1415 1585 di-

378 1642 472 1682 versa.
490 1621 626 1702 Optimae
642 1633 746 1679 tamen
763 1631 808 1680 est
821 1631 920 1694 notae,
933 1619 988 1678 etsi
1009 1619 1145 1680 mutilus.
1164 1621 1202 1680 ln
1224 1641 1261 1682 eo
1281 1621 1416 1703 leguntur

298 1791 302 1798 .
377 1722 396 1780 J
399 1718 534 1780 uvenalis
546 1719 642 1779 Satira
654 1719 697 1778 lv
708 1738 726 1776 a
738 1737 780 1777 vs.
799 1737 835 1776 ro
844 1760 852 1791 ,
862 1717 967 1777 Satirae
981 1717 1019 1794 V,
1032 1718 1091 1792 Vl,
1106 1717 1178 1794 Vll,
1189 1729 1219 1778 et
1229 1731 1345 1780 octarae
1357 1733 1416 1779 tan·

377 1831 446 1878 tum
462 1813 501 1892 ai,
519 1818 610 1899 primi
624 1835 734 1876 versus.
755 1816 792 1875 ln
806 1814 912 1874 eodem
930 1813 1086 1875 volumine
1104 1827 1222 1876 exstant
1241 1817 1358 1898 integer
1369 1819 1416 1877 Τεἐ

378 1913 575 1989 femineus
588 1914 658 1974 xm
671 1911 944 1986 meliusnam
956 1913 1009 1973 us.
1024 1913 1068 1973 11
1080 1915 1243 1990 auen
1262 1916 1416 1990 inuam·
1502 1901 1503 1904 ‘

377 2015 415 2072 tis
426 2011 551 2093 Phrygii
564 2010 659 2094 ejusd.
676 2029 743 2070 saec.
757 2007 899 2085 historia;
913 2009 1051 2090 Gregorii
1069 2012 1253 2072 Turonensis
1265 2013 1355 2073 Gesta
1367 2013 1417 2072 Dei

379 2131 433 2192 per
447 2112 578 2170 Francos
591 2107 686 2190 ejusd.
703 2127 769 2168 saec.
785 2119 815 2168 et
827 2129 951 2168 carmen
962 2107 1136 2190 religiosum
1146 2111 1196 2171 cui
1205 2109 1313 2172 titulus
1324 2113 1419 2192 Dispu-

380 2209 449 2268 lotio
464 2205 566 2267 mrrndi
577 2218 604 2266 ct
615 2203 762 2288 religionis
776 2207 845 2265 XIV
856 2225 923 2266 saec.

326 2411 331 2416 .
461 2355 490 2434 d.
515 2355 674 2420 Thoonem
689 2357 703 2418 l
717 2357 766 2436 (n⁰
779 2356 883 2438 8071).

380 2481 457 2544 Cod.
471 2481 599 2543 membr.
617 2480 717 2542 in·fol.
735 2482 844 2542 Xsaec.
864 2491 1020 2558 exaratum,
1042 2491 1184 2542 constans
1199 2481 1235 2541 61
1249 2481 1341 2544 foliis.
1355 2481 1419 2542 Scri

380 2593 470 2665 ptura
482 2579 546 2661 ejus
555 2581 715 2662 perspicua
726 2581 799 2639 satis
808 2591 866 2654 est,
878 2597 934 2642 nec
945 2577 1110 2658 inelegans,
1120 2578 1317 2640 etlitcrarum
1327 2579 1418 2639 forma

378 2681 502 2742 duobus
518 2679 760 2763 procedentibus
771 2677 863 2760 plane
876 2675 996 2738 similis.
1007 2677 1159 2738 Gaeterum
1173 2697 1239 2737 non
1249 2676 1328 2738 adeo
1340 2677 1418 2736 bona

380 2792 463 2838 notae
478 2778 574 2839 codex
590 2778 644 2838 ists
660 2789 723 2850 eat3
740 2776 855 2857 quippe
872 2777 905 2834 in
921 2793 956 2834 eo
971 2774 1068 2833 multa
1087 2775 1280 2856 reperiuntur
1294 2772 1418 2834 menda:

378 2889 523 2958 praterea
542 2874 753 2934 desiderantur
769 2885 828 2931 tres
845 2871 948 2930 Satires
969 2869 1128 2931 luvenalis
1148 2871 1279 2954 priores,
1300 2871 1367 2933 alias
1383 2872 1418 2928 ita

380 2967 678 3044 ordinanturdgi,
695 2968 744 3043 13,
761 2963 811 3041 ri,
830 2967 880 3042 15,
897 2967 945 3041 16,
963 2987 1011 3042 ιο,
1029 2987 1077 3042 11,
1098 2985 1147 3040 12,
1163 2965 1347 3048 8,9(cujus
1360 2983 1420 3049 pars

381 3068 483 3128 media
495 3067 578 3128 deest
589 3087 607 3125 a
619 3087 664 3126 vs.
675 3065 751 3144 38),
766 3085 798 3146 7,
811 3065 840 3124 6.
857 3065 912 3124 llis
927 3064 1006 3124 adda
1018 3063 1167 3124 Martialis
1180 3063 1275 3124 libros
1286 3077 1347 3124 tres
1360 3077 1419 3122 tan·

379 3179 458 3243 tum,
472 3165 594 3245 aliquot
603 3161 717 3223 Catulli
729 3161 969 3244 Epigrammata,
981 3159 1180 3241 Pervigilium
1189 3161 1318 3220 Veneris
1329 3173 1359 3220 et
1367 3157 1418 3217 alia

379 3263 521 3345 quaedam
531 3261 677 3344 opuscula
693 3262 808 3343 poetica
821 3259 944 3318 minimi
959 3257 1057 3341 pretii.
1073 3259 1176 3318 Primo
1186 3255 1274 3334 lolio,
1290 3255 1371 3339 quod
1380 3253 1420 3314 di·

380 3361 479 3426 cimus
485 3357 592 3441 feuille
605 3358 640 3418 de
650 3356 759 3441 garde,
781 3356 890 3417 ultima
904 3354 1003 3431 linea,
1015 3355 1122 3416 eadem
1133 3375 1247 3431 manu,
1264 3355 1316 3416 sed
1328 3351 1420 3436 maju-

381 3455 466 3517 sculo
479 3455 665 3534 charactere,
677 3455 742 3516 baec
756 3455 864 3537 scripta
880 3467 970 3514 sunt:

461 3569 614 3632 quenalis
625 3591 662 3632 ex
673 3567 879 3653 orthographia
889 3567 977 3629 Bedoe
989 3565 1153 3650 presbyteri.

462 3719 491 3780 5.
513 3719 581 3780 Cod.
599 3719 748 3780 Fauclretii
762 3721 811 3802 (11ο
826 3717 931 3801 8070).

379 3844 630 3905 Membranaccus
650 3843 751 3904 in-fol.
772 3846 815 3904 lll
830 3864 894 3904 saec.
914 3857 1070 3920 exaratus,
1091 3855 1232 3904 constans
1254 3841 1306 3918 141
1327 3839 1419 3912 foliis,

380 3942 513 4024 eleganti
526 3942 617 4004 simul
630 3956 660 4003 et
672 3939 761 4003 docta
778 3963 875 4002 manu
891 3943 1034 4026 scriptus,
1047 3941 1216 4003 charactere
1228 3941 1353 4024 quidam
1366 3939 1419 3998 mi·

381 4040 558 4118 nutissimo‚
570 4039 623 4100 sed
637 4039 736 4101 nitido
749 4053 779 4100 et
790 4041 871 4101 lectu
883 4039 980 4116 facili,
993 4040 1046 4121 qui
1064 4039 1218 4121 quideme
1234 4039 1316 4099 bono
1327 4055 1419 4098 meur·
1437 4077 1440 4081 ·

381 4133 459 4220 plari
474 4136 583 4198 ductus
599 4136 728 4199 videtur.
742 4135 873 4197 Exhibet
885 4135 1043 4198 luvenalis
1058 4135 1168 4198 Satiras
1183 4156 1254 4196 cnm
1270 4153 1420 4196 commcn-
