2986 4924
337 447 398 540 196
507 443 660 506 vrrun
684 441 953 509 anrrouns
976 445 1038 508 nu
1062 447 1198 512 nourr

360 579 420 622 vnn.
432 572 455 618 3.
474 566 563 616 Fabula
573 585 613 615 seu
625 577 705 617 mesto
711 579 811 634 posuturr
820 566 904 618 biunde
914 573 1020 636 myrran.
1030 599 1060 609 -
1069 573 1129 620 llire
1141 578 1293 624 eumenum
1300 578 1374 624 nn.

330 646 429 696 Codices
438 656 519 688 omnes
532 641 557 686 in
571 638 664 686 edendo
675 647 745 685 mesto
758 655 802 703 per
812 656 825 686 e
834 655 878 702 pro
888 651 966 688 musto
975 657 1018 704 pcr
1030 658 1052 688 α
1060 643 1097 689 vel
1106 660 1137 700 α,
1149 645 1213 706 quod
1221 657 1256 692 eut
1266 663 1322 694 usus
1330 649 1375 695 ire·
1489 697 1491 706 ,

329 716 464 782 quentiorit.
476 711 849 758 vitioriuitrrininustexicon
857 711 990 769 Facciolati,
999 713 1134 760 adverbum
1143 731 1233 774 moereo,
1243 717 1287 764 tub
1294 719 1373 766 linem.

361 838 430 889 tior.
450 831 476 884 3.
492 827 592 882 Fabula
605 847 648 882 seu
663 839 751 883 incasto
764 840 880 901 pononu
890 829 988 882 biunde
1001 831 1122 906 trnpoedo.
1135 861 1172 873 -
1181 831 1299 895 Μυίας
1311 851 1373 906 pro-

324 917 384 988 prie
395 912 430 965 de
440 909 567 982 operibus
578 907 612 960 ad
625 927 730 961 scenam
744 911 913 980 compositis3
924 911 1079 977 Terentius,
1090 914 1188 983 passim
1199 915 1228 964 in
1237 912 1371 985 prologis;

323 989 573 1139 illiloprpssusgffpassim
584 989 611 1040 in
620 990 729 1041 Arte-
736 989 858 1041 Ponatur
861 1012 871 1051 ,·
880 989 989 1061 proprie
998 989 1032 1042 de
1042 990 1144 1044 theatro
1155 1010 1271 1064 quoque.
1279 995 1370 1045 Horat.

431 1109 439 1138 ,
512 1107 518 1119 .

539 1182 625 1226 Fabula
637 1196 685 1239 qua
694 1182 754 1240 posci
764 1183 810 1226 uult
819 1193 841 1226 et
850 1192 946 1240 spectata
955 1187 1042 1242 reponi.

322 1303 426 1355 Dicitur
435 1310 462 1351 at
470 1296 505 1351 de
514 1296 587 1350 omni
597 1295 798 1366 compositione.
808 1294 923 1360 Persius,
934 1294 957 1360 l,
967 1309 1015 1363 7⁰²

782 1419 828 1461 Nec
836 1431 920 1474 ponere
930 1417 1006 1461 lucutu

650 1482 757 1528 Artifices.

319 1631 354 1644 ...
370 1599 494 1661 Blanda,-
510 1615 607 1666 magno
624 1596 718 1667 spiritu
736 1606 763 1648 et
782 1613 829 1648 ore
846 1593 923 1646 latius
937 1591 1046 1648 diducto
1067 1597 1279 1666 pronuntiandas
1298 1597 1369 1669 quod

319 1680 459 1735 histriones
470 1677 621 1748 diligentius
631 1673 799 1748 prestabant.
810 1676 928 1745 Propert.
940 1675 978 1738 11,
992 1675 1039 1740 25,
1050 1673 1083 1726 62

756 1798 822 1842 tacita
832 1811 921 1841 carmen
932 1797 997 1841 ltiare
1005 1797 1057 1856 lyra.

317 1913 436 1967 Juvenal.
446 1925 495 1967 sot.
504 1913 553 1979 vt,
562 1909 629 1964 635:

532 2035 619 2080 Grande
628 2032 746 2092 sophocleo
756 2046 844 2078 carmen
857 2034 992 2078 bacchamur
1001 2034 1073 2076 hiatu.

318 2153 410 2204 llorat.
421 2152 448 2201 in
459 2149 536 2216 Arte,
546 2146 611 2200 138:

531 2273 590 2329 Quid
599 2257 692 2330 dignum
701 2280 763 2316 tanto
772 2271 828 2316 ieret
837 2273 873 2316 bic
883 2273 1002 2330 nominor
1010 2273 1087 2317 hianti
1119 2309 1126 2328 ,

316 2389 464 2451 Lucienus,
481 2388 509 2438 in
527 2385 655 2456 Nigrino,
672 2383 719 2436 ubi
736 2383 771 2436 de
789 2382 923 2436 actoribus
937 2386 1039 2454 agitur:
1051 2379 1120 2448 μιγὶ
1136 2371 1271 2448 rexerim,
1286 2385 1367 2456 pupis

295 2507 297 2512 .
317 2467 459 2535 qiiyysmr
471 2465 531 2536 (ure
549 2463 578 2515 in
597 2464 752 2516 immensum
769 2461 891 2528 diducto,
911 2462 1034 2537 exiguum
1051 2473 1076 2513 et
1087 2461 1185 2536 pracile
1198 2463 1367 2538 loquuntur).

314 2550 453 2602 -Moesso
469 2544 581 2618 traqoedo
589 2565 598 2606 ‚-
618 2543 755 2614 componit
772 2541 853 2594 animi
870 2559 962 2594 sensus
979 2553 1053 2593 actor
1067 2541 1101 2594 ad
1114 2561 1271 2614 personam,
1287 2563 1368 2616 ipram

314 2629 416 2695 induit,
429 2636 545 2680 moestam
559 2622 695 2690 uidelicet,
710 2637 739 2676 nt
751 2621 906 2694 plerumque
917 2623 947 2675 fir
958 2622 985 2674 in
999 2621 1140 2692 tragoedia:
1154 2623 1225 2676 unde
1237 2625 1368 2698 trapoedus

314 2711 448 2762 uerissime
459 2706 556 2758 dicitur
567 2705 624 2776 lpse
636 2715 748 2757 moestus.
762 2704 854 2756 Omnis
866 2701 911 2756 hic
923 2721 1012 2756 versus
1025 2721 1105 2756 sensu
1116 2706 1202 2776 accipi
1213 2704 1292 2758 debet
1304 2707 1367 2759 sub-

315 2788 436 2843 ridiculo.
447 2787 562 2839 Censent
570 2784 628 2851 alii,
639 2783 865 2847 nicaeensius,
876 2782 941 2836 nihil
950 2783 993 2836 bic
1003 2801 1060 2836 essa
1069 2783 1136 2837 risus
1147 2798 1172 2836 et
1181 2787 1297 2839 Persium
1306 2807 1367 2840 vere

315 2870 367 2924 sibi
381 2881 487 2923 centum
503 2879 596 2938 optare
614 2883 707 2928 voces,
725 2877 756 2916 ut
772 2878 858 2936 poeste
874 2865 977 2918 solent:
997 2864 1042 2917 alii
1060 2865 1154 2918 volunt
1169 2867 1309 2939 equalium
1322 2868 1367 2922 bic

316 2951 430 3006 describi
437 2948 641 3002 declamationes
651 2947 754 3016 ineptas
762 2945 849 2997 statim
859 2945 893 2998 ub
903 2945 955 2998 boc
964 2947 1054 3010 initio,
1066 2945 1290 3016 quemadmodum
1297 2951 1367 3003 infra

315 3034 342 3084 in
352 3031 394 3084 bis
406 3049 463 3103 qun
475 3025 647 3082 succlamabit
657 3027 799 3079 Cornutus.
812 3025 883 3077 luter
892 3039 1033 3098 utramque
1044 3026 1210 3096 opinionem,
1222 3031 1367 3101 qurenimie

315 3124 369 3174 est,
378 3111 476 3162 veritas
485 3107 544 3160 erit.
814 3143 817 3166 2

350 3193 419 3244 Nor.
437 3189 464 3255 4.
484 3185 601 3242 Vulnera
615 3203 660 3239 seu
671 3183 773 3238 'Partiri
784 3185 903 3238 ducentis
913 3186 945 3238 ab
958 3185 1066 3258 inpuine
1073 3184 1186 3255 semun-
1201 3189 1365 3261 -Respicit

315 3270 350 3324 ad
357 3269 401 3322 illa
411 3279 546 3340 poemata,
557 3285 615 3338 que
624 3265 738 3337 plurima
748 3261 968 3336 confingebantnr
979 3262 1012 3316 de
1024 3261 1099 3318 bellis
1111 3267 1293 3319 Romanorum
1304 3285 1365 3320 cnm

314 3349 432 3413 Parthis,
447 3365 505 3419 que
519 3359 573 3398 turn
591 3343 733 3398 infeliciter
747 3364 763 3396 a
778 3344 875 3397 Crasso
889 3345 970 3410 inita,
989 3356 1046 3396 tum
1060 3347 1186 3418 temporis
1207 3347 1295 3400 acrius
1316 3367 1365 3419 per

314 3428 491 3482 Corbulonem
508 3424 675 3498 gerebantur.
695 3426 819 3489 Tacitus,
838 3422 949 3486 Annuls
963 3423 1117 3488 Suetonium
1133 3427 1185 3478 Dio
1204 3427 1324 3494 Cassius,
1339 3443 1365 3480 et
1479 3487 1480 3490 Ἴ

314 3511 448 3574 Justinm,
460 3506 567 3578 passim.
581 3504 623 3557 ed
634 3503 689 3556 brec
703 3503 853 3576 pertinebat
863 3506 920 3573 jam
932 3502 975 3557 ille
989 3505 1090 3558 Horatii
1099 3525 1205 3572 versus,
1219 3524 1298 3578 quern
1312 3509 1364 3559 for·
1477 3509 1480 3566 j

314 3600 383 3640 tasse
395 3585 500 3638 Persius
514 3586 642 3655 sequitur,
657 3595 706 3636 sat.
720 3584 744 3634 ll
752 3619 767 3660 ,Ι
780 3599 802 3646 r,
817 3582 849 3635 15
863 3601 938 3654 sqq.:

514 3711 558 3756 Aut
567 3709 660 3754 labentis
669 3724 726 3768 equo
735 3709 841 3754 describet
850 3709 947 3753 vulnero
957 3709 1041 3754 Foruli.

314 3822 359 3896 qni
375 3838 479 3886 versut,
497 3822 524 3872 in
540 3818 645 3871 laudern
662 3819 754 3872 inuicti
774 3819 877 3872 Coesaris
889 3819 1019 3890 scriptus.
1038 3818 1134 3871 nobilis
1152 3837 1209 3872 esse
1225 3819 1319 3873 debuit
1337 3835 1362 3873 et

313 3903 404 3956 elatus.
424 3903 460 3952 At
476 3899 595 3964 Persius,
614 3898 682 3951 adeo
696 3917 753 3950 non
769 3896 877 3964 laudet,
897 3909 926 3949 ut
945 3909 1038 3950 contra
1057 3896 1220 3952 subsannare
1236 3899 1299 3952 velit
1318 3903 1361 3973 qui

312 3980 431 4034 scribunt
448 3978 581 4051 pudende.
601 3977 726 4031 Pudenda
745 3991 835 4030 eutem
854 3977 936 4030 luisse
955 3996 987 4029 ea
1006 3980 1140 4044 carmina,
1160 3996 1216 4050 quse
1234 3979 1268 4031 de
1286 3979 1361 4032 bellis

311 4059 438 4112 Parthicis
450 4057 645 4123 emittebantur,
659 4071 814 4129 argumento
827 4069 867 4110 est
877 4057 1023 4123 Lucienus,
1035 4059 1078 4109 De
1088 4054 1228 4110 scribenda
1238 4057 1360 4124 historia,

313 4142 422 4211 poesim.
436 4141 528 4212 ltaque
539 4139 636 4192 Noster
648 4155 725 4190 suurn
740 4139 844 4208 scripsit
856 4135 960 4190 diverso
974 4155 1005 4190 ac
1018 4138 1143 4190 Horatius
1153 4155 1228 4189 more
1241 4157 1358 4205 versum,
