2970 4936
324 393 387 461 160
492 392 646 455 VARIAE
670 390 940 465 LECTlONES
964 393 1026 457 ΕΤ
1050 391 1185 460 NOTAE

319 534 397 572 tenus
413 517 526 580 ironice;
541 533 613 568 nuuc
627 516 682 585 agit
697 518 823 586 apertius.
845 546 876 556 -
898 517 968 587 Quin
983 528 1011 570 tu
1024 518 1116 591 ipiurre
1127 522 1209 590 junge
1224 536 1285 570 curu
1300 519 1362 571 desi·

318 597 360 649 nis
377 615 408 648 ac
424 609 515 647 verte:
536 592 754 666 quandoquidem
775 592 841 645 nihil
860 593 956 645 horum
976 593 1075 662 habes,
1094 613 1152 667 qua
1171 595 1205 647 ad
1223 596 1362 668 regendam

319 673 512 745 rempublicam
524 674 672 724 necessaria
685 687 760 737 sunt,
775 691 824 723 cur
836 691 905 738 non,
918 675 1016 726 omissa
1027 673 1141 745 publicas
1150 677 1188 726 rei
1197 693 1275 740 cura,
1286 686 1312 727 te
1322 677 1362 747 ip·

320 772 379 806 sum
394 771 488 805 sanare
501 753 648 822 properas?
661 782 695 792 —
712 753 820 803 Summa
836 753 1010 825 nequicquam
1023 752 1095 824 pelle
1111 755 1226 814 decania·
1241 756 1364 806 convenit

319 851 394 904 mque
408 830 536 884 Alcibiadi
550 849 581 882 ac
595 831 710 894 Neroni,
726 833 780 882 sive
793 830 826 882 ad
838 850 949 902 corpus,
965 833 1018 884 sive
1034 831 1067 883 ad
1081 834 1216 902 ingenium
1232 835 1363 904 respicias.

318 914 461 964 Formosus
477 911 548 962 enim
563 923 620 962 erat
633 908 800 974 Alcibiades,
814 911 884 962 Nero
900 910 1028 983 pulcher3
1044 924 1155 982 uterque
1169 914 1290 984 corporis
1307 911 1364 963 dili·

319 993 427 1062 gentior
436 1003 460 1043 et
467 990 627 1042 vestimentis
638 991 812 1060 conspicuum
822 1003 936 1060 uterque
945 993 1069 1044 virtutem
1078 1011 1132 1064 prae
1142 1011 1170 1044 se
1178 992 1281 1057 ferens,
1291 995 1367 1042 mori·

318 1071 371 1122 bus
388 1081 445 1121 erat
459 1067 532 1120 haud
548 1069 585 1119 ita
601 1080 706 1135 castus,
724 1080 805 1139 atque
818 1070 897 1121 etiam
914 1071 986 1122 Nero
1001 1071 1056 1123 fere
1073 1090 1177 1142 semper
1193 1073 1365 1144 mrpissimus.

319 1148 380 1200 Vid.
394 1147 579 1214 Plutarchum,
593 1148 621 1199 in
637 1149 691 1199 Vit.
707 1145 852 1210 Alcibiad.;
870 1149 978 1202 Sueton.
995 1150 1022 1201 in
1037 1152 1252 1212 Nerou.;'1'acit·
1271 1150 1366 1202 Annal.

317 1229 377 1280 Xlll
391 1240 417 1278 et
430 1227 500 1293 XIV,
514 1228 620 1298 passim.
633 1226 712 1279 Cani.
727 1229 819 1278 Horat.
835 1227 890 1279 Sat.
905 1229 940 1294 ll,
956 1246 978 1295 ι,
994 1229 1029 1296 64
1043 1247 1115 1303 sqq.;
1130 1231 1213 1302 Epist.
1224 1231 1251 1298 l,
1266 1231 1313 1297 16,
1324 1229 1365 1298 45.

353 1337 421 1388 Nou.
444 1334 484 1387 15.
503 1335 574 1387 Ante
587 1336 656 1387 diem
675 1333 771 1387 blando
786 1333 898 1386 caudam
905 1335 1009 1405 jactam
1020 1335 1136 1410 popello.
1152 1366 1186 1377 -
1200 1337 1270 1388 Ante
1283 1336 1351 1388 diem
1359 1358 1366 1396 ,-

318 1417 355 1468 sic
365 1435 461 1487 supra:
472 1427 533 1468 ante
540 1412 622 1486 pilos,·
635 1413 738 1466 Scilicet
750 1416 858 1466 minime
869 1429 974 1486 tempus
985 1419 1086 1487 poscit,
1096 1415 1206 1469 accedat
1217 1415 1253 1469 ad
1265 1434 1367 1488 rempu-

317 1495 416 1548 blicam
425 1496 530 1566 juveuis
543 1496 731 1566 ineptissimus.
744 1524 779 1533 —
790 1495 905 1546 Caudam
910 1498 1016 1567 jactare
1025 1495 1134 1568 popello
1138 1519 1149 1558 ‚·
1161 1499 1282 1568 speciose
1294 1497 1369 1547 iactis

318 1595 347 1627 se
362 1573 497 1628 venditare
516 1573 550 1626 ad
566 1573 671 1645 plebem
686 1575 796 1645 ejusque
811 1575 928 1624 favorem
946 1587 1063 1646 captare.
1084 1577 1149 1627 Rem
1164 1594 1227 1628 vero
1242 1577 1370 1648 expressit

317 1675 367 1726 per
380 1653 563 1727 metaphoram
577 1652 616 1706 vel
630 1653 806 1725 epavonibus
821 1652 945 1723 ductam,
960 1657 1007 1725 qai
1021 1653 1145 1725 pandunt
1158 1657 1248 1708 caudoe
1263 1669 1369 1728 specta·

318 1737 393 1804 cula,
404 1735 446 1788 vel
460 1753 475 1788 e
489 1733 616 1798 canibus,
629 1737 674 1806 qui
685 1734 769 1786 cauda
782 1733 964 1786 blandiuntur.
980 1734 1107 1808 Papello,·
1121 1736 1216 1789 melius
1228 1756 1310 1809 quam
1320 1755 1369 1808 po·

315 1818 396 1889 pulo:
410 1817 528 1868 minutus
542 1817 612 1869 enim
628 1828 668 1868 est
682 1815 809 1887 populus.
825 1846 859 1856 —
873 1815 994 1878 Blando,·
1010 1817 1128 1888 populus
1148 1820 1219 1870 enim
1237 1819 1369 1889 ejusmodi

316 1893 470 1946 hominibus
485 1913 590 1966 semper
603 1893 752 1958 blanditur,
766 1912 883 1966 eosque,
902 1910 932 1947 ut
946 1895 973 1946 iu
987 1894 1133 1950 Alcibiadis
1145 1900 1198 1949 vita
1210 1897 1324 1969 legimus
1338 1917 1368 1949 ac

315 1975 444 2039 Neronis,
455 1975 534 2027 'effert
544 1975 572 2026 iu
581 1974 682 2031 calum.
695 1976 788 2046 Specie
799 1978 870 2028 enim
879 1977 962 2046 magis
973 1993 1052 2047 quam
1062 1995 1091 2028 re
1100 1977 1206 2030 ducitur
1215 1977 1367 2031 multitudo.

315 2057 408 2108 Horat.
421 2054 475 2106 Sat.
488 2055 517 2123 Ι,
529 2053 560 2121 6,
577 2055 608 2107 15
621 2073 679 2127 sqq.

351 2166 418 2214 Nor.
438 2163 478 2215 16.
488 2163 606 2229 Desinis,
619 2163 760 2234 Anticyras
771 2163 867 2217 melior
876 2165 974 2216 sorbere
983 2185 1105 2220 meracas.
1117 2155 1151 2209 '—
1160 2167 1262 2221 Desinis
1265 2191 1275 2230 ‚·
1283 2171 1368 2240 junge
1451 2161 1453 2168 ¹

316 2260 377 2294 cunr
392 2242 458 2316 quin
470 2253 498 2292 tn
510 2243 596 2315 igitur.
611 2271 645 2280 -
656 2243 796 2313 Anticyras
810 2242 906 2296 melior
916 2246 1016 2297 sorbere
1029 2265 1142 2301 meracas
1147 2271 1156 2310 ,·
1170 2245 1319 2320 hyperbole
1331 2265 1370 2300 sa·

315 2323 390 2372 tirica
404 2339 469 2392 pro:
485 2322 573 2392 aptior
583 2322 653 2391 regi,
667 2339 747 2390 quam
764 2340 854 2392 regere
868 2322 943 2375 ulios.
962 2323 1061 2376 Melior
1073 2327 1172 2379 sorbere
1177 2349 1186 2388 ,·
1197 2325 1370 2380 hellenismus

314 2401 403 2453 Persio
417 2400 564 2452 familiaris.
585 2431 615 2440 -
629 2401 785 2471 Antieyms;
800 2416 908 2454 censent
925 2403 970 2456 alii
986 2403 1067 2458 fuisse
1085 2409 1142 2476 ejus
1158 2409 1275 2460 nominis
1288 2407 1368 2459 urbes

252 2545 255 2550 ἡ
313 2479 474 2532 Phthiotidis
489 2498 520 2531 ac
536 2479 661 2533 Phocidis
675 2482 835 2547 maritimas,
852 2481 896 2533 alii
908 2484 1008 2536 insulas
1021 2486 1049 2534 in
1061 2487 1121 2538 sinu
1135 2487 1232 2554 AEtaeo,
1246 2507 1293 2540 seu
1307 2489 1368 2540 lda-

313 2559 383 2612 liaco
394 2557 428 2610 atl
436 2557 618 2624 Thessaliam,
632 2579 744 2631 quarum
754 2561 781 2611 in
791 2578 854 2630 agro
865 2580 961 2632 magna
971 2564 1050 2634 copiu
1060 2562 1191 2617 hellebori
1201 2569 1368 2636 proveniret;

313 2636 385 2689 unde
401 2639 481 2690 etiam
497 2655 548 2688 vox
564 2637 692 2708 Anticyra
707 2657 758 2708 pro
775 2637 913 2692 helleboro
930 2644 1055 2710 ponitur,
1074 2656 1154 2714 atque
1173 2663 1205 2695 eo
1225 2664 1304 2698 sensu
1325 2645 1369 2698 hie

312 2721 401 2771 Persio
416 2717 521 2769 videtur
536 2729 678 2786 usurpata,
693 2736 799 2769 necnon
814 2722 923 2772 Horatio
938 2722 965 2773 in
977 2723 1041 2774 Arte
1053 2725 1125 2776 Poet.
1141 2726 1208 2778 300:

515 2812 537 2856 Si
547 2811 617 2855 tribus
626 2813 741 2870 Anticyris
750 2824 816 2871 caput
825 2816 946 2860 insanabile
955 2833 1069 2875 nunquam
1078 2853 1083 2863 .
1093 2853 1098 2863 .
1108 2854 1113 2863 .
1122 2855 1126 2863 .

312 2898 350 2948 Ex
361 2912 414 2966 quo
423 2907 513 2946 tamen
523 2912 602 2945 versu
611 2895 734 2947 nonnulli
746 2896 874 2969 colligunt
885 2899 967 2952 fuisse
980 2913 1028 2954 tres
1039 2902 1178 2974 Anticyras
1190 2905 1305 2974 insulas,
1321 2921 1368 2961 aut

313 2976 409 3038 urbes;
421 2988 449 3026 at
460 2975 568 3040 Strabo,
580 2974 626 3026 lib.
640 2977 692 3042 IX,
707 2976 820 3030 duarum
832 2979 1000 3034 solummodo
1013 2985 1140 3036 meminit.
1155 2986 1256 3039 Noxios
1269 2987 1367 3042 humo-

313 3075 355 3108 res
365 3069 446 3126 atque
455 3055 535 3106 etiam
545 3055 674 3106 insaniam
685 3055 824 3110 helleboro
836 3079 915 3130 posse
924 3065 1048 3134 purgari,
1058 3067 1193 3135 ingenium
1202 3067 1276 3134 acui,
1285 3081 1367 3122 testes

314 3148 376 3188 sunt
387 3149 510 3188 auctores
525 3135 591 3186 bene
605 3135 690 3186 multi.
705 3136 770 3189 Plio.
784 3141 848 3211 Maj.
860 3141 947 3208 XXV,
961 3143 993 3207 53
1007 3145 1076 3197 Geli.
1091 3147 1176 3212 XVll,
1192 3147 1223 3199 15
1231 3167 1238 3208 ;
1254 3148 1364 3202 Sueton.
1407 3193 1409 3200 .

313 3218 341 3268 iu
354 3213 465 3285 Caligul.
479 3231 528 3283 ²93
542 3215 661 3267 Juvenal.
674 3217 749 3283 Xlll,
764 3219 813 3286 96,
826 3220 916 3292 ibique
931 3223 1049 3293 lluperti.
1061 3255 1097 3265 -
1108 3227 1239 3288 Meracas5
1251 3225 1365 3281 dilutum

314 3295 540 3367 commixtumque
553 3296 621 3348 sumi
635 3295 703 3348 solet
716 3297 900 3366 helleborum
915 3321 1028 3356 meracas
1039 3323 1101 3356 vero
1116 3308 1206 3376 posuit
1220 3305 1254 3357 ad
1267 3306 1368 3380 hyper·

313 3373 390 3426 boles
399 3375 453 3426 vim
463 3374 689 3441 confirmandam,
701 3379 839 3430 Horatium
852 3395 971 3446 secutus,
985 3384 1031 3454 qui
1040 3381 1105 3435 dixit
1114 3385 1197 3456 Epist.
1209 3388 1288 3454 11,2‚
1302 3389 1364 3457 137:

517 3470 603 3528 Expulit
612 3473 721 3517 helleboro
730 3476 835 3519 morbum
844 3477 955 3534 bilemque
964 3493 1056 3525 meraca.

341 3600 401 3644 Vsa.
411 3599 511 3662 17.Qaa
519 3598 980 3669 tibisummaboniestP-llabentplures
988 3625 1000 3655 e
1009 3611 1367 3673 uetustissimislleqiaBiblioth.

312 3669 447 3714 Parisieusis
456 3669 598 3717 editionibus
608 3689 614 3718 τ
626 3671 676 3731 Quo
687 3675 727 3720 tibi
734 3691 824 3722 sumnia
833 3677 886 3724 boni
893 3687 939 3734 est,
949 3695 1019 3741 qnam
1029 3691 1092 3728 certe
1101 3685 1274 3744 manuscriptus
1282 3683 1369 3747 aliquis

313 3741 359 3785 lert
368 3738 506 3798 lectionem,
518 3757 567 3787 non
576 3745 772 3794 contemnendam
780 3749 867 3810 ipsam,
879 3765 931 3811 quse
940 3751 970 3796 ab
980 3754 1092 3800 orationis
1100 3752 1181 3799 solutae
1191 3756 1368 3802 constmctionc

312 3812 399 3875 volgari
410 3810 530 3875 paululum
540 3815 669 3863 recederet.

349 3915 415 3964 Nor.
438 3929 477 3982 ¹7·
499 3914 563 3983 Qua·
578 3916 626 3968 tilii
637 3935 740 3970 summa
754 3921 817 3972 boni
830 3925 885 3974 est?
897 3951 933 3963 -
950 3925 1079 3978 Solemnis
1094 3940 1134 3978 est
1147 3925 1192 3978 ille
1206 3945 1264 3978 mos
1278 3931 1367 3980 nostri

313 3994 429 4045 auctoris
441 3991 563 4046 homines
576 3997 704 4050 aetimare
716 4019 749 4052 ex
762 4001 893 4056 Stoicismi
906 4005 948 4057 aui
962 4008 1100 4078 preceptis
1110 4008 1169 4067 ;²sie
1184 4009 1210 4058 in
1226 4010 1366 4077 superiore

310 4073 364 4126 Sat.
381 4073 435 4124 60:
452 4073 498 4124 Est
512 4072 616 4145 aliquid
630 4095 682 4148 quo
698 4080 787 4133 tendis.
808 4082 886 4134 Nunc
900 4085 1023 4152 juvenem
1044 4088 1191 4155 interrogat
1210 4085 1243 4138 de
1261 4105 1364 4138 aemma
