3026 4944
281 497 331 560 ru
356 495 570 562 sueretu
593 493 798 560 retusis.
1022 495 1062 588 57

90 643 147 696 pere
155 623 233 688 solet,
247 623 325 694 qussi
335 636 429 673 natare
439 619 569 674 rideatur.
580 643 592 667 s
605 620 804 674 Gomouonem
817 637 868 692 ogo
881 621 999 693 probare
1010 639 1066 676 uon

90 725 146 771 uim,
157 723 210 776 que
215 704 290 756 nulla
298 706 427 756 innitatur
432 704 671 774 manuscriptorum
682 702 768 754 Godd.
779 706 951 771 auctoritate,
959 721 1068 778 praescr·

93 805 161 858 quum
171 802 259 837 versus
269 784 329 850 ille,
343 802 421 854 quem
431 782 603 854 rejiciendum
612 795 705 835 censet
713 783 818 857 Koenip,
831 785 922 856 probe
934 787 968 837 sit
979 784 1067 838 latini·

90 881 124 920 iet
131 885 212 920 seuseu
222 867 331 918 minime
339 865 463 935 ambigui.
470 865 602 916 Gmerum
609 867 801 937 interpretatio,
813 883 893 939 qoam
903 867 999 941 aaut,
1009 884 1080 940 pro«¹

90 951 127 1015 uit,
138 967 225 1021 parum
236 948 364 1000 convenit
374 964 435 998 eum
444 946 583 998 latinitsto.
591 946 776 1010 —Delumd05
788 950 845 1002 sine
857 948 954 1000 lumbis
967 965 998 1001 ac
1011 950 1068 1000 sine

90 1047 133 1092 ms3
143 1030 240 1083 namin
252 1027 305 1080 illis
317 1029 436 1099 corporis
446 1027 567 1099 partibus
578 1029 691 1080 maxime
703 1028 785 1080 robur
797 1043 916 1102 apparet.
929 1027 1002 1082 Solet
1013 1029 1067 1080 hoe

90 1129 128 1162 um
138 1112 271 1181 usurpari,
284 1113 305 1161 si
316 1106 423 1180 quaudo
436 1121 529 1179 agatur
539 1107 573 1160 de
584 1127 613 1161 re
621 1127 671 1180 per
680 1109 879 1164 affectationem
890 1112 1066 1172 efloeminsts,

92 1209 120 1242 us
130 1189 268 1262 ponderis,
280 1187 380 1241 nullius
391 1187 577 1240 meditationis.
591 1189 740 1241 Vitruvius:
758 1189 863 1242 :Curva
875 1192 1020 1242 Lacumris
1034 1189 1067 1242 sd

90 1289 152 1322 num
165 1269 346 1324 delumbem·
364 1269 447 1322 Cicer.
464 1270 539 1322 Orat.
557 1269 620 1321 alte
635 1271 752 1322 minutos
768 1290 893 1324 numeros
913 1285 1067 1344 sequentes,

90 1351 194 1402 uberans
207 1350 382 1402 sententies.»
400 1349 484 1401 Tacit.
502 1346 606 1419 Dialog.
622 1345 656 1399 de
674 1347 752 1400 Ceus.
770 1368 876 1421 corrup.
896 1349 972 1421 Eloq.
990 1362 1067 1400 vocat

90 1447 173 1478 runem
184 1428 298 1478 fructum
311 1441 335 1478 et
348 1426 486 1479 elumbem,
499 1429 558 1478 Hoc
568 1427 649 1479 Persii
658 1425 735 1494 loco,
744 1427 855 1480 verbum
872 1431 991 1500 apprime
1000 1447 1067 1480 cou-

90 1547 91 1554 ,
104 1523 163 1556 cum
173 1504 220 1556 illa
231 1507 369 1577 superiore
380 1503 552 1577 metaphora,
566 1523 624 1576 que
635 1505 717 1578 paulo
731 1521 771 1558 est
782 1505 899 1558 liberior.
911 1536 948 1547 -
958 1506 1069 1559 Summo

90 1587 168 1640 illoc
180 1598 255 1639 octat
266 1587 293 1638 itt
307 1585 391 1639 labris.
410 1585 482 1638 Nihil
497 1599 535 1639 est
550 1586 623 1658 apud
638 1587 747 1640 Latinos
762 1587 803 1640 his
818 1587 1000 1642 locutionibus
1015 1589 1069 1640 usi·

90 1683 113 1716 s:
126 1665 200 1717 verba
211 1667 239 1716 in
253 1681 309 1729 ore,
327 1668 356 1717 in
368 1664 446 1717 labris
458 1666 605 1727 nascentem·
621 1667 695 1718 verbu
709 1667 831 1729 bumidc,·
848 1685 906 1740 quae
923 1665 1069 1736 significent

90 1765 134 1796 ‘am
147 1745 344 1817 garrulitatem,
356 1759 402 1797 aut
417 1747 443 1797 in
456 1745 593 1818 loquendo
605 1747 788 1799 temeritatem.
801 1749 854 1800 Has
868 1746 960 1802 solnta
973 1745 1069 1797 oratio·

90 1827 218 1877 tentiones
229 1828 258 1877 in
268 1843 372 1877 versum
385 1823 550 1877 uanstulisse
562 1823 626 1877 mihi
638 1825 742 1878 videtur
756 1829 860 1880 Persius
872 1825 1011 1898 paululum
1025 1841 1069 1876 ex-

90 1919 132 1960 tas.
145 1907 237 1960 Senes.
252 1907 335 1978 Epist.
350 1907 390 1959 X:
410 1907 492 1958 uNon
509 1925 523 1960 e
540 1907 648 1960 summit
660 1906 739 1961 labris
752 1913 802 1962 ista
817 1923 955 1962 venerunt
967 1932 978 1955 ι
993 1909 1026 1958 Η.
1044 1925 1067 1957 e.

90 1999 114 2037 et
125 1985 167 2038 ba
179 2005 258 2040 voces
272 1985 486 2040 fundamentum.
499 1987 615 2054 Gellius,
626 1988 672 2040 lib.
688 1991 714 2055 l,
727 2007 786 2061 cap.
805 1988 851 2042 15:
868 1989 943 2056 sQui
956 1999 1018 2041 suut
1031 1985 1070 2039 le·

90 2079 111 2117 et
121 2065 227 2134 futiles,
239 2080 266 2118 et
279 2070 427 2140 importuni
440 2067 588 2134 locutores,
602 2071 700 2140 quique
711 2068 787 2122 nullo
798 2089 886 2122 rerum
897 2067 1018 2141 pondere
1031 2067 1070 2118 iu·

103 2149 185 2200 verbis
206 2147 322 2202 lrumidis
339 2159 365 2200 et
383 2146 545 2222 &psentibus
561 2148 704 2216 diffluunt,
722 2169 813 2204 eorum
832 2153 982 2204 orationem
999 2149 1070 2202 bene

90 2241 190 2280 rnatum
207 2241 246 2282 est
259 2229 287 2280 in
304 2246 348 2280 ore
360 2229 445 2295 nasci,
459 2245 513 2282 nou
526 2231 554 2280 iu
566 2241 684 2301 pectore.
695 2253 707 2276 ι
726 2230 837 2298 Qumtil.
850 2229 897 2282 lib.
907 2231 946 2296 X,
961 2245 1021 2298 cap.
1036 2228 1068 2295 4:

90 2325 97 2356 r
113 2305 158 2357 ills
170 2326 204 2360 ex
218 2322 341 2379 tempore
353 2307 461 2360 dicendi
474 2308 588 2361 facultas
600 2311 707 2362 inanem
722 2309 803 2362 modo
820 2309 1010 2380 loquacitatem
1023 2305 1070 2358 da-

89 2401 98 2438 t
116 2391 192 2440 verba
211 2391 239 2441 io
257 2388 336 2444 labris
355 2391 506 2443 nascentia:
528 2389 580 2442 illis
595 2390 714 2458 radices,
730 2391 781 2442 illis
797 2388 971 2444 fundamenta
990 2402 1068 2454 suut,

90 2489 145 2540 spes
151 2469 220 2522 velut
228 2473 360 2524 sanctiore
369 2470 483 2544 quodam
492 2474 594 2524 aerario.
606 2495 616 2521 s
629 2502 665 2513 -
673 2473 711 2524 Et
718 2471 745 2522 in
754 2473 806 2525 udo
815 2483 851 2525 est
856 2495 865 2534 ,·
876 2472 978 2524 locutio
986 2489 1070 2542 grues

90 2550 120 2616 ρᾷ
133 2543 196 2601 ilict.
210 2553 256 2604 list
269 2555 340 2604 enim
353 2551 424 2624 apud
436 2553 545 2606 Grtecos
557 2553 730 2624 proverbium
742 2552 775 2604 de
787 2553 961 2624 loquacibus:
975 2549 997 2604 it
1011 2551 1071 2620 imi

90 2628 103 2681 ι’
113 2631 220 2695 γύσει.
229 2663 266 2674 -
274 2634 379 2696 Menas
389 2643 415 2684 et
424 2633 516 2697 Attin3
528 2636 674 2705 respiciunt
686 2632 743 2686 hec
753 2633 835 2686 verbe
848 2631 883 2685 ed
893 2650 985 2684 versus
996 2633 1030 2700 93
1045 2645 1071 2684 et

90 2741 122 2752 -
134 2715 172 2764 Ex
181 2711 223 2764 his
233 2713 359 2766 omnibus
370 2731 462 2766 seusus
472 2727 525 2780 est,
536 2728 566 2766 ut
576 2735 650 2780 reor,
663 2717 856 2786 apertissimus3
869 2732 922 2786 quo
933 2715 1015 2784 magis
1026 2711 1071 2764 ad-

90 2810 138 2844 uur
148 2794 310 2864 interpretes
325 2791 358 2844 du
372 2791 425 2846 lsoc
436 2792 498 2849 loco
511 2807 615 2848 tautum
626 2794 763 2867 disputare
773 2807 801 2846 et
813 2793 954 2864 ambigere.

90 2925 115 2958 r.
139 2909 200 2960 106.
215 2910 273 2960 Nec
286 2909 408 2980 pluteum
425 2911 514 2978 coedit,
533 2931 580 2966 nec
595 2913 722 2967 demorsos
739 2915 808 2985 sapit
825 2927 932 2984 respuet.
944 2941 980 2950 -
991 2911 1070 2976 lure,

90 2993 137 3039 sm
147 3007 246 3041 versus
258 3003 358 3042 temere
370 2991 497 3044 effutiunt
508 2995 633 3045 incuriosi
643 3007 738 3065 poetas.
749 3023 784 3034 —
794 2992 903 3046 Pluteus
911 3005 967 3044 erat
980 2989 1069 3043 tabula

90 3065 145 3118 iad
159 3085 249 3119 nuum
262 3068 331 3121 latus
346 3067 408 3122 lecti
425 3069 599 3132 cubiculario
617 3089 679 3122 nam
697 3069 731 3123 ad
747 3071 859 3123 alterum
876 3067 981 3143 sponda
997 3067 1070 3122 nuda

90 3146 204 3199 Gonsal.
219 3147 323 3199 Gomm.
340 3148 375 3200 sd
390 3151 497 3202 Petron.
514 3149 577 3213 115;
594 3149 708 3202 Martial.
722 3151 770 3217 lll,
787 3165 830 3222 91.
843 3179 878 3190 —
893 3150 994 3204 Cedere
1008 3169 1070 3222 pro·

90 3228 130 3280 ici
142 3241 240 3298 potest
251 3227 284 3281 de
296 3233 397 3301 poetis,
411 3249 524 3302 quorum
536 3229 672 3283 meditatio
684 3249 778 3304 parum
789 3229 925 3305 procedit,
938 3243 964 3284 et
977 3233 1023 3305 qui
1034 3231 1069 3283 ob

90 3325 197 3360 :ausam
217 3309 362 3362 effundunt
377 3329 483 3364 omnem
497 3313 562 3363 iram
578 3312 606 3363 in
621 3311 759 3383 pluteum;
775 3311 803 3363 h.
822 3311 840 3364 l.
861 3311 1016 3364 translatum
1036 3308 1070 3362 sd

90 3408 120 3454 a,
140 3391 169 3440 in
190 3408 247 3462 quo
263 3389 426 3443 elaborando
441 3390 506 3443 nihil
523 3389 682 3444 desudatum
696 3405 744 3445 est.
760 3422 796 3432 -
811 3393 947 3444 Demorsos
962 3409 1067 3464 unques.

90 3471 144 3520 ium
157 3472 283 3522 corrosio
295 3469 401 3522 solliciti
414 3470 495 3522 animi
513 3483 568 3534 est,
584 3483 610 3522 et
625 3488 703 3543 quem
718 3471 759 3522 sui
774 3471 856 3543 ipsius
872 3471 992 3542 poenitet.
1008 3471 1068 3522 Hac

90 3552 159 3619 uasi
171 3549 285 3603 dixisset
298 3572 304 3602 ι
323 3570 373 3603 nec
385 3550 499 3602 multum
516 3552 586 3621 sapit
598 3549 736 3616 laborem,
747 3568 798 3602 nec
810 3550 938 3603 studium.
956 3549 1067 3617 Quintil.

91 3667 101 3692 ,
114 3647 143 3681 c.
159 3629 195 3694 3,
209 3631 275 3682 citat
289 3628 361 3682 huuc
372 3630 454 3682 Persii
465 3628 574 3682 locums
588 3651 601 3677 s
611 3628 680 3680 Tuus
690 3627 734 3680 ills
748 3645 806 3700 qua
818 3631 977 3701 apertiorem
989 3630 1070 3680 animi

90 3729 104 3760 u
117 3723 287 3779 sequuntur,
304 3729 362 3782 quse
373 3711 431 3782 ipsa
443 3712 562 3762 animum
574 3707 771 3780 quodammodo
788 3711 939 3772 concitant,
956 3723 1069 3778 quorum

90 3803 158 3840 tare
165 3803 429 3862 manum,torquere
436 3788 539 3842 vultum
547 3788 787 3854 simul,etinterim
795 3787 1071 3859 objurgare,quaeque

90 3887 104 3918 s
117 3882 221 3936 notat,
236 3887 320 3940 quum
334 3867 427 3920 leviter
438 3867 544 3922 dicendi
558 3887 642 3940 genus
653 3869 799 3938 significet:
818 3885 866 3920 nec
877 3867 1012 3939 pluteum,
1027 3868 1069 3917 in·

90 3947 192 4012 cedit,
210 3967 259 4000 nec
270 3949 400 4002 simonos
410 3949 477 4018 sapit
489 3967 602 4022 unques:
618 3949 696 4000 etiam
707 3949 818 4002 ridicula
831 3963 907 4015 sunt,
923 3949 974 4000 nisi
986 3963 1068 4017 quum

90 4047 171 4080 imus.
184 4053 197 4076 ι
214 4031 295 4096 Conf.
308 4033 402 4083 Horat.
414 4028 468 4081 Sst.
480 4029 527 4082 lib.
539 4031 564 4095 l,
575 4029 614 4094 X,
628 4046 676 4099 70:

437 4153 453 4163 ..
461 4129 493 4164 .et
500 4120 523 4163 in
530 4135 593 4166 tortu
601 4121 700 4164 faciendo

219 4187 278 4241 Saepe
286 4195 353 4243 caput
360 4187 464 4240 scaberet,
473 4187 530 4230 viros
538 4197 558 4230 et
567 4188 652 4230 roderet
659 4201 749 4242 ungues.
