2970 4936
243 620 512 732 visin
552 619 993 792 sectiones

488 857 560 934 ET
586 855 744 935 NOTAE

373 1045 419 1106 ru
439 1044 630 1106 SATIRAM
650 1046 861 1108 suasisti.

108 1436 348 1489 bisinianensis.
369 1397 1143 1510 Leotrnninsohoiiis,qundiountureseecornuti,lanc

107 1517 198 1568 numm
214 1533 228 1566 e
243 1515 341 1567 Inscilii
357 1513 422 1568 libro
433 1519 527 1588 quarto
543 1533 593 1568 etse
609 1515 762 1570 translatam
775 1515 924 1591 eastipantt's
935 1516 1066 1574 taurum
1077 1525 1144 1578 divi-

108 1603 155 1646 tum
165 1605 190 1646 et
200 1595 270 1646 nitio.
285 1593 402 1644 Multum
412 1591 510 1646 habere
523 1595 687 1646 auctoritatis
698 1597 785 1666 primo
798 1608 908 1666 aspectu
919 1595 1023 1651 videtur
1034 1603 1145 1675 opinio,

108 1691 168 1742 qun,
182 1692 233 1745 quo
245 1687 367 1744 tempore
378 1675 406 1724 in
417 1674 522 1744 integro
535 1671 624 1724 ndhuc
636 1686 724 1726 essent
737 1693 819 1744 opera
832 1673 942 1739 Lucilii,
957 1675 1027 1731 foret
1038 1682 1142 1736 emissa,

107 1752 244 1804 Cavendum
263 1764 371 1819 tamen,
390 1770 425 1804 ne
439 1753 520 1805 nimia
534 1752 600 1804 fides
613 1753 670 1804 istis
683 1751 791 1805 scholiis
805 1751 975 1822 adhibentur,
993 1777 1052 1830 quse
1068 1767 1144 1834 cujus

107 1833 208 1884 auctoris
220 1833 290 1896 sint,
308 1834 419 1902 cujusve
434 1833 531 1896 aetatis,
546 1833 675 1885 incertum
691 1843 745 1900 est,
764 1852 798 1884 ne
813 1832 900 1894 dicam
914 1835 993 1905 plane
1006 1839 1143 1910 ignotum

17 1919 18 1928 ¹
108 1927 217 1981 quaque,
231 1909 274 1963 vel
288 1912 406 1984 ejusqui
420 1912 542 1983 scripsit,
556 1910 598 1964 rel
611 1930 704 1964 eorum
719 1913 765 1982 qui
779 1910 919 1966 ediderunt
933 1915 1027 1988 culpe,
1041 1921 1143 1974 mendis

17 1977 18 2030 Ῐ
109 1991 190 2043 referta
210 2003 280 2043 sunt.
303 1992 331 2044 Si
349 2011 430 2060 vero,
450 1993 549 2044 omissa
570 1991 719 2046 scholiastis
739 1995 914 2061 auctoritate,
932 1997 991 2068 ipsa
1009 1999 1144 2054 intuemur

17 2095 18 2102 κ
108 2068 188 2122 insilii
197 2073 361 2144 fragmenta,
373 2090 431 2142 quas
443 2072 558 2144 paucula
571 2084 690 2138 exstant,
703 2071 769 2124 nihil
780 2072 851 2125 eliud
861 2093 887 2126 in
898 2073 938 2126 his
947 2081 1093 2149 reperimus
1106 2101 1143 2134 sa·

17 2147 19 2208 Ξ
108 2153 156 2203 tire
167 2151 242 2225 hujus
256 2154 395 2206 sententiis
409 2153 494 2206 simile
508 2166 554 2206 eut
568 2152 665 2220 affine,
681 2171 761 2225 quem
774 2153 848 2206 hunc
860 2174 965 2208 versum
979 2179 986 2208 :

97 2239 103 2252 ’
293 2246 396 2288 Esomno
402 2258 482 2301 pueros
489 2256 560 2300 quom
567 2257 632 2287 mene
639 2243 757 2301 expergitn'
764 2242 843 2288 clamo.

107 2315 373 2375 &moestissimi
381 2318 489 2380 cuilibet
498 2321 636 2390 utriusque
648 2331 734 2390 poete
745 2319 894 2388 ingenium,
907 2330 933 2371 et
945 2333 1065 2394 tempora
1075 2337 1143 2378 tein-

109 2397 208 2466 poribus
219 2399 359 2465 referenti,
374 2399 415 2450 ris
426 2417 458 2450 ac
469 2416 504 2450 ne
517 2399 558 2448 rix
570 2395 679 2467 quidem
689 2395 772 2466 recipi
783 2408 888 2466 potest,
901 2396 972 2449 idem
984 2398 1034 2452 sibi
1046 2420 1144 2474 propo·

111 2478 186 2528 suisse
197 2480 274 2543 viros,
294 2495 410 2551 quorum
428 2477 493 2530 alter
507 2476 619 2530 llorente
632 2477 695 2528 vixit
708 2473 871 2545 Republica,
889 2492 973 2544 quum
990 2478 1143 2532 Grecorum

110 2557 208 2628 litteris,
216 2563 286 2633 quasi
293 2560 444 2613 honestiori
451 2558 530 2626 ludo,
540 2560 707 2628 majestatem
713 2574 788 2610 tuem
794 2554 872 2607 liberi
879 2569 905 2606 et
911 2559 1024 2611 victores
1031 2559 1145 2615 Romeni

17 2677 19 2704 ,
109 2651 288 2710 temperarent;
303 2639 447 2692 alterutro
461 2636 578 2692 stabilita
589 2639 645 2706 jam
660 2653 691 2688 uc
705 2636 825 2688 saeviente
837 2647 916 2687 natus
928 2648 969 2687 est
978 2638 1144 2709 Tyrannide,

17 2709 19 2744 ³
107 2736 179 2789 quom
192 2720 295 2773 seniles
313 2721 495 2792 projectorum
513 2720 695 2772 Rornanorum
709 2719 812 2768 animos
829 2714 952 2786 gravibus
966 2716 1143 2792 philosophias

18 2819 19 2822 ¹
107 2799 231 2869 praecptis
241 2817 353 2852 necesse
364 2799 416 2850 fuit
428 2799 528 2867 erigere
539 2808 565 2848 et
577 2795 745 2848 confirmare.

138 2873 175 2927 Sic
185 2877 245 2930 lecit
256 2875 310 2930 hoc
320 2877 429 2929 satirico
439 2893 561 2928 sermone
571 2876 690 2941 Persius,
704 2890 758 2944 quo
772 2873 919 2925 Romanam
929 2876 1096 2943 juventutem
1107 2878 1143 2931 ed

108 2953 184 3008 studia
194 2956 371 3029 philosophie
384 2955 492 3009 moralis
505 2968 659 3019 convertere
671 2955 771 3006 nititur.
783 2955 922 3024 Ingenium
933 2954 1012 3010 bonis
1024 2958 1145 3014 excolere

107 3032 194 3087 artibtn·
203 3038 339 3107 animique
348 3033 430 3088 males
441 3052 535 3088 sonmo
545 3032 717 3104 cupiditates,
728 3030 801 3084 haud
812 3033 849 3084 ite
857 3034 968 3108 juvenes
981 3036 1143 3110 ubicumque

107 3113 186 3180 jurat,
201 3117 246 3186 qui
261 3117 359 3168 sirium
375 3116 491 3178 conscii,
508 3113 578 3166 uvidi
593 3113 778 3183 voluptatum,
793 3129 882 3181 neque
898 3116 1090 3187 prospicienter
1103 3119 1145 3172 fu·

109 3203 172 3260 turo,
184 3194 233 3248 frui
242 3195 360 3264 malunt,
372 3215 452 3268 quam
460 3193 594 3258 ediscere,
606 3192 781 3264 corporisque
788 3191 886 3262 gaudio
894 3197 977 3266 megis
984 3197 1144 3265 inserviunt,

110 3289 177 3341 qnam
191 3276 243 3326 otio
255 3276 360 3326 mentis.
376 3273 448 3344 Quid
460 3275 483 3327 si
497 3273 637 3342 nobilitas,
650 3285 677 3325 et
688 3271 798 3338 divitias,
811 3283 837 3323 et
849 3271 945 3325 militie
957 3293 1045 3330 mores
1058 3295 1144 3330 eccet-

17 3359 19 3374 '
111 3354 197 3419 serint,
217 3374 276 3427 qnae
298 3373 340 3407 res
360 3357 474 3408 maxime
493 3352 646 3426 superbiam
666 3352 741 3405 alunt
758 3352 954 3423 inertiamque?
977 3353 1033 3408 haec
1055 3360 1145 3415 omnia

109 3449 179 3502 porro
192 3432 316 3486 adversm
331 3431 507 3506 philosophiae
521 3431 608 3486 studia
621 3434 710 3484 Romae
724 3428 923 3500 conspirabant.
944 3432 1041 3485 Utilein
1057 3448 1146 3488 tamen

110 3509 288 3586 honestamque
309 3515 466 3586 sapientiam
488 3533 546 3568 esse
567 3512 703 3565 contendit
722 3510 843 3576 Persius,
864 3512 971 3564 satirico
991 3530 1041 3566 suo
1061 3533 1145 3568 more.

111 3590 214 3662 Magistri
231 3592 332 3647 scilieet
349 3612 491 3665 personam
507 3592 610 3658 induit,
632 3604 825 3661 contractoque
843 3591 967 3644 ferociter
985 3596 1144 3665 supercilio,

112 3669 221 3744 objurgas
233 3673 395 3746 discipulum
410 3673 546 3740 desidem,
565 3674 750 3742 Stoicismiqne
769 3671 811 3722 sui
828 3670 915 3724 studia
933 3675 1005 3744 greti
1023 3676 1100 3729 simul
1120 3692 1145 3729 et

17 3803 19 3814 t
113 3747 188 3823 lepida
201 3757 430 3827 argumentatione
444 3755 573 3809 defendit.

17 3825 19 3902 l
141 3831 333 3889 Meminerimus
340 3834 396 3888 hoec
403 3837 435 3888 iis
443 3838 580 3906 scripsisse
589 3847 697 3906 poetam
706 3831 882 3905 temporibus,
892 3833 989 3906 quibus
997 3838 1146 3891 smorStoi·

17 3911 19 3928 '
117 3913 176 3965 euni
191 3916 306 3970 ferveret
324 3915 398 3989 apud
414 3918 565 3982 Romanos,
586 3933 668 3987 quum
682 3915 866 3985 unusquisque
880 3913 977 3968 nobilis
991 3914 1148 3969 adolescens

116 3989 188 4045 Stoico
199 3995 239 4048 vel
257 3998 366 4064 comiti,
385 3996 427 4049 vel
440 3998 565 4070 magistro
579 3995 728 4048 traderetur
740 3992 932 4062 instituendus,
945 3996 1086 4066 ipsumque
1098 3997 1147 4049 lm·

113 4075 170 4141 perii
178 4074 302 4130 heredem
311 4079 460 4132 Stoicorum
469 4078 595 4148 princeps
601 4076 700 4128 Seneca
709 4071 843 4126 educaret.
851 4074 1147 4144 Tacit.Ann.Xiv,53.

113 4148 192 4224 ltaque
198 4154 252 4206 lieri
258 4158 363 4226 potnit,
376 4169 405 4208 nt
412 4156 538 4210 Senecam
547 4156 575 4206 in
582 4155 713 4224 Magistri,
726 4154 1020 4226 ipsumquePrincipem
1028 4157 1055 4207 in
1063 4156 1149 4210 Disci-

193 4247 258 4313 III.
963 4247 982 4311 8
