3148 4950
377 329 438 394 uu
462 328 632 396 saurus
655 328 983 398 nousuonuu.
1136 335 1196 416 tor

157 457 348 549 harumque
360 451 471 522 chon's
489 458 651 548 (quorum
667 470 803 538 cautus,
820 479 898 522 cum
914 457 1042 524 musica
1056 472 1091 526 et
1103 459 1203 528 salta·

157 569 249 635 tione
263 561 453 658 conjuncti,
466 589 536 632 nou
552 588 739 646 sermones,
752 589 831 633 cum
843 568 972 635 actione
986 570 1203 660 potissimum

158 675 321 772 copulati,
341 672 461 745 mediae
478 673 650 747 oomoediae
668 676 876 770 temporibus
891 681 1100 764 conticuere,
1114 694 1204 774 post·
1255 765 1257 771 y

158 935 272 989 santiam
299 937 356 1006 ejus
379 933 520 988 retinenda
545 934 660 989 afferret.
706 931 778 987 tebat
794 934 926 1006 poetisad
941 935 1083 1004 jocandum
1097 936 1206 989 maledi-

158 1017 250 1085 louge
269 1012 321 1065 alia
337 1014 388 1066 fuit
398 1015 426 1066 in
437 1013 536 1084 dispari
550 1013 662 1066 consilio
707 1013 874 1086 cendumque
893 1015 1031 1088 materiesl,
1047 1014 1206 1088 eoqueffldu·

160 1093 329 1145 Comicorum
342 1093 423 1157 ratio,
441 1095 487 1164 qui
498 1091 662 1164 jocularibus
707 1094 819 1146 cendum
833 1111 887 1148 erat
902 1097 1119 1168 ignominiosius,
1132 1097 1208 1169 Saty·

159 1167 303 1223 fundendis
316 1173 351 1222 ita
362 1171 538 1241 peragrabant
545 1189 593 1242 per
606 1171 664 1222 aui·
706 1192 796 1226 rorum
807 1172 901 1226 babitu
912 1175 1035 1228 indutum
1045 1178 1170 1247 exagitari
1179 1177 1208 1228 in

160 1269 218 1302 mos
233 1249 388 1318 hominum,
399 1251 434 1300 ita
446 1267 539 1302 seusus
550 1258 663 1301 mentas-
708 1251 820 1305 theatro.
834 1251 862 1306 3⁰
874 1253 953 1306 Aliud
963 1253 1106 1308 discrimen
1117 1274 1209 1308 cerne·

162 1347 212 1400 qne
235 1327 450 1400 permulcebam,
466 1339 497 1379 nt
518 1345 586 1397 opus
610 1345 665 1378 non
708 1330 787 1382 batur
812 1331 840 1381 iu
867 1331 929 1384 loco
954 1329 1072 1402 actionis}
1089 1331 1208 1403 deligen-

161 1421 229 1460 essct
250 1409 300 1459 isto
317 1425 390 1458 novae
407 1420 433 1458 et
450 1404 557 1458 aliunde
578 1422 665 1456 arces·
708 1410 744 1462 do
759 1429 892 1482 scenaque
904 1408 1208 1482 dramatisflinstruenda.

163 1488 218 1540 situ
238 1487 363 1558 choragio
380 1484 573 1537 delectationis.
588 1481 665 1536 Multi
708 1491 777 1541 Nam
790 1508 871 1562 (prum
882 1493 973 1562 tragici
982 1504 1080 1562 poetae,
1094 1492 1222 1561 priscum·

162 1567 377 1640 quoqueComici
385 1583 435 1632 res,
445 1585 461 1617 e
470 1566 522 1616 rita
530 1565 665 1616 communi
709 1587 810 1626 morem
826 1570 929 1640 sequuti
941 1607 950 1636 ,
962 1567 1055 1622 Silenis
1070 1587 1100 1620 ac
1113 1568 1210 1642 Satyris

161 1642 399 1716 petitas,adeoque
407 1659 513 1694 uooeas
521 1642 666 1693 consectati
708 1647 847 1718 primarias
858 1645 986 1718 quasdam
1000 1659 1089 1718 partes
1099 1646 1211 1700 detulis-

162 1737 237 1790 sunt,
262 1725 290 1774 in
316 1741 428 1793 quarum
452 1722 664 1774 communionem
710 1738 1025 1792 sentrconseutnneum‚
1041 1728 1211 1793 utierat‚its

163 1804 397 1879 qnamdamSutpri
405 1815 514 1875 possent
522 1801 666 1876 probabili·
709 1805 850 1878 putabant,
860 1808 1136 1880 scenamruriaperire
1144 1825 1213 1860 eam-

162 1901 204 1940 ter
218 1885 332 1938 adduci:
352 1899 381 1938 ut
395 1898 511 1950 taceam,
529 1900 614 1956 neque
632 1881 673 1958 de¹
711 1904 762 1957 que
776 1904 871 1938 ornare
888 1886 1042 1952 arboribus,
1059 1887 1210 1958 speluncis,

165 1963 667 2038 chorisSatproruminfabuliscomico-
710 1964 1212 2039 montibusreliquisqueagrestibusre·

164 2047 297 2118 satyricis,
317 2061 405 2115 neque
419 2042 452 2096 de
471 2041 557 2096 choris
576 2061 666 2094 earum
711 2043 775 2109 bus,
786 2045 815 2097 in
826 2047 933 2118 topiarii
945 2047 1032 2117 operis
1042 2047 1158 2117 speciem
1168 2045 1212 2098 de·

164 2126 191 2178 in
208 2126 360 2178 universum
384 2122 529 2194 quidquam
555 2118 667 2172 relatum
710 2125 844 2192 formatis,
861 2125 988 2196 quoniam
1006 2124 1123 2193 Baccbus
1140 2127 1213 2196 ejus·

164 2203 284 2256 inveniri·
295 2198 527 2266 Quemadmodum
534 2217 596 2252 vero
602 2218 666 2270 poe-
712 2223 764 2279 que
773 2206 840 2260 socii
849 2205 979 2274 silvestres
992 2183 1080 2257 colere
1090 2206 1212 2276 regiones

165 2295 196 2334 tae
207 2281 493 2352 comico-satyrici,qui
502 2276 667 2331 contumelia
712 2293 744 2328 ac
761 2277 931 2348 frequentare
951 2276 1135 2329 credebantur.
1154 2275 1213 2328 Ma·

165 2375 191 2414 et
206 2361 334 2414 irrisionis
352 2377 433 2412 causa
453 2357 575 2412 l'abuloss
596 2376 667 2410 sum·
708 2357 753 2426 jor
764 2369 819 2408 erat
832 2355 882 2410 bac
898 2359 926 2408 in
937 2375 966 2409 re
978 2355 1086 2408 libertas
1100 2358 1212 2410 Comicis

164 2453 272 2513 pserunt
282 2459 298 2492 a
307 2439 426 2511 Tragicis
438 2450 609 2512 argumenta,
619 2435 668 2488 bc·
710 2437 845 2508 permissa.
863 2437 897 2487 Hi
911 2437 980 2502 enim
995 2447 1038 2504 ut,
1053 2435 1151 2509 Satyris
1165 2455 1213 2488 ex·

165 2519 256 2572 roibus
278 2518 358 2590 prisci
381 2518 428 2568 uri
449 2534 535 2569 mores
551 2513 667 2566 tribuere
711 2515 809 2587 pulsis,
826 2529 913 2569 vetere
924 2528 950 2568 et
962 2516 1060 2568 tradito
1075 2517 1153 2588 quasi
1168 2535 1213 2568 on

164 2597 332 2664 inhonestos,
347 2608 372 2648 et
389 2593 528 2648 ridiculum
547 2592 667 2646 habitum
710 2608 775 2646 natu
791 2591 960 2646 denudarent
977 2594 1127 2666 Satyricen,
1147 2591 1213 2646 nibil

166 2677 300 2750 adfingere
312 2674 448 2742 solebant,
462 2677 507 2747 qui
517 2675 667 2746 Satyrorum
712 2673 849 2740 obstabat,
862 2691 915 2745 quo
928 2673 1014 2724 minus
1031 2674 1163 2725 actionem
1172 2675 1212 2726 fa·

166 2773 240 2826 paene
252 2753 441 2824 turpitudinem
455 2763 613 2824 exaequaret;
631 2752 667 2804 ita
711 2751 778 2804 bulte
794 2771 827 2806 ex
845 2753 914 2824 agris
930 2753 957 2804 in
979 2751 1071 2804 urbem
1092 2750 1211 2804 deduce·

165 2833 194 2884 in
208 2831 318 2899 fabulis,
329 2830 364 2882 ad
374 2831 524 2884 domestice
534 2833 592 2883 vitae
600 2834 668 2882 ima·
711 2847 771 2883 rent
780 2849 939 2904 scenamque
949 2829 982 2884 ad
995 2829 1130 2884 comoedia
1143 2831 1213 2882 simi-

164 2913 254 2983 ginem
266 2910 445 2976 adumbratis,
457 2912 479 2964 si
490 2911 540 2963 ciri
550 2911 665 2982 cuipiam
710 2909 849 2964 litudinem
863 2923 1059 2982 compararent,
1075 2909 1104 2978 4⁰
1122 2911 1213 2979 Quum

165 2989 276 3044 illudere
299 2989 396 3044 vellent
417 3005 497 3062 atque
520 2991 667 3054 incommo·
710 2991 929 3063 tragicaSatyrice
941 2991 1063 3064 plausum
1073 3004 1141 3045 esset
1151 3009 1213 3044 con·

165 3068 243 3135 dare,
260 3069 317 3122 lraec
330 3069 435 3122 ridetur
449 3088 503 3120 non
520 3087 579 3120 raro
593 3071 666 3120 fraus
710 3086 824 3144 sequuta
834 3073 1082 3144 celebritatemque,
1094 3091 1148 3124 uon
1157 3091 1214 3126 sus

164 3162 352 3213 senatusue,
366 3147 563 3220 uteumSatpri
571 3165 667 3221 perso·
711 3150 812 3203 sinebat
836 3153 864 3203 in
885 3169 992 3204 scenam
1014 3151 1139 3224 prodire,
1161 3154 1213 3205 nisi

165 3248 228 3282 unm
245 3243 272 3282 et
290 3247 377 3282 mores
393 3243 468 3300 gestu
483 3228 609 3298 juberent
623 3241 666 3282 at·
711 3229 745 3281 ad
758 3229 894 3301 publicam
917 3232 1132 3282 communitatem
1150 3249 1213 3284 cum

166 3328 220 3382 que
234 3307 327 3361 habitu
342 3309 447 3361 referre.
465 3307 546 3376 Quod
560 3307 667 3380 quidem
711 3307 842 3378 tragoediis
860 3309 1022 3360 consociata.
1041 3309 1148 3361 Comica
1168 3328 1213 3363 so-

166 3403 306 3461 poetarum
320 3389 467 3441 institutum
478 3388 569 3440 mediae
578 3391 605 3440 in
616 3389 668 3459 pn'-
710 3384 762 3437 lam
789 3405 848 3439 sese
875 3399 902 3438 et
925 3388 983 3438 siue
1005 3400 1141 3458 ptaeeuute
1163 3408 1212 3441 co·

167 3470 215 3520 mis
228 3487 259 3520 ac
272 3485 344 3519 nove
353 3467 492 3522 Comretliae
501 3467 666 3539 temporibus
711 3465 775 3516 mise
799 3464 897 3516 offerre
926 3463 1028 3535 populo
1050 3462 1115 3518 nibil
1137 3485 1212 3520 aare

166 3547 276 3600 mirifice
284 3547 428 3618 juvabatur
439 3550 535 3620 insigni
549 3546 594 3602 illa
605 3566 666 3619 per·
712 3543 886 3597 candebatur.
898 3544 1013 3597 Tametsi
1023 3547 1093 3598 euim
1104 3548 1212 3600 comicis

167 3645 348 3680 sonarumsen
357 3627 503 3693 laruarum,
519 3626 615 3699 quibus
625 3629 667 3678 iu·
712 3623 798 3696 poetis
812 3643 885 3696 oeque
900 3643 932 3677 ac
945 3626 1050 3698 tragicis
1063 3628 1126 3680 artis
1141 3646 1212 3700 quae-

167 3709 259 3758 structi
268 3705 408 3760 histriones
418 3707 576 3778 prodibant,
588 3721 614 3760 et
624 3726 667 3760 va·
712 3705 773 3759 clam
789 3718 866 3758 erant
878 3709 1036 3771 certamiua;
1055 3725 1086 3760 ea
1105 3721 1212 3773 tamen,

167 3786 258 3838 rietate
275 3798 301 3837 et
315 3786 491 3839 deformitate.
509 3786 570 3851 Quo
586 3787 667 3856 magis
713 3785 748 3839 ob
780 3783 912 3838 diversum
948 3798 1090 3859 poetarum
1124 3789 1213 3840 conei-

169 3877 259 3916 autem
276 3864 359 3937 Satyri
376 3880 433 3918 turn
445 3867 565 3938 corporis
583 3866 667 3930 vitiis,
713 3864 791 3930 lium,
807 3883 862 3916 nou
878 3864 973 3918 eodem
985 3863 1093 3918 buerunt
1112 3868 1213 3918 iustru-

169 3956 226 3995 tum
252 3945 358 3999 lascivis
387 3949 513 4018 omnique
538 3944 668 3998 dedecore
713 3956 757 3996 ctu
785 3943 937 3998 fabularum
964 3947 1145 4015 comitatuque
1170 3961 1214 3996 or·

168 4037 244 4078 erant
257 4024 384 4091 intames;
403 4046 435 4078 eo
449 4024 562 4098 amplior
572 4043 668 4097 suppe-
712 4036 783 4076 nata.
799 4049 810 4074 ι

261 4117 327 4180 ΙΙΙ.
1002 4113 1041 4179 31
