2970 4936
350 507 410 572 ns
516 503 673 568 VARIAE
695 481 969 568 anemonas
993 501 1055 565 ur
1079 500 1215 566 nors

340 629 453 703 piscium
462 630 625 696 conduntur,
640 629 705 681 disus
715 626 847 682 auriculas
859 627 1024 698 habena).
1040 627 1119 680 vsi-ia
1130 639 1219 680 aute„
1231 639 1309 680 emt
1319 645 1397 681 m,
1481 655 1482 658 ,

343 729 401 763 runs
414 727 522 781 genera.
532 709 647 782 Respice
660 709 695 761 sd
705 723 797 760 uotam
809 725 899 781 snper.
911 725 949 762 vs.
963 708 1005 762 50.
1021 710 1113 762 Prima
1125 725 1201 770 orca,
1211 715 1302 779 potest
1311 710 1398 779 signi-

342 786 471 842 hersevel
483 791 510 839 in
520 790 608 861 prima
619 801 694 860 parte
706 807 786 856 arcu,
799 789 841 840 vel
853 791 881 840 iu
894 809 924 842 ea
938 808 1012 854 oren,
1025 807 1056 840 ex
1069 807 1121 862 qua
1131 789 1219 862 prima
1232 801 1322 861 coepta
1334 805 1397 840 sunt

342 865 464 942 depromi
479 866 655 936 salsamenta,
669 863 777 940 reliquis
798 867 886 921 adbuc
908 869 1031 938 intactis,
1050 865 1167 920 nondum
1187 869 1302 940 coeptis:
1324 867 1396 921 malo

341 949 517 1021 posteriorem
530 967 644 1002 sensum.
657 945 734 1000 conf.
749 951 839 1003 Horat·
855 949 908 1002 Sat.
921 949 960 1015 ll,
973 947 1006 1016 5,
1021 947 1054 1015 43
1067 967 1143 1022 sqq.;
1157 949 1250 1000 Juven.
1262 950 1326 1014 vu,
1344 947 1397 1000 loc.

342 1030 388 1080 cit.
403 1041 430 1080 et
447 1046 496 1098 ¹¹9
513 1047 570 1105 sqq.
586 1025 702 1099 ejusdem
714 1028 814 1092 satirae;
830 1027 944 1082 Martial.
957 1029 1006 1096 IV,
1019 1025 1061 1096 tt.
1076 1027 1139 1079 Non
1154 1031 1239 1080 miuus
1253 1024 1338 1080 habet
1353 1027 1398 1080 hic
1481 1015 1483 1030 ¹

341 1106 418 1160 locus
438 1105 604 1174 festivitatis,
624 1127 704 1180 quam
722 1110 866 1180 sapientise.
886 1107 957 1160 Viles
976 1127 1018 1161 res
1030 1103 1103 1160 douo
1118 1107 1209 1160 missas
1223 1109 1348 1180 patronis
1366 1125 1398 1160 ea

341 1197 430 1238 mente
443 1200 523 1258 poeta
539 1187 715 1259 conquisivit,
731 1206 785 1259 quo
798 1187 894 1242 certius
907 1207 1000 1242 eorum
1012 1205 1076 1260 opes
1090 1183 1218 1254 elevaret,
1233 1190 1296 1259 qui,
1308 1189 1399 1240 scieu-

340 1265 377 1319 tia
389 1285 476 1319 rerum
489 1267 637 1319 divinarum
649 1267 882 1340 humanarumque
901 1255 1072 1342 posthabiti,
1087 1287 1193 1322 omnem
1211 1285 1321 1340 operam
1340 1286 1399 1319 aor-
1481 1257 1482 1266 ἵ

341 1343 405 1400 dido
419 1347 531 1420 quaestui
543 1347 743 1422 impendebant.

372 1509 432 1552 Vin.
451 1523 488 1570 77.
502 1507 548 1552 Hic
556 1503 603 1570 aliq
625 1509 629 1517 '
649 1507 677 1551 de
688 1514 755 1570 pente
764 1505 852 1553 huense
860 1509 1023 1553 centurionum.
1035 1529 1067 1542 -·-
1075 1505 1120 1551 Pro
1130 1501 1230 1560 hircosa,
1241 1503 1340 1568 quidam
1350 1505 1399 1552 edi-

341 1575 396 1622 dere
411 1575 507 1630 intusa,
517 1576 580 1622 ide·
590 1591 616 1620 ac
644 1577 700 1632 ins,
715 1575 817 1633 hirsutas
832 1589 885 1640 qun
898 1575 969 1624 laedo
980 1578 1059 1623 tonsu
1073 1589 1096 1624 ss
1110 1577 1159 1638 ipss
1172 1576 1398 1639 pomsadmttsifi

341 1646 411 1693 modo
421 1648 446 1692 in
456 1649 520 1693 Mss.
532 1646 607 1692 Codd.
619 1657 758 1693 recurreret.

376 1765 444 1816 Non
464 1779 506 1832 77.
526 1763 579 1815 Hic
597 1761 695 1834 aliquis
712 1762 743 1813 de
759 1775 837 1837 pente
856 1761 955 1814 hircosa
974 1763 1153 1814 centurionum
1173 1761 1258 1814 Dicat.
1273 1792 1311 1802 —
1325 1763 1399 1824 Hic,-

340 1854 396 1894 tum
403 1882 413 1909 ,
427 1860 489 1894 ecce
502 1855 604 1905 autem;
617 1843 702 1894 forma
715 1843 895 1910 transitionis,
910 1859 982 1893 nunc
994 1839 1167 1911 objectionis,
1180 1861 1234 1892 nou
1248 1839 1329 1893 semel
1342 1845 1400 1894 sisa

341 1921 414 1994 apud
428 1921 553 1975 Persium.
566 1951 603 1962 -
616 1923 783 1976 Centuriones
792 1926 884 1996 posuit
896 1923 995 1974 Noster
1005 1941 1054 1994 pro
1066 1920 1242 1992 philosophiae
1255 1921 1399 1990 osoribus,

340 2015 370 2054 ut
383 2002 454 2073 apud
466 2005 558 2055 Horat.
572 2003 625 2055 Sat.
636 2005 663 2070 1,
675 2004 692 2056 6
699 2043 708 2071 ,
722 2003 771 2073 73;
787 2004 891 2056 nobiles
904 2005 990 2070 eninr,
1003 2016 1050 2054 aut
1062 2003 1172 2054 omnino
1184 2016 1268 2054 castra
1280 2020 1399 2074 sequen-

341 2093 396 2144 tes,
415 2083 537 2131 virtutem
557 2099 662 2131 omnem
681 2081 708 2132 in
727 2079 904 2153 despiciendis
924 2082 1003 2134 bonis
1022 2080 1123 2133 artibus
1143 2095 1170 2133 et
1187 2082 1215 2132 in
1236 2079 1398 2151 negligendo

340 2161 459 2230 corporis
474 2160 548 2212 cultu
561 2162 676 2232 positam
689 2161 837 2234 putabant,
856 2176 900 2226 ut,
919 2163 941 2213 si
959 2181 1014 2214 non
1031 2162 1130 2214 streuui
1146 2174 1172 2213 et
1187 2161 1288 2226 fortes,
1307 2173 1397 2212 tamen

339 2238 440 2291 horridi
451 2254 477 2292 et
489 2241 538 2294 feri
548 2239 708 2293 viderentur.
720 2272 756 2284 -
766 2243 806 2293 De
816 2253 894 2317 pente
908 2243 1005 2295 hircosa
1012 2261 1022 2304 ;
1038 2243 1074 2294 sic
1086 2239 1224 2293 bominum
1234 2239 1400 2293 incultorum

339 2317 455 2371 illuviem
469 2333 495 2371 et
511 2318 632 2374 foetorem
646 2321 802 2390 denotavit,
820 2321 866 2393 qui
882 2323 964 2375 setosi
980 2335 1005 2373 et
1021 2319 1089 2374 illoti
1107 2322 1208 2374 hircum
1224 2319 1343 2373 olebant.
1359 2321 1400 2372 Si-

339 2397 446 2451 millime
458 2401 485 2451 in
499 2401 591 2473 quinta
601 2399 779 2473 philosophie
791 2416 989 2473 contemptores
999 2415 1077 2454 vocat
1090 2402 1214 2456 varicosos
1225 2403 1399 2454 centuriones.

342 2477 421 2532 Conf.
434 2481 555 2534 Juvenal.
567 2483 642 2548 X1V,
659 2483 707 2554 193
720 2502 778 2556 sqq.

372 2637 433 2684 Vnt.
448 2636 486 2703 78.
497 2641 581 2687 Dicat:
590 2641 713 2706 quodsatis
720 2651 766 2700 est,
774 2646 838 2708 sopio
845 2641 907 2688 mihi.
916 2643 990 2689 -sic
998 2641 1047 2688 edit
1056 2643 1118 2688 MSS.
1127 2641 1187 2690 8055
1195 2659 1202 2696 ;
1211 2639 1332 2703 paululum
1341 2655 1400 2686 vero

339 2707 453 2754 differunt
465 2709 526 2772 8070
538 2723 560 2757 et
572 2709 647 2774 8273,
658 2711 809 2775 habentque:
823 2711 1201 2778 Dicutquodsups'osatisestmshi.
1213 2711 1280 2757 Prior
1288 2724 1399 2757 constru-

339 2781 387 2827 ctio
398 2783 447 2829 sisa
457 2793 492 2828 est
501 2783 591 2828 tantillo
602 2783 739 2847 elegantior.

376 2897 443 2949 Nor.
466 2897 508 2966 78.
527 2897 621 2966 Dicat,
640 2899 715 2970 Quod
729 2900 790 2952 satis
808 2911 859 2966 est,
875 2899 950 2971 sapio
966 2897 1056 2951 mihi:
1076 2919 1130 2952 non
1148 2917 1195 2974 epo
1214 2916 1287 2950 curo.
1298 2934 1306 2948 .
1317 2935 1342 2950 ..
1363 2927 1401 2940 -

341 2976 466 3028 Rationes
478 2975 678 3049 philosophiam
697 2982 925 3031 contemnentium
942 2977 1030 3032 Romae
1041 2979 1121 3050 vulgo
1136 2983 1261 3053 jactatas:
1278 2979 1342 3030 satis
1357 2991 1401 3030 est

341 3073 437 3128 magna
453 3057 517 3110 mihi
533 3060 680 3130 sapientia,
697 3073 739 3127 et,
756 3073 863 3130 patrum
878 3080 953 3114 more
968 3073 1126 3128 contentus,
1143 3059 1330 3112 transmarinis
1341 3077 1400 3110 non

342 3153 408 3207 egeo
418 3137 583 3190 doctoribus.
595 3139 749 3192 Communis
759 3141 816 3192 iere
827 3143 946 3193 omnium
956 3145 1137 3194 Romanorum
1147 3153 1205 3193 erat
1216 3158 1279 3210 erga
1289 3140 1398 3192 Graecos

342 3217 547 3289 Grecorumque
562 3229 631 3271 artes
644 3233 675 3271 ac
688 3223 811 3291 scientias
823 3233 1000 3293 contemptus.

378 3343 445 3394 Nor.
466 3359 509 3412 79.
529 3344 607 3409 Esse,
623 3347 694 3416 quod
709 3345 836 3398 Arcesilas
854 3347 1043 3418 aerumnosique
1060 3345 1176 3398 Solones.
1191 3371 1228 3384 -·
1240 3345 1399 3398 Sermonem

343 3418 414 3472 bruti
428 3419 517 3474 militis
535 3421 639 3476 felicius
657 3427 785 3497 expressit
804 3427 909 3480 Persius
927 3429 980 3480 sive
997 3427 1083 3478 forma
1099 3427 1228 3478 orationis
1244 3425 1399 3496 essequod,

345 3517 401 3569 qun
412 3499 480 3552 iners
490 3516 515 3554 et
525 3502 660 3574 inelegans
672 3518 726 3574 est,
736 3508 791 3558 sive
800 3505 903 3560 selectis
915 3505 1138 3580 philosophorum
1150 3504 1318 3568 nominibus,
1330 3524 1399 3577 quos

344 3582 434 3650 posuit
445 3599 496 3652 pro
508 3583 689 3638 transmarinis
700 3586 865 3640 doctoribus.
878 3587 1004 3642 Arcesilas
1017 3589 1102 3652 enim,
1116 3585 1205 3659 scythi
1219 3585 1305 3652 lilius,
1317 3585 1398 3638 disci·

344 3657 440 3731 pulus,
453 3674 482 3713 ut
494 3662 551 3716 aliis
563 3664 665 3736 placet,
676 3667 827 3734 Crantoris,
839 3682 869 3720 ut
881 3668 954 3736 aliis,
967 3667 1132 3734 Polemonis,
1145 3666 1293 3722 Academiae
1305 3665 1399 3718 media

345 3738 387 3790 vel
401 3741 523 3794 secundas
537 3746 586 3796 fuit
601 3747 741 3819 princeps;
762 3751 807 3819 qui
822 3747 855 3799 de
871 3747 993 3802 omnibus
1007 3767 1063 3802 esse
1077 3745 1255 3800 dubitandum
1269 3745 1400 3798 adsersus

344 3819 479 3872 Zenonem
494 3824 679 3877 contendebat.
695 3829 771 3900 Diog.
784 3831 870 3880 Laert.
884 3831 933 3893 lv,
950 3831 992 3897 4ο.
1007 3828 1110 3882 Tullius
1124 3827 1251 3878 Academ.
1266 3829 1292 3893 l,
1310 3843 1355 3891 12,
1371 3836 1399 3877 et

344 3900 385 3966 ll,
401 3897 449 3967 14,
461 3901 586 3956 laudibus
599 3905 676 3957 effert
687 3907 808 3960 Arcesilas
821 3907 968 3960 doctrinam
980 3923 1005 3961 et
1019 3911 1045 3960 in
1058 3906 1216 3960 affinuando
1229 3906 1397 3957 modestiam.

345 3979 463 4033 Lactant.
481 3983 531 4044 lll,
547 3984 578 4050 5,
591 4000 670 4038 vocat
683 4003 743 4039 eum
756 3989 911 4060 ipnorantioe
921 3991 1080 4064 maqistrum.
1100 4017 1132 4029 -
1151 3987 1305 4039 AErurnnosi
1319 3987 1399 4039 Solo-

347 4079 406 4123 που
424 4066 498 4135 quasi
516 4064 622 4118 dixisset
639 4069 666 4120 in
687 4080 788 4134 totum,
807 4071 887 4122 tristes
901 4069 1060 4142 philosophi.
1082 4067 1206 4123 Solonem
1223 4087 1286 4121 vero
1306 4070 1400 4139 posuit

348 4138 532 4197 Atheniensem
543 4143 617 4197 illum
629 4135 846 4213 celeberrimum,
860 4149 887 4200 in
901 4167 954 4220 quo
967 4148 1038 4199 nulla
1053 4165 1159 4217 prorsus
1173 4147 1292 4208 tristitia;
1308 4165 1397 4216 usqne
