3038 4932
409 460 472 524 DE
494 458 592 524 CAH
617 457 806 522 LUCILII
833 459 952 522 VITA.
1138 463 1202 551 295

474 615 650 628 ............
662 583 714 642 Quo
726 581 765 638 fit,
775 594 801 628 ut
812 584 884 630 omnis

347 655 429 699 votiva
443 666 521 714 pateat
532 652 602 698 veluti
616 650 731 713 descripta
742 650 825 698 tabella

344 726 399 770 vna
411 728 478 770 senis.

156 833 250 911 Quod
271 850 335 912 quo
358 843 449 915 pacto
470 853 541 891 cum
565 829 917 894 Eusebianistronicis
933 832 1089 894 conciliari
1111 841 1205 919 possit

157 928 245 992 nullo
258 926 353 989 modo
360 926 462 989 hercle
473 927 608 1004 videtur,
622 929 716 988 nisisi
727 927 893 990 solemnem
904 928 992 989 illam
1005 930 1205 994 Seruitulliani

155 1025 245 1086 lustri
259 1026 411 1085 rationem
423 1025 610 1107 sequendam
624 1023 788 1101 ducamus,
802 1046 879 1108 que,
897 1036 932 1088 ut
945 1025 1001 1086 lib.
1013 1027 1055 1103 X,
1068 1048 1134 1112 cap.
1149 1031 1203 1104 28,

155 1144 192 1182 ex
202 1123 365 1182 Tuberone
377 1121 467 1182 docet
479 1122 513 1180 A.
532 1119 610 1182 Gell.
625 1117 759 1203 juniores
772 1121 811 1184 ad
827 1142 945 1183 annum
962 1144 1059 1205 usque
1077 1125 1206 1207 quadra-

155 1221 311 1298 gesimum
323 1231 459 1297 sextum,
478 1239 632 1302 supraque
644 1240 715 1279 eum
727 1222 849 1280 seniores
865 1217 981 1280 fuerint
992 1219 1148 1302 appellati.

197 1316 271 1376 Fuit
288 1315 423 1377 Lucilius
443 1317 569 1400 optimis
582 1314 734 1392 moribus,
757 1315 799 1378 sit
817 1316 911 1376 etiam
923 1316 1002 1376 Petr.
1018 1317 1165 1393 Crinitus,
1177 1332 1208 1378 et

157 1413 270 1475 alienae
283 1416 458 1497 iniquitatis
473 1416 638 1495 acerrimus
651 1425 816 1474 accusator.

196 1511 349 1571 Narratur
370 1510 520 1594 quosdam
543 1504 653 1570 Lucilii
672 1532 764 1592 opera
777 1521 865 1570 tanto
886 1507 1015 1572 coluisse
1035 1509 1154 1587 studio,
1173 1528 1207 1573 ut

157 1629 213 1690 per
230 1609 312 1668 vicos
327 1608 425 1682 irent,
440 1605 568 1689 flagellis
584 1607 641 1668 sub
653 1605 747 1690 pallio
763 1609 864 1684 tectis,
879 1608 1086 1684 uerberaturi,
1100 1611 1124 1668 si
1139 1610 1207 1691 quis

157 1703 267 1764 veteris
280 1717 376 1786 poetse
392 1704 495 1765 minus
509 1725 619 1766 amans
630 1717 812 1766 occurreret.

197 1803 312 1863 Praeter
334 1802 456 1862 satirica
479 1822 587 1884 opera,
608 1801 761 1880 Lucilius,
785 1803 994 1884 plurimorum
1014 1801 1147 1883 judicio,
1171 1805 1205 1864 P.

155 1899 313 1979 Scipionis
333 1897 470 1980 AsrIcani
502 1901 623 1960 minoris
651 1902 750 1960 vitam
771 1902 925 1982 privatam
946 1899 1119 1981 descrIpsit',
1145 1923 1159 1955 ιι
1174 1901 1207 1960 in

158 2016 266 2077 aquo,
285 1996 328 2054 ait
342 1995 520 2056 Franciscus
534 1998 659 2071 Dousa,
672 1995 1039 2080 Pseudoporphyrionem
1052 1991 1209 2056 manifesti

160 2093 296 2153 «terroris
311 2093 464 2153 convincit
474 2113 584 2174 parens
595 2113 696 2169 meus,
708 2093 806 2153 Janus
817 2095 850 2154 F.
862 2095 983 2171 Dousa,
996 2092 1051 2174 qui
1063 2089 1205 2153 Lucilium

159 2193 274 2251 «vitam
288 2193 435 2274 privatum
448 2193 607 2274 Scipionis,
626 2192 766 2251 Ennium
779 2211 853 2252 vero
873 2189 948 2250 bella
961 2191 1138 2271 descripsisse
1152 2210 1207 2248 an-

159 2313 174 2342 ιι
183 2300 290 2347 notat:
307 2285 449 2346 ubimale
460 2287 590 2346 nomina
599 2287 777 2368 Scipionum
791 2289 907 2347 intense
916 2283 1054 2347 confusa.
1067 2285 1205 2346 EnnIum

160 2384 269 2443 «enirn
283 2383 433 2464 Scipionis
448 2380 574 2463 majoris
588 2402 635 2441 res
646 2395 743 2463 gestas
755 2378 896 2444 cecinisse
913 2395 1048 2456 constat;
1070 2380 1206 2441 Lucilius

161 2493 290 2540 «autem
310 2493 346 2539 ut
366 2478 502 2561 ejusdcm
521 2481 617 2540 vitam
632 2479 785 2564 privatam
803 2479 1009 2560 descripserit,
1035 2480 1116 2538 ratio
1137 2492 1209 2538 tem-

160 2603 174 2632 ιι
184 2599 296 2660 porum
308 2577 402 2659 plane
410 2587 502 2636 vetat.
512 2601 528 2632 ιι

199 2675 306 2734 Satiris
316 2686 419 2735 autem
428 2674 598 2760 praecipua,
607 2683 661 2733 aut
668 2673 770 2756 potius
777 2680 841 2732 tota
849 2679 967 2732 constat
974 2667 1085 2728 Lucilii
1094 2665 1204 2750 gloria.

162 2773 239 2832 Eum
252 2775 391 2854 primum
410 2773 554 2833 omnium
572 2791 603 2832 se
617 2791 652 2830 ac
666 2769 928 2851 elegantissimum
941 2768 1102 2850 ingenium
1114 2787 1207 2827 suum

161 2868 193 2928 in
207 2867 264 2929 boc
275 2869 430 2930 scribendi
440 2889 551 2951 genere
560 2867 740 2942 exercuisse,
756 2887 790 2926 ac
798 2867 918 2926 satirica
926 2865 1065 2925 carmina
1076 2863 1207 2924 scribere

160 2969 304 3047 coepisse,
323 2988 359 3026 ex
379 2967 510 3026 Horatio
526 2967 617 3049 plano
638 2977 783 3049 apparet,
801 2968 857 3049 qui
877 2965 970 3027 modo
991 2965 1081 3027 illum
1107 2967 1207 3028 inuen-

160 3074 250 3122 torem
269 3062 335 3144 ejus
356 3063 452 3149 lacit,
470 3064 580 3140 modo,
599 3085 723 3137 amum,
739 3067 797 3141 ait,
820 3067 948 3148 primum
970 3067 1002 3124 in
1024 3063 1207 3146 nuncuperis

161 3162 295 3219 carmina
314 3181 430 3220 morem.
451 3161 530 3222 Nam
547 3159 630 3242 quod
642 3161 781 3220 Ennium
793 3174 848 3222 aut
863 3161 1035 3222 Pacuvium
1049 3162 1116 3242 quis
1128 3157 1207 3240 obji-

162 3258 237 3332 ciat,
251 3277 386 3338 quorum
399 3260 492 3318 edam
504 3258 673 3318 Satirarum
686 3257 756 3317 libri
770 3280 789 3318 a
800 3260 1008 3340 grammaticis
1021 3257 1206 3330 laudantur,

161 3356 265 3416 minus
280 3355 382 3416 nihilo
395 3369 447 3418 est

201 3454 238 3512 ln
250 3455 344 3513 satira
355 3450 517 3513 scribenda
526 3452 651 3514 laudern
663 3455 820 3535 insignem
831 3454 977 3514 meruisse
986 3451 1142 3514 Lucilium
1150 3465 1205 3514 tes·

162 3560 269 3610 tantur
277 3551 414 3632 plurima
424 3551 582 3612 variorum
592 3551 779 3635 scriptorum
788 3548 866 3612 loca.
875 3551 1100 3629 Quintilianus,
1107 3550 1161 3611 lib.
1168 3552 1205 3628 X,

163 3667 228 3728 cap.
245 3648 274 3722 l,
294 3651 313 3724 §
327 3649 366 3728 93
380 3671 387 3706 :
404 3673 418 3704 ιι
433 3649 531 3709 Satira
548 3649 675 3729 quidem
690 3661 756 3710 tota
774 3664 879 3712 nostru
895 3663 954 3727 est,
968 3651 1001 3713 in
1014 3667 1075 3731 qua
1087 3649 1206 3733 prImus

163 3746 315 3826 insignem
335 3745 459 3806 laudem
477 3748 606 3830 adeptus
624 3748 760 3811 Lucilius
785 3751 840 3832 qui
857 3750 1009 3833 quosdam
1028 3753 1069 3810 ita
1088 3749 1206 3810 deditos

167 3840 222 3899 sibi
234 3840 336 3901 adhuc
350 3840 443 3904 habet
454 3856 620 3921 amatores,
633 3861 667 3906 ut
679 3865 750 3906 eum
763 3867 831 3908 non
844 3847 978 3930 ejusdem
993 3846 1088 3908 modo
1105 3845 1207 3926 operis

168 3940 357 4015 auctoribus,
371 3941 421 4001 sed
433 3943 579 4003 omnibus
591 3946 691 4026 poetis
702 3943 920 4026 praeferrenon
927 3944 1097 4016 dubitent.»

205 4038 397 4099 Nominatim
406 4042 519 4123 carpsit
528 4054 558 4102 et
569 4043 733 4122 exagitavit
744 4045 779 4104 in
790 4045 906 4121 satiris,
917 4052 1071 4125 quantum
1080 4038 1206 4120 quidem

171 4154 203 4193 ex
217 4137 355 4216 pauculis
374 4136 423 4198 his
444 4135 624 4220 fragmentis
644 4139 764 4207 odorari
782 4161 960 4223 possumus,
978 4137 1114 4200 Mutium
1130 4135 1207 4198 sce·
