2970 4936
350 416 412 481 '116
518 408 671 475 VARlAE
696 407 967 472 LECTlONES
991 407 1053 471 ΕΤ
1078 411 1214 476 NOTAE

344 543 423 604 bant,
438 551 469 592 ut
479 555 506 589 se
515 535 610 587 fecisse
625 535 652 584 in
664 531 745 583 llistis
756 543 802 584 aut
810 496 1062 603 Cryptoporticibui
1071 531 1169 586 Plinius
1181 537 1269 589 minor
1280 549 1388 592 semus

343 621 389 674 lib.
405 620 457 687 IX,
468 615 578 690 Epistol.
592 611 626 665 ad
636 615 767 672 Fuscum
780 611 924 676 Martialis,
937 611 1098 683 Epigramm.
1111 613 1157 666 lib.
1171 617 1219 683 IV,
1231 633 1292 684 vm,
1305 617 1337 670 3:

546 705 679 762 loquium
687 701 757 744 rarius
764 699 859 744 extendit
865 701 934 743 Roma
941 699 1031 744 labores.

346 787 494 850 Ausonius,
510 783 538 834 in
552 777 744 852 Ephemeride:

546 881 617 930 Sosia,
624 877 777 936 prandendum
785 887 818 922 cst
825 894 830 919 :
838 887 940 934 quartam
944 879 993 936 jam
1002 887 1061 924 totus
1067 880 1091 924 in
1098 880 1176 925 horam

574 943 929 1003 Solcale13adqur'ntamtlectitur
936 945 1013 990 satra
1022 955 1105 991 nutam

344 1055 398 1116 lta,
411 1066 464 1121 quo
477 1060 597 1116 tempore
609 1061 624 1093 a
637 1040 728 1093 labore
741 1039 775 1092 ad
787 1039 927 1110 prandium
939 1031 1078 1114 otiumque
1090 1045 1176 1094 caeteri
1192 1041 1278 1096 redire
1290 1043 1388 1113 solent,

342 1134 432 1204 piger,
441 1127 487 1200 qui
494 1122 660 1182 describitur,
669 1122 754 1173 stertit
764 1120 861 1175 adbuc.
874 1119 1000 1173 -Paulo
1010 1122 1094 1176 fusius
1104 1123 1148 1176 hic
1157 1122 1343 1196 explicandum
1353 1141 1389 1180 est

344 1210 410 1284 quid
420 1211 452 1262 sit
461 1208 526 1259 hora
536 1204 582 1256 illa
591 1203 699 1275 quintu
710 1214 766 1253 turn
774 1219 832 1274 quse
843 1215 911 1254 esset
921 1201 1013 1254 solaris
1023 1202 1155 1275 horologii
1164 1207 1310 1278 antiquitas
1321 1207 1391 1278 apud

342 1297 487 1351 Romanos.
506 1285 616 1354 Quoties
628 1282 700 1354 apud
718 1296 838 1335 auctores
855 1301 902 1335 seu
914 1282 1035 1347 Graecos,
1054 1303 1101 1336 scu
1117 1287 1226 1338 Latinos
1245 1289 1345 1340 mensio
1364 1289 1391 1340 fit

343 1372 485 1432 horarum,
500 1361 695 1416 observandum
714 1375 754 1414 est
773 1379 877 1432 semper
898 1361 1067 1434 accipiendas
1087 1362 1167 1417 horas
1183 1365 1235 1418 diei
1249 1367 1391 1432 naturalis,

344 1455 413 1506 sicut
421 1448 474 1501 hoo
484 1445 545 1497 loco
556 1441 628 1514 apud
638 1443 763 1494 Persium.
777 1442 953 1510 Distinguitur
965 1460 1061 1513 nempe
1072 1442 1127 1495 dies
1139 1443 1205 1497 alius
1218 1445 1314 1512 civilis,
1327 1446 1392 1500 alius

343 1527 478 1584 naturalis.
493 1528 542 1577 llic
554 1521 588 1575 ab
602 1533 663 1572 ortu
679 1520 744 1572 solis
763 1517 798 1572 ad
817 1538 942 1572 occasum
959 1521 1124 1586 extenditur;
1144 1523 1188 1576 ille
1204 1543 1267 1576 vero
1286 1538 1392 1578 noctem

343 1610 421 1663 simul
430 1620 510 1679 atque
518 1604 587 1656 diem
598 1601 731 1662 continet,
743 1611 769 1650 et
778 1601 805 1650 in
816 1597 896 1652 horas
903 1601 994 1671 viginti
1004 1615 1118 1672 quatuor
1125 1601 1298 1657 distribuitur.
1309 1607 1391 1658 Porro

344 1690 414 1744 diem
430 1685 532 1740 civilem
545 1682 589 1735 alii
602 1680 678 1732 aliter
687 1677 786 1764 populi
797 1677 970 1744 definierunt,
987 1679 1033 1733 sed
1046 1681 1201 1750 irritamen,
1214 1696 1243 1735 ut
1255 1686 1311 1753 ejus
1324 1705 1393 1737 nun.

344 1788 424 1842 quam
436 1781 558 1819 mensura
569 1761 683 1812 variaret
696 1780 703 1809 ε
718 1757 753 1809 ab
766 1770 827 1809 ortu
838 1756 989 1824 adortum,
1006 1759 1040 1811 ab
1053 1777 1150 1814 occasu
1168 1761 1202 1813 ad
1219 1781 1363 1830 oceasum,
1377 1784 1392 1816 a

344 1847 453 1906 meridie
466 1843 500 1897 ad
512 1838 664 1904 meridiem,
679 1854 695 1888 a
707 1835 794 1890 media
806 1848 886 1889 nocte
898 1834 933 1888 ad
947 1835 1062 1890 mediam
1074 1852 1189 1891 noctem.
1204 1842 1238 1893 At
1248 1841 1304 1895 dies
1315 1857 1393 1895 natu-

344 1931 404 1982 ralis
416 1926 465 1998 (de
477 1941 530 1997 quo
542 1921 586 1973 hic
603 1930 642 1971 est
655 1915 772 1987 mentio)
785 1915 864 1967 modu
877 1916 998 1982 brevior,
1009 1917 1090 1969 modo
1102 1919 1210 1991 longior
1224 1941 1272 1992 pm
1288 1924 1393 1974 mione

339 2023 494 2080 1811190τωιι
511 2015 539 2054 ⁰²
556 1999 709 2062 dimum,
728 1994 854 2049 dividitur
867 1997 895 2048 lu
908 1995 987 2048 horas
1002 2014 1050 2049 seu
1063 2013 1150 2067 partes
1163 1999 1304 2054 duodecim
1324 2005 1394 2055 inter

347 2109 375 2142 se
389 2084 520 2159 aequales,
540 2080 674 2149 longiores
694 2073 801 2148 quidem
819 2088 926 2141 aestate,
946 2094 1027 2146 quum
1041 2077 1145 2150 longior
1158 2094 1197 2133 est
1211 2081 1282 2148 dies,
1299 2081 1394 2155 hyeme

343 2188 407 2223 vero
421 2165 565 2220 breviores.
581 2160 666 2227 liujus
680 2156 747 2208 hora
761 2157 847 2227 prima
860 2168 899 2206 est
911 2154 973 2208 solis
986 2171 1075 2222 ortas,
1090 2173 1162 2212 sexta
1176 2162 1311 2229 meridies,
1326 2161 1395 2215 duo·

345 2249 448 2302 decima
461 2243 656 2322 solispccasus.
671 2238 764 2309 ltaque
775 2238 880 2303 Romae,
893 2235 941 2288 ubi
952 2236 1009 2290 dies
1021 2238 1127 2310 longior
1139 2241 1283 2295 solstitialis
1295 2257 1336 2294 est
1346 2243 1395 2295 hu·

345 2341 434 2380 rarum
446 2323 502 2376 fere
514 2315 682 2391 quindecim,
698 2313 765 2366 hora
777 2313 823 2366 ills
834 2314 929 2386 quinta
946 2315 1018 2367 circa
1034 2316 1176 2370 solstitium
1195 2323 1311 2372 estivam
1325 2324 1395 2373 reci·

346 2406 427 2460 debet
440 2401 475 2456 ad
487 2411 605 2452 nostram
617 2393 750 2449 decimam
761 2409 822 2444 cum
836 2393 921 2446 tribus
937 2394 1144 2465 quadrantibuss
1155 2409 1186 2449 'et
1199 2399 1267 2450 circs
1281 2400 1395 2452 Gauium

345 2487 414 2550 lam,
434 2482 467 2534 dc
480 2497 533 2552 qua
546 2477 590 2528 hic
604 2474 729 2532 Persius.
744 2487 808 2528 *erat
825 2472 891 2526 hora
910 2476 969 2546 ipss
987 2487 1079 2528 nostre
1096 2475 1252 2545 undecima,
1272 2492 1319 2530 aus
1332 2485 1395 2532 'non

346 2564 523 2620 multosecus.
543 2556 604 2608 Vid.
618 2554 747 2618 Pliniumt
765 2556 831 2606 illst.
845 2555 906 2606 Nat.
920 2555 943 2606 ll
951 2591 960 2620 ,
977 2557 1024 2625 76,
1040 2571 1090 2626 773
1104 2557 1167 2623 Vll,
1183 2561 1270 2630 capite
1283 2558 1395 2622 ultimo;

345 2643 465 2698 Macrob.
476 2635 608 2693 Saturnal.
621 2635 649 2700 l,
661 2637 693 2696 3;
706 2630 818 2687 leium
833 2632 977 2705 Rhodigin.
995 2635 1059 2702 ΧΠ,
1071 2653 1103 2704 9;
1122 2634 1197 2689 Alex.
1214 2637 1248 2689 ab
1265 2638 1394 2691 Alexand.

345 2729 395 2792 IV,
409 2743 450 2777 ao.
463 2751 499 2762 --
512 2714 594 2787 Quod
606 2727 710 2786 spectat
727 2713 762 2766 sd
780 2713 918 2783 horologia
935 2714 1046 2781 solaris,
1066 2719 1087 2769 si
1102 2717 1202 2784 Plinio,
1219 2718 1279 2770 loco
1298 2722 1396 2782 citato,

347 2802 410 2856 fides
432 2797 609 2859 adhibeatur,
629 2795 731 2865 primus
751 2803 843 2843 eorum
863 2791 915 2844 fnit
932 2796 1055 2847 inventor
1071 2798 1245 2850 Anaximenes
1266 2796 1396 2850 Milesius.

344 2876 542 2936 Anaximandro
553 2888 655 2936 umen,
662 2874 834 2926 *Anaximenis
844 2874 984 2942 magistro,
994 2874 1045 2927 boc
1055 2878 1190 2929 inventum
1200 2876 1321 2930 tribuunt
1331 2880 1396 2930 Dio.

344 2956 571 3032 gemebundus,
586 2949 633 3003 lib.
648 2953 687 3018 11,
701 2953 849 3016 Vitruvius,
862 2964 888 3001 et
900 2951 953 3003 alii.
968 2955 1057 3005 Rome
1068 2973 1131 3006 vero
1143 2954 1249 3007 illorum
1261 2973 1324 3008 usus
1336 2975 1396 3009 ηπ

345 3041 427 3113 cupit
440 3036 511 3091 b⁸¹¹⁰
526 3034 625 3086 P⁰⁰i⁰⁰
639 3034 742 3102 Primi
756 3031 871 3099 Pliniffl,
886 3034 971 3086 citatis
985 3033 1060 3085 locis.
1076 3035 1211 3104 *Augustus
1225 3036 1310 3088 mults
1321 3037 1396 3090 sola·

345 3122 400 3188 ria,
411 3135 495 3191 eaque
506 3111 671 3168 absolutiora
683 3129 732 3182 per
743 3110 864 3164 eumdem
877 3111 1024 3165 Vitruvium
1036 3111 1210 3166 describenda
1222 3117 1330 3167 curarit.

380 3245 447 3296 Nor.
463 3239 487 3293 5.
501 3239 544 3289 En
553 3235 618 3309 quid
625 3237 693 3308 aqisl
701 3236 780 3288 siccas
789 3237 880 3288 ineam
890 3235 1011 3289 canicula
1020 3255 1108 3291 messes
1116 3239 1177 3292 Jam
1188 3239 1283 3290 dudruit
1294 3239 1394 3310 coquit.

344 3351 380 3364 -
396 3321 452 3382 Em
469 3319 564 3372 servire
581 3313 648 3368 solet
664 3314 848 3386 indignationi.
867 3319 916 3370 Hic
932 3330 1008 3370 notat
1022 3318 1197 3372 Cassubonus
1213 3321 1268 3393 aqis
1282 3319 1349 3389 poni
1369 3320 1395 3370 iu

343 3399 470 3473 singulari
483 3416 533 3470 pro
545 3397 621 3471 cyitis
632 3413 680 3466 per
692 3393 845 3464 enallagm,
862 3397 922 3468 qnia
937 3396 1026 3470 plures
1039 3396 1178 3470 discipuli;
1194 3411 1273 3471 quam
1286 3396 1396 3469 quidem

344 3482 500 3555 opinionem
510 3475 587 3527 multi
595 3477 770 3545 interpretum
779 3477 855 3547 sequi
862 3476 993 3529 videntur.
1003 3476 1054 3531 Sed
1065 3477 1130 3550 quid
1140 3477 1247 3530 tandem
1256 3490 1310 3542 est,
1321 3475 1396 3531 unde

343 3560 499 3630 colligamus
511 3555 601 3628 plures
610 3552 655 3606 hic
666 3571 723 3606 esse
733 3553 892 3626 discipulos,
907 3555 1066 3624 quibuscum
1079 3569 1141 3628 agat
1152 3559 1319 3629 praeceptori
1329 3559 1396 3610 Non

341 3645 369 3697 iu
377 3640 443 3695 ludo
451 3656 529 3692 scena
537 3637 622 3708 posita
630 3647 684 3702 est,
694 3634 741 3686 ubi
748 3635 824 3687 multi
831 3635 957 3688 studesut
965 3655 1018 3689 uno
1027 3636 1155 3705 ducente,
1164 3635 1214 3690 sed
1222 3641 1250 3690 in
1257 3637 1336 3688 domo
1346 3655 1396 3690 uu·

341 3722 390 3775 bili
398 3759 406 3788 ‚
415 3719 461 3772 ubi
468 3734 537 3770 unus
547 3715 675 3767 educatur
683 3712 888 3766 adolescens-
896 3716 1039 3780 canusln-
1046 3735 1101 3770 non
1109 3718 1197 3788 ipsum
1205 3716 1312 3789 quidem
1319 3715 1395 3768 sidus

341 3802 412 3855 canis
426 3797 535 3868 majoris
550 3807 588 3846 est
602 3811 699 3846 caussa
713 3793 820 3860 caloris,
834 3793 951 3862 sedeci,
966 3797 1026 3867 qui,
1037 3795 1102 3848 dnm
1113 3796 1142 3848 id
1154 3799 1259 3867 signum
1272 3799 1393 3868 peragit,

340 3893 415 3934 terrae
428 3877 541 3930 vicinior
554 3885 601 3926 est.
618 3874 741 3925 Attamen
758 3886 844 3945 poetes
861 3872 933 3927 hunc
948 3893 1065 3928 errorem
1078 3876 1149 3947 vulgi
1162 3890 1322 3948 sequuntur,
1338 3893 1394 3948 quo

340 3960 445 4030 frigoris
460 3968 487 4008 et
498 3965 576 4006 [estus
589 3954 658 4005 dces
673 3971 729 4005 non
742 3953 804 4005 solis
818 3956 906 4007 itineri
920 3955 1089 4024 tribuuntur,
1107 3956 1155 4010 sed
1168 3959 1246 4010 variis
1259 3954 1393 4010 sideribus

342 4037 376 4090 sd
386 4055 443 4109 que
452 4029 640 4086 transvehitur.
651 4033 742 4086 Oritur
750 4051 813 4086 vero
824 4031 908 4086 Sirius
918 4047 964 4087 out
974 4039 1061 4104 cauis,
1072 4035 1136 4088 dum
1147 4036 1274 4090 solestia
1286 4037 1392 4094 Leone;

341 4116 411 4170 unde
422 4125 534 4168 vocatur
548 4112 658 4164 Horatio
678 4114 788 4164 naemei
799 4111 873 4166 stelle
885 4113 977 4168 leonis.
990 4139 1000 4164 ι
1017 4145 1052 4158 -
1065 4117 1182 4180 Insana,·
1197 4119 1234 4170 sic
1247 4117 1334 4188 pastis
1348 4135 1392 4167 ca-
