3038 4932
404 435 449 499 iu
474 435 685 502 summu
708 435 907 502 suxrtu.
1108 459 1175 530 279

130 575 192 616 snut
202 559 330 616 militares
341 575 431 633 requos
440 556 598 628 chlamydes.
609 557 836 632 Quotiescumque
845 557 880 612 de
891 557 1031 629 triumphis
1040 577 1126 614 termo
1138 575 1178 616 est

130 641 203 714 spud
220 653 329 714 poetes,
344 655 448 710 semper
460 655 547 710 nepum
561 639 725 709 captivorum
740 639 769 692 lit
782 639 891 690 mentio.
906 639 997 692 floret.
1013 638 1063 692 Gd.
1078 643 1116 706 ΙΙ,
1132 659 1177 710 ra,

133 741 160 775 n
178 742 257 794 sqq.;
273 726 391 793 Propert.
404 721 443 787 ll,
464 735 492 785 ι,
509 719 544 771 33
556 736 613 790 sqq.
631 719 710 791 llepes
723 721 792 772 euim
808 717 924 772 bostium
939 719 981 772 vel
997 732 1136 791 percutere
1149 722 1177 774 ia

130 802 239 875 prelio,
253 800 296 854 vel
307 813 400 872 coptos
410 798 508 851 ducere
521 801 549 850 in
561 797 712 871 triumpho,
724 816 825 852 summa
837 798 894 851 leus
905 798 978 870 apud
991 801 1178 852 Romanos,—

128 883 192 934 lam
207 882 278 935 lutea
291 899 409 958 pausapn
419 879 517 951 centies
535 879 643 951 proprie
660 891 700 932 est
714 897 830 952 qausapa
843 896 927 949 genus
943 881 1029 950 pauni
1042 882 1179 934 crassioris

131 959 260 1013 etaltera
278 975 353 1032 perte
374 958 477 1026 villosi,
497 967 549 1030 quo
568 957 667 1010 fiebunt
687 955 877 1026 stragulatum
895 960 1008 1024 mensis,
1029 973 1085 1012 tum
1104 960 1179 1014 lectis

130 1038 244 1105 idoneo,
258 1041 374 1111 itemque
386 1051 471 1091 restes
486 1055 599 1108 quarum
607 1054 671 1090 usus
679 1038 708 1090 iu
720 1036 811 1109 pluvie
822 1051 849 1089 et
861 1037 967 1108 frigore.
981 1038 1117 1092 Treuslete
1128 1057 1180 1111 po·

131 1120 184 1170 suit
195 1119 300 1170 Persius
314 1120 341 1170 iu
355 1119 403 1182 IV,
418 1118 468 1188 37,
479 1136 530 1189 pro
544 1115 710 1188 longioribus
723 1115 811 1168 berbae
825 1114 901 1170 villis.
916 1119 948 1170 ΙΙ.
962 1117 980 1170 Ι.
990 1119 1180 1190 iuterpretatur

130 1197 306 1252 casaubonus
320 1197 353 1250 de
373 1197 488 1250 vestibus
499 1194 655 1264 Gallorum,
675 1215 734 1250 sese
747 1209 849 1249 tutatus
868 1199 1025 1251 auctoritste
1040 1200 1179 1263 Verrouiss

131 1277 179 1330 sed
187 1295 318 1351 nusquam
328 1277 440 1348 legimus
449 1276 587 1331 Gallorum
594 1291 638 1330 aut
646 1279 839 1331 Germanorum
845 1278 1000 1330 vestimentu
1010 1277 1082 1331 lutea
1089 1279 1181 1332 fuisses

131 1357 204 1411 unde
227 1361 378 1430 suspicetur
397 1361 492 1430 Kcenig
512 1360 631 1430 positum
653 1357 734 1412 luisse
755 1377 873 1432 paumpa
896 1376 945 1430 pro
970 1358 1178 1432 capillamento,

132 1439 358 1510 quemadmodum
369 1442 395 1491 in
407 1441 454 1490 ΙΙΙ.
467 1438 518 1491 loc.
532 1440 574 1490 cit.
593 1439 626 1491 Et
643 1437 749 1510 quidem
758 1451 835 1491 vetus
850 1437 1002 1491 scholiastes
1014 1439 1048 1491 sd
1059 1438 1131 1491 buue
1142 1439 1181 1491 lo·

131 1537 192 1572 cum
205 1541 211 1570 :
226 1543 238 1567 ι
248 1520 388 1591 Gausapa,
407 1537 490 1590 genus
508 1519 586 1591 pilei,
601 1538 655 1591 quo
670 1521 837 1592 captivorum
854 1522 944 1591 capita
962 1519 1153 1572 induebantur.
1167 1543 1179 1568 ι

132 1601 201 1650 lluic
213 1617 264 1670 ego
280 1602 399 1672 opinioni
414 1599 583 1652 libentissime
597 1601 725 1652 assentior
742 1621 749 1652 ι
767 1600 870 1672 primo,
884 1601 947 1670 quis
960 1599 1124 1668 Germanos,
1139 1597 1183 1652 sel

132 1679 240 1750 Belgas,
259 1679 300 1732 vel
321 1679 428 1746 Gallos,
448 1679 537 1748 luteis,
554 1679 595 1732 rel
613 1678 700 1746 flavis,
721 1679 762 1732 rel
781 1679 866 1732 rutilis
885 1680 967 1731 comis
985 1679 1067 1732 fuisse
1081 1691 1108 1730 et
1125 1696 1182 1731 esse

132 1773 251 1826 constat,
263 1757 347 1830 idque
364 1771 458 1812 notant
471 1757 572 1830 ubique
587 1760 700 1811 Romani
719 1761 871 1830 scriptores.
886 1757 969 1810 Tacit.
987 1757 1111 1811 German.
1130 1759 1182 1822 Ν,

132 1839 227 1891 lusen.
250 1839 328 1906 ΙΙΙΙΙ,
350 1839 399 1893 163
420 1857 478 1911 sqq.
497 1839 565 1890 Tum
579 1850 669 1890 narret
684 1839 793 1890 Tacitus
809 1839 837 1890 in
856 1838 931 1892 istius
944 1836 1017 1890 modi
1032 1837 1183 1910 triumphos

132 1932 273 1990 coemptos
291 1935 382 1972 servos
391 1919 522 1990 formatos
532 1918 616 1989 fuisse
628 1918 719 1970 babitu
731 1932 757 1970 et
773 1918 884 1971 crinibus
897 1921 926 1970 iu
942 1920 1106 1989 captivorum
1121 1935 1182 1990 spe-

133 1998 217 2056 ciem
238 1999 292 2050 Vit.
306 1997 422 2070 Agricol.
443 1999 494 2069 39:
514 1999 634 2070 temptis
645 2015 696 2070 per
707 2000 884 2064 commercia,
900 2015 1016 2070 quorum
1032 1989 1139 2052 babitus
1156 2010 1183 2050 et

133 2077 215 2142 crines
234 2080 261 2130 in
280 2080 445 2149 captivorum
464 2079 579 2150 speeiem
595 2078 804 2132 formarentur.»
820 2078 943 2150 Denique
961 2076 1091 2150 ejusmodi
1108 2089 1183 2147 tequ-

134 2171 221 2210 meuta
233 2159 327 2230 cepitis
336 2159 426 2210 Romu
439 2160 467 2210 in
478 2177 529 2212 usu
541 2159 621 2211 luisse
631 2171 723 2212 notum
737 2170 784 2212 est.
796 2159 919 2212 lurensi.
929 2159 978 2227 vl,
994 2155 1182 2223 1203Martial.

134 2239 206 2304 vm,
219 2239 271 2304 33,
287 2256 337 2302 ²⁰3
352 2239 390 2292 ld.
403 2240 477 2305 XlV,
491 2239 539 2306 ²4³
554 2239 618 2292 Pliu.
634 2241 667 2292 ΙΙ.
682 2243 716 2296 Ν.
728 2241 852 2307 XXVlll,
871 2241 1124 2312 rs-llseedeque5
1137 2257 1181 2292 ve·

134 2316 240 2385 biculs,
253 2318 349 2389 quibus
364 2317 438 2371 Galli
449 2330 475 2370 et
486 2319 571 2389 Belqte
582 2318 735 2372 utebantur.
747 2315 838 2390 virgil.
853 2320 949 2390 θοοῖς.
961 2321 1010 2386 ΙΙΙ,
1026 2319 1094 2386 204:

307 2464 392 2522 Belgica
400 2465 433 2509 rel
443 2465 505 2510 molli
514 2466 592 2510 metim
600 2467 655 2510 leret
663 2467 737 2512 esseda
746 2467 810 2510 collo.

134 2597 233 2666 Qus,
246 2599 286 2651 De
299 2598 362 2651 Bell.
379 2599 447 2653 Gall.
463 2602 497 2652 tv
512 2615 539 2654 et
550 2604 582 2653 V.
592 2600 758 2676 -lnpenles
769 2600 887 2662 llltenos,·
903 2615 1010 2676 torquet
1023 2621 1051 2655 se
1063 2599 1094 2654 sd
1109 2601 1182 2655 bunc

134 2676 225 2730 locum
243 2679 339 2750 Komig
357 2693 385 2732 et
401 2679 465 2733 velit
476 2692 522 2732 aut
539 2680 680 2734 lectionem
693 2683 843 2746 immutari,
860 2692 906 2734 eut
919 2683 962 2752 agi
977 2693 1048 2733 certe
1060 2679 1094 2732 de
1104 2681 1182 2737 seriis

135 2755 221 2810 Rheni
233 2758 350 2812 fluminis
362 2759 535 2830 imaginibus,
550 2776 607 2832 qum
618 2763 645 2814 in
660 2759 796 2832 triumpho
806 2763 878 2814 circe
890 2776 996 2814 currum
1008 2760 1113 2814 victoris
1128 2773 1183 2814 tra-

136 2831 271 2889 bereutur.
281 2837 335 2889 Sed
343 2839 442 2906 optime
453 2839 556 2892 monuit
566 2838 739 2892 Gssuubonus
751 2837 804 2890 dici
815 2841 934 2909 potuisse
942 2839 1046 2893 liltenos
1053 2855 1104 2910 pro
1115 2838 1182 2892 lllte·

136 2932 233 2984 naam,
245 2917 469 2989 quemadmodum
481 2920 602 2991 superius
613 2920 641 2972 in
657 2919 706 2972 bac
720 2919 813 2972 eedem
825 2921 904 2972 setim
918 2918 983 2973 dixit
991 2919 1129 2992 biptespro
1140 2918 1183 2972 u·-

134 2997 265 3068 qusticusj
283 2997 507 3070 quemadmodum
529 3001 585 3068 ejus
607 3001 645 3052 rei
665 2997 717 3052 elie
738 3011 800 3051 suut
821 2998 893 3071 apud
912 3012 1034 3053 auctores
1051 2997 1181 3070 exempla.

136 3074 245 3130 Sueten.
254 3077 367 3148 Caligul.
378 3088 428 3148 47:
444 3078 684 3132 «Conversushiuc
696 3077 730 3130 sd
740 3096 832 3132 curem
846 3077 989 3150 triumphi,
998 3079 1184 3150 pretercepti·

32 3201 35 3210 .
136 3171 183 3207 ros
193 3171 221 3210 et
230 3160 379 3232 mauriopes
387 3158 529 3228 barbaros,
538 3158 681 3212 Galliarum
692 3178 799 3231 quoque
809 3161 1025 3231 procerissimum
1036 3176 1182 3231 quemque,

137 3246 163 3285 et
175 3249 204 3287 ut
217 3237 276 3306 ipsa
287 3237 408 3304 dicebat,
421 3234 640 3306 ι’ξιοθμέμέιυτοι,
654 3255 685 3290 ec
697 3237 842 3292 nonnullos
857 3255 887 3290 ex
899 3235 1065 3309 principibus
1075 3237 1139 3308 legit
1151 3254 1183 3289 ac

137 3320 257 3386 seposuit
274 3317 309 3370 ad
326 3337 471 3391 ponpam
493 3320 632 3390 coegitque
653 3337 708 3370 non
730 3331 833 3370 tentum
851 3317 961 3371 rutilare
976 3331 1003 3370 et
1021 3321 1183 3372 summittere

137 3413 256 3464 comem,
269 3398 318 3451 sed
327 3411 354 3452 et
364 3417 511 3452 sermonem
524 3399 710 3452 Germanicum
721 3397 873 3465 addiscere,
887 3413 914 3451 et
923 3401 1031 3452 nomina
1042 3398 1183 3452 barbarica

137 3475 214 3528 ierre.
226 3499 238 3522 ι
250 3505 287 3518 -
295 3477 376 3530 locat
383 3499 393 3539 ,·
401 3479 508 3547 jocatur
519 3478 546 3528 iu
558 3477 610 3529 hec
620 3495 686 3530 voce
701 3489 807 3542 suctos,
820 3471 876 3549 ques
887 3496 942 3530 non
954 3475 1040 3528 solum
1052 3476 1184 3547 siguificat

137 3551 293 3624 disponere,
310 3555 382 3627 quod
399 3556 432 3608 de
446 3555 512 3623 elio,
523 3554 557 3607 de
566 3557 639 3624 justo
653 3574 683 3607 ac
702 3573 766 3608 vero
784 3554 920 3628 triumpho
939 3553 1080 3608 dicendum
1094 3555 1182 3621 foret,

138 3633 185 3686 sed
198 3649 225 3686 et
244 3635 395 3690 conducere
405 3639 508 3710 pretio,
523 3635 641 3708 quotide
656 3635 724 3691 lalso
743 3635 910 3708 ridendoque
924 3634 978 3690 boo
995 3635 1130 3707 triumpho
1143 3635 1184 3688 di·

137 3712 252 3767 cendum
262 3716 324 3768 fuit.

172 3877 239 3928 Nor.
257 3875 310 3942 48,
322 3877 365 3945 49.
385 3877 432 3930 Dis
444 3876 526 3950 ipitur
540 3879 676 3950 Genioque
687 3878 761 3932 ducis
774 3890 877 3932 centum
891 3879 983 3950 paria,
1004 3879 1036 3930 ob
1053 3895 1091 3930 res
1101 3877 1184 3948 lipre-

138 3955 179 4026 pe'e
187 3967 288 4026 pestes,
303 3955 405 4008 induco.
423 3957 486 4025 Quis
502 3958 590 4008 uetat?
604 3956 679 4008 aude.
694 3987 730 3997 -
742 3958 844 4030 lpum,-
865 3955 1032 4032 bsucipt'tur
1047 3957 1183 4008 victorium

140 4045 165 4082 et
176 4049 240 4104 ego,
253 4053 306 4106 pro
316 4035 384 4088 virili
397 4049 488 4107 parte,
497 4035 678 4090 celebraturus
688 4054 756 4090 eum.
768 4067 805 4077 -
814 4039 862 4092 Dis
868 4060 877 4100 ,·
891 4037 932 4091 sel
944 4038 1045 4107 messnis
1059 4035 1131 4102 Diis,
1143 4036 1183 4087 sel

141 4113 196 4181 ejus
205 4115 324 4167 victorin
337 4115 489 4187 auspicibus
501 4127 528 4168 et
536 4117 701 4169 auctoribus.
712 4147 746 4157 -
758 4119 892 4190 Genioque
903 4118 973 4170 ducis
980 4139 990 4176 ;
1005 4118 1021 4168 i.
1035 4135 1058 4167 c.
1072 4118 1184 4188 impers-
