<?xml version="1.0" encoding="UTF-8"?>
<!DOCTYPE html PUBLIC "-//W3C//DTD XHTML 1.0 Transitional//EN"
    "http://www.w3.org/TR/xhtml1/DTD/xhtml1-transitional.dtd">
<html xmlns="http://www.w3.org/1999/xhtml" xml:lang="en" lang="en">
 <head>
  <title>
</title>
<meta http-equiv="Content-Type" content="text/html;charset=utf-8" />
  <meta name='ocr-system' content='tesseract 3.04.00' />
  <meta name='ocr-capabilities' content='ocr_page ocr_carea ocr_par ocr_line ocrx_word'/>
</head>
<body>
  <div class='ocr_page' id='page_1' title='image "./sexdecimsatir00lemagoog_0485.png"; bbox 0 0 3148 4950; ppageno 0'>
   <div class='ocr_carea' id='block_1_1' title="bbox 363 563 1259 700">
    <p class='ocr_par' dir='ltr' id='par_1_1' title="bbox 363 563 1259 700">
     <span class='ocr_line' id='line_1_1' title="bbox 363 563 1259 700; baseline 0.004 -36"><span class='ocrx_word' id='word_1_1' title='bbox 363 600 480 667; x_wconf 77' lang='lat' dir='ltr'><strong>uum</strong></span> <span class='ocrx_word' id='word_1_2' title='bbox 505 599 661 667; x_wconf 73' lang='lat' dir='ltr'><strong>rursu</strong></span> <span class='ocrx_word' id='word_1_3' title='bbox 687 601 856 700; x_wconf 73' lang='lat' dir='ltr'><strong>enicet</strong></span> <span class='ocrx_word' id='word_1_4' title='bbox 882 565 1012 666; x_wconf 76' lang='lat' dir='ltr'><strong>vrrs.¹</strong></span> <span class='ocrx_word' id='word_1_5' title='bbox 1139 604 1205 692; x_wconf 62' lang='lat'><strong>469</strong></span> <span class='ocrx_word' id='word_1_6' title='bbox 1251 563 1259 586; x_wconf 72' lang='grc'><em>’</em></span> 
     </span>
    </p>
   </div>
   <div class='ocr_carea' id='block_1_2' title="bbox 72 724 1207 809">
    <p class='ocr_par' dir='ltr' id='par_1_2' title="bbox 72 724 1207 809">
     <span class='ocr_line' id='line_1_2' title="bbox 72 724 1207 809; baseline 0.001 -23"><span class='ocrx_word' id='word_1_7' title='bbox 72 787 78 798; x_wconf 81' lang='grc'>,</span> <span class='ocrx_word' id='word_1_8' title='bbox 165 729 214 786; x_wconf 92' lang='lat' dir='ltr'><strong>cio</strong></span> <span class='ocrx_word' id='word_1_9' title='bbox 228 727 293 786; x_wconf 86' lang='lat' dir='ltr'><strong>veri</strong></span> <span class='ocrx_word' id='word_1_10' title='bbox 305 737 336 785; x_wconf 89' lang='lat' dir='ltr'><strong>et</strong></span> <span class='ocrx_word' id='word_1_11' title='bbox 347 724 469 808; x_wconf 85' lang='lat' dir='ltr'><strong>pulchri</strong></span> <span class='ocrx_word' id='word_1_12' title='bbox 484 725 577 786; x_wconf 87' lang='lat' dir='ltr'><strong>semel</strong></span> <span class='ocrx_word' id='word_1_13' title='bbox 593 737 756 809; x_wconf 84' lang='lat' dir='ltr'><strong>corrupto,</strong></span> <span class='ocrx_word' id='word_1_14' title='bbox 776 724 915 807; x_wconf 86' lang='lat' dir='ltr'><strong>placendi</strong></span> <span class='ocrx_word' id='word_1_15' title='bbox 929 747 1054 808; x_wconf 86' lang='lat' dir='ltr'><strong>quoque</strong></span> <span class='ocrx_word' id='word_1_16' title='bbox 1072 727 1207 788; x_wconf 83' lang='lat' dir='ltr'><strong>studium</strong></span> 
     </span>
    </p>
   </div>
   <div class='ocr_carea' id='block_1_3' title="bbox 163 820 1241 3922">
    <p class='ocr_par' dir='ltr' id='par_1_3' title="bbox 163 820 1210 1778">
     <span class='ocr_line' id='line_1_3' title="bbox 163 820 1209 906; baseline 0.003 -24"><span class='ocrx_word' id='word_1_17' title='bbox 163 823 324 904; x_wconf 81' lang='lat' dir='ltr'>scriptores</span> <span class='ocrx_word' id='word_1_18' title='bbox 343 823 377 882; x_wconf 93' lang='lat' dir='ltr'><strong>in</strong></span> <span class='ocrx_word' id='word_1_19' title='bbox 398 820 539 881; x_wconf 84' lang='lat' dir='ltr'><strong>fraudem</strong></span> <span class='ocrx_word' id='word_1_20' title='bbox 552 821 667 897; x_wconf 88' lang='lat' dir='ltr'>illexit,</span> <span class='ocrx_word' id='word_1_21' title='bbox 689 836 724 883; x_wconf 80' lang='lat' dir='ltr'><strong>ut</strong></span> <span class='ocrx_word' id='word_1_22' title='bbox 743 843 809 882; x_wconf 90' lang='lat' dir='ltr'><strong>nou</strong></span> <span class='ocrx_word' id='word_1_23' title='bbox 827 824 944 904; x_wconf 87' lang='lat' dir='ltr'><strong>optima</strong></span> <span class='ocrx_word' id='word_1_24' title='bbox 958 843 1087 904; x_wconf 84' lang='lat' dir='ltr'><strong>quaeque</strong></span> <span class='ocrx_word' id='word_1_25' title='bbox 1102 845 1209 906; x_wconf 87' lang='lat' dir='ltr'><strong>seque-</strong></span> 
     </span>
     <span class='ocr_line' id='line_1_4' title="bbox 164 917 1209 1002; baseline 0.002 -24"><span class='ocrx_word' id='word_1_26' title='bbox 164 933 283 992; x_wconf 87' lang='lat' dir='ltr'><strong>rentur,</strong></span> <span class='ocrx_word' id='word_1_27' title='bbox 298 917 500 999; x_wconf 84' lang='lat' dir='ltr'><strong>exemplaque</strong></span> <span class='ocrx_word' id='word_1_28' title='bbox 510 930 647 978; x_wconf 87' lang='lat' dir='ltr'><strong>veterum</strong></span> <span class='ocrx_word' id='word_1_29' title='bbox 661 918 846 1001; x_wconf 82' lang='lat' dir='ltr'><strong>scriptorum</strong></span> <span class='ocrx_word' id='word_1_30' title='bbox 860 917 1011 978; x_wconf 81' lang='lat' dir='ltr'><strong>imitanda</strong></span> <span class='ocrx_word' id='word_1_31' title='bbox 1025 920 1083 978; x_wconf 84' lang='lat' dir='ltr'><strong>sibi</strong></span> <span class='ocrx_word' id='word_1_32' title='bbox 1095 941 1209 1002; x_wconf 86' lang='lat' dir='ltr'><strong>propo·</strong></span> 
     </span>
     <span class='ocr_line' id='line_1_5' title="bbox 164 1015 1208 1101; baseline 0.002 -23"><span class='ocrx_word' id='word_1_33' title='bbox 164 1031 288 1091; x_wconf 84' lang='lat' dir='ltr'>nerent,</span> <span class='ocrx_word' id='word_1_34' title='bbox 302 1038 409 1078; x_wconf 84' lang='lat' dir='ltr'><strong>verum</strong></span> <span class='ocrx_word' id='word_1_35' title='bbox 418 1028 455 1076; x_wconf 86' lang='lat' dir='ltr'><strong>ut</strong></span> <span class='ocrx_word' id='word_1_36' title='bbox 471 1038 508 1076; x_wconf 89' lang='lat' dir='ltr'><strong>ea</strong></span> <span class='ocrx_word' id='word_1_37' title='bbox 522 1015 634 1077; x_wconf 89' lang='lat' dir='ltr'><strong>chartis</strong></span> <span class='ocrx_word' id='word_1_38' title='bbox 649 1017 826 1093; x_wconf 88' lang='lat' dir='ltr'><strong>illinerent,</strong></span> <span class='ocrx_word' id='word_1_39' title='bbox 840 1039 910 1099; x_wconf 81' lang='lat' dir='ltr'><strong>quae</strong></span> <span class='ocrx_word' id='word_1_40' title='bbox 927 1017 1121 1078; x_wconf 87' lang='lat' dir='ltr'><strong>multitudini</strong></span> <span class='ocrx_word' id='word_1_41' title='bbox 1136 1041 1208 1101; x_wconf 88' lang='lat' dir='ltr'><strong>pro·</strong></span> 
     </span>
     <span class='ocr_line' id='line_1_6' title="bbox 164 1115 1210 1196; baseline 0.004 -23"><span class='ocrx_word' id='word_1_42' title='bbox 164 1115 326 1190; x_wconf 87' lang='lat' dir='ltr'><strong>barentur,</strong></span> <span class='ocrx_word' id='word_1_43' title='bbox 346 1134 477 1195; x_wconf 83' lang='lat' dir='ltr'><strong>quoeque</strong></span> <span class='ocrx_word' id='word_1_44' title='bbox 496 1115 529 1173; x_wconf 91' lang='lat' dir='ltr'><strong>in</strong></span> <span class='ocrx_word' id='word_1_45' title='bbox 552 1135 666 1196; x_wconf 77' lang='lat' dir='ltr'><strong>magna</strong></span> <span class='ocrx_word' id='word_1_46' title='bbox 690 1115 864 1196; x_wconf 82' lang='lat' dir='ltr'><strong>frequentia</strong></span> <span class='ocrx_word' id='word_1_47' title='bbox 888 1116 1063 1176; x_wconf 88' lang='lat' dir='ltr'><strong>auditorum</strong></span> <span class='ocrx_word' id='word_1_48' title='bbox 1085 1119 1210 1178; x_wconf 73' lang='lat' dir='ltr'><strong>recitata</strong></span> 
     </span>
     <span class='ocr_line' id='line_1_7' title="bbox 164 1212 1208 1296; baseline 0.001 -24"><span class='ocrx_word' id='word_1_49' title='bbox 164 1215 313 1273; x_wconf 83' lang='lat' dir='ltr'><strong>maximas</strong></span> <span class='ocrx_word' id='word_1_50' title='bbox 327 1212 560 1273; x_wconf 80' lang='lat' dir='ltr'><strong>exclamationes</strong></span> <span class='ocrx_word' id='word_1_51' title='bbox 575 1213 762 1296; x_wconf 79' lang='lat' dir='ltr'><strong>plaususque</strong></span> <span class='ocrx_word' id='word_1_52' title='bbox 774 1215 948 1274; x_wconf 84' lang='lat' dir='ltr'><strong>excitarent.</strong></span> <span class='ocrx_word' id='word_1_53' title='bbox 962 1215 1069 1294; x_wconf 88' lang='lat' dir='ltr'><strong>Neque</strong></span> <span class='ocrx_word' id='word_1_54' title='bbox 1082 1234 1154 1275; x_wconf 86' lang='lat' dir='ltr'><strong>vero</strong></span> <span class='ocrx_word' id='word_1_55' title='bbox 1168 1217 1208 1290; x_wconf 91' lang='lat' dir='ltr'><strong>ii,</strong></span> 
     </span>
     <span class='ocr_line' id='line_1_8' title="bbox 164 1311 1208 1394; baseline 0.001 -23"><span class='ocrx_word' id='word_1_56' title='bbox 164 1313 197 1372; x_wconf 90' lang='lat' dir='ltr'><strong>in</strong></span> <span class='ocrx_word' id='word_1_57' title='bbox 218 1313 330 1392; x_wconf 87' lang='lat' dir='ltr'><strong>quibus</strong></span> <span class='ocrx_word' id='word_1_58' title='bbox 351 1311 443 1372; x_wconf 89' lang='lat' dir='ltr'><strong>altior</strong></span> <span class='ocrx_word' id='word_1_59' title='bbox 463 1313 586 1394; x_wconf 89' lang='lat' dir='ltr'><strong>spiritus</strong></span> <span class='ocrx_word' id='word_1_60' title='bbox 605 1313 720 1387; x_wconf 86' lang='lat' dir='ltr'><strong>inerat,</strong></span> <span class='ocrx_word' id='word_1_61' title='bbox 744 1313 897 1372; x_wconf 87' lang='lat' dir='ltr'><strong>immunes</strong></span> <span class='ocrx_word' id='word_1_62' title='bbox 914 1327 1000 1372; x_wconf 81' lang='lat' dir='ltr'><strong>erant</strong></span> <span class='ocrx_word' id='word_1_63' title='bbox 1020 1315 1153 1374; x_wconf 88' lang='lat' dir='ltr'><strong>omnino&#39;</strong></span> <span class='ocrx_word' id='word_1_64' title='bbox 1170 1315 1208 1372; x_wconf 85' lang='lat' dir='ltr'><strong>ab</strong></span> 
     </span>
     <span class='ocr_line' id='line_1_9' title="bbox 164 1406 1209 1492; baseline 0.002 -23"><span class='ocrx_word' id='word_1_65' title='bbox 164 1409 224 1470; x_wconf 92' lang='lat' dir='ltr'><strong>illis</strong></span> <span class='ocrx_word' id='word_1_66' title='bbox 238 1410 335 1484; x_wconf 85' lang='lat' dir='ltr'><strong>vitiis,</strong></span> <span class='ocrx_word' id='word_1_67' title='bbox 352 1429 421 1491; x_wconf 80' lang='lat' dir='ltr'><strong>quae</strong></span> <span class='ocrx_word' id='word_1_68' title='bbox 436 1406 528 1490; x_wconf 85' lang='lat' dir='ltr'><strong>hujus</strong></span> <span class='ocrx_word' id='word_1_69' title='bbox 545 1410 641 1468; x_wconf 86' lang='lat' dir='ltr'><strong>aetatis</strong></span> <span class='ocrx_word' id='word_1_70' title='bbox 663 1422 777 1492; x_wconf 78' lang='lat' dir='ltr'><strong>essent3</strong></span> <span class='ocrx_word' id='word_1_71' title='bbox 796 1409 934 1490; x_wconf 83' lang='lat' dir='ltr'><strong>plerique</strong></span> <span class='ocrx_word' id='word_1_72' title='bbox 945 1410 1052 1490; x_wconf 74' lang='lat' dir='ltr'><strong>vigore</strong></span> <span class='ocrx_word' id='word_1_73' title='bbox 1064 1424 1095 1470; x_wconf 85' lang='lat' dir='ltr'><strong>et</strong></span> <span class='ocrx_word' id='word_1_74' title='bbox 1108 1413 1139 1469; x_wconf 88' lang='lat' dir='ltr'><strong>vi</strong></span> <span class='ocrx_word' id='word_1_75' title='bbox 1156 1410 1209 1471; x_wconf 87' lang='lat' dir='ltr'><strong>de·</strong></span> 
     </span>
     <span class='ocr_line' id='line_1_10' title="bbox 165 1494 1208 1586; baseline 0.001 -21"><span class='ocrx_word' id='word_1_76' title='bbox 165 1507 260 1565; x_wconf 88' lang='lat' dir='ltr'><strong>stituti</strong></span> <span class='ocrx_word' id='word_1_77' title='bbox 274 1505 406 1566; x_wconf 87' lang='lat' dir='ltr'><strong>aliorum</strong></span> <span class='ocrx_word' id='word_1_78' title='bbox 426 1506 557 1586; x_wconf 82' lang='lat' dir='ltr'><strong>vestigiis</strong></span> <span class='ocrx_word' id='word_1_79' title='bbox 576 1504 778 1581; x_wconf 84' lang='lat' dir='ltr'><strong>iuhaeseruut,</strong></span> <span class='ocrx_word' id='word_1_80' title='bbox 797 1518 827 1565; x_wconf 91' lang='lat' dir='ltr'><strong>ct</strong></span> <span class='ocrx_word' id='word_1_81' title='bbox 843 1507 876 1564; x_wconf 89' lang='lat' dir='ltr'><strong>in</strong></span> <span class='ocrx_word' id='word_1_82' title='bbox 891 1494 1111 1566; x_wconf 86' lang='lat' dir='ltr'><strong>sententiarum</strong></span> <span class='ocrx_word' id='word_1_83' title='bbox 1123 1508 1208 1566; x_wconf 81' lang='lat' dir='ltr'><strong>vario</strong></span> 
     </span>
     <span class='ocr_line' id='line_1_11' title="bbox 165 1602 1208 1689; baseline 0.001 -26"><span class='ocrx_word' id='word_1_84' title='bbox 165 1613 277 1689; x_wconf 77' lang='lat' dir='ltr'><strong>ornatu</strong></span> <span class='ocrx_word' id='word_1_85' title='bbox 301 1604 464 1685; x_wconf 87' lang='lat' dir='ltr'><strong>occupati,</strong></span> <span class='ocrx_word' id='word_1_86' title='bbox 487 1603 675 1662; x_wconf 85' lang='lat' dir='ltr'><strong>inventionis</strong></span> <span class='ocrx_word' id='word_1_87' title='bbox 698 1618 728 1664; x_wconf 88' lang='lat' dir='ltr'><strong>et</strong></span> <span class='ocrx_word' id='word_1_88' title='bbox 750 1603 985 1684; x_wconf 85' lang='lat' dir='ltr'><strong>compositionis</strong></span> <span class='ocrx_word' id='word_1_89' title='bbox 1006 1602 1130 1664; x_wconf 88' lang='lat' dir='ltr'><strong>laudem</strong></span> <span class='ocrx_word' id='word_1_90' title='bbox 1155 1625 1208 1664; x_wconf 89' lang='lat' dir='ltr'><strong>ue-</strong></span> 
     </span>
     <span class='ocr_line' id='line_1_12' title="bbox 163 1697 799 1778; baseline 0.002 -23"><span class='ocrx_word' id='word_1_91' title='bbox 163 1697 333 1778; x_wconf 77' lang='lat' dir='ltr'><strong>glexerunt.</strong></span> <span class='ocrx_word' id='word_1_92' title='bbox 660 1707 662 1712; x_wconf 83' lang='grc'>’</span> <span class='ocrx_word' id='word_1_93' title='bbox 796 1697 799 1702; x_wconf 72' lang='grc'>’</span> 
     </span>
    </p>

    <p class='ocr_par' dir='ltr' id='par_1_4' title="bbox 163 1795 1211 2246">
     <span class='ocr_line' id='line_1_13' title="bbox 203 1795 1207 1879; baseline -0.001 -24"><span class='ocrx_word' id='word_1_94' title='bbox 203 1798 300 1856; x_wconf 83' lang='lat' dir='ltr'><strong>Erant</strong></span> <span class='ocrx_word' id='word_1_95' title='bbox 317 1799 389 1857; x_wconf 77' lang='lat' dir='ltr'><strong>sane</strong></span> <span class='ocrx_word' id='word_1_96' title='bbox 408 1796 462 1856; x_wconf 88' lang='lat' dir='ltr'><strong>illa</strong></span> <span class='ocrx_word' id='word_1_97' title='bbox 478 1795 617 1878; x_wconf 84' lang='lat' dir='ltr'><strong>tempor&#39;a</strong></span> <span class='ocrx_word' id='word_1_98' title='bbox 634 1795 713 1857; x_wconf 91' lang='lat' dir='ltr'><strong>nulli</strong></span> <span class='ocrx_word' id='word_1_99' title='bbox 727 1817 851 1878; x_wconf 88' lang='lat' dir='ltr'><strong>poeseos</strong></span> <span class='ocrx_word' id='word_1_100' title='bbox 870 1797 975 1878; x_wconf 77' lang='lat' dir='ltr'><strong>generi</strong></span> <span class='ocrx_word' id='word_1_101' title='bbox 998 1797 1093 1878; x_wconf 79' lang='lat' dir='ltr'><strong>magis</strong></span> <span class='ocrx_word' id='word_1_102' title='bbox 1114 1819 1207 1879; x_wconf 87' lang='lat' dir='ltr'><strong>quam</strong></span> 
     </span>
     <span class='ocr_line' id='line_1_14' title="bbox 163 1895 1211 1977; baseline 0.002 -24"><span class='ocrx_word' id='word_1_103' title='bbox 163 1895 287 1954; x_wconf 86' lang='lat' dir='ltr'><strong>satirico</strong></span> <span class='ocrx_word' id='word_1_104' title='bbox 309 1895 561 1969; x_wconf 59' lang='lat' dir='ltr'><strong>accommodam</strong></span> <span class='ocrx_word' id='word_1_105' title='bbox 582 1915 657 1954; x_wconf 82' lang='lat' dir='ltr'><strong>nem</strong></span> <span class='ocrx_word' id='word_1_106' title='bbox 678 1915 799 1956; x_wconf 89' lang='lat' dir='ltr'><strong>morum</strong></span> <span class='ocrx_word' id='word_1_107' title='bbox 820 1895 1007 1977; x_wconf 85' lang='lat' dir='ltr'><strong>corruptela,</strong></span> <span class='ocrx_word' id='word_1_108' title='bbox 1029 1896 1158 1956; x_wconf 76' lang='lat' dir='ltr'><strong>luxuriae</strong></span> <span class='ocrx_word' id='word_1_109' title='bbox 1181 1912 1211 1958; x_wconf 88' lang='lat' dir='ltr'><strong>et</strong></span> 
     </span>
     <span class='ocr_line' id='line_1_15' title="bbox 164 1991 1211 2074; baseline 0.003 -24"><span class='ocrx_word' id='word_1_110' title='bbox 164 1991 351 2072; x_wconf 86' lang='lat' dir='ltr'><strong>profusionis</strong></span> <span class='ocrx_word' id='word_1_111' title='bbox 374 1991 512 2066; x_wconf 84' lang='lat' dir='ltr'><strong>insania,</strong></span> <span class='ocrx_word' id='word_1_112' title='bbox 538 1994 747 2072; x_wconf 84' lang='lat' dir='ltr'><strong>vitiorumque</strong></span> <span class='ocrx_word' id='word_1_113' title='bbox 770 1993 872 2053; x_wconf 89' lang='lat' dir='ltr'><strong>omnis</strong></span> <span class='ocrx_word' id='word_1_114' title='bbox 892 1994 1011 2074; x_wconf 72' lang='lat' dir='ltr'><strong>generis</strong></span> <span class='ocrx_word' id='word_1_115' title='bbox 1035 1993 1211 2054; x_wconf 86' lang='lat' dir='ltr'><strong>immanitas</strong></span> 
     </span>
     <span class='ocr_line' id='line_1_16' title="bbox 164 2085 1210 2170; baseline 0.001 -22"><span class='ocrx_word' id='word_1_116' title='bbox 164 2099 249 2148; x_wconf 86' lang='lat' dir='ltr'><strong>tanta</strong></span> <span class='ocrx_word' id='word_1_117' title='bbox 269 2101 351 2166; x_wconf 86' lang='lat' dir='ltr'><strong>erat,</strong></span> <span class='ocrx_word' id='word_1_118' title='bbox 373 2100 407 2149; x_wconf 92' lang='lat' dir='ltr'><strong>ut</strong></span> <span class='ocrx_word' id='word_1_119' title='bbox 428 2088 650 2170; x_wconf 78' lang='lat' dir='ltr'><strong>contemplanti</strong></span> <span class='ocrx_word' id='word_1_120' title='bbox 672 2087 737 2170; x_wconf 79' lang='lat' dir='ltr'><strong>haec</strong></span> <span class='ocrx_word' id='word_1_121' title='bbox 757 2085 883 2148; x_wconf 84' lang='lat' dir='ltr'><strong>difficile</strong></span> <span class='ocrx_word' id='word_1_122' title='bbox 896 2102 988 2161; x_wconf 84' lang='lat' dir='ltr'><strong>esset,</strong></span> <span class='ocrx_word' id='word_1_123' title='bbox 1004 2089 1126 2148; x_wconf 82' lang='lat' dir='ltr'><strong>satiram</strong></span> <span class='ocrx_word' id='word_1_124' title='bbox 1146 2110 1210 2150; x_wconf 89' lang='lat' dir='ltr'><strong>non</strong></span> 
     </span>
     <span class='ocr_line' id='line_1_17' title="bbox 164 2186 303 2246; baseline -0.007 -1"><span class='ocrx_word' id='word_1_125' title='bbox 164 2186 303 2246; x_wconf 86' lang='lat' dir='ltr'><strong>scribere.</strong></span> 
     </span>
    </p>

    <p class='ocr_par' dir='ltr' id='par_1_5' title="bbox 165 2280 1211 2552">
     <span class='ocr_line' id='line_1_18' title="bbox 204 2280 1209 2366; baseline -0.003 -22"><span class='ocrx_word' id='word_1_126' title='bbox 204 2285 288 2344; x_wconf 90' lang='lat' dir='ltr'><strong>Dum</strong></span> <span class='ocrx_word' id='word_1_127' title='bbox 308 2280 375 2342; x_wconf 77' lang='lat' dir='ltr'><strong>haec</strong></span> <span class='ocrx_word' id='word_1_128' title='bbox 399 2294 563 2362; x_wconf 82' lang='lat' dir='ltr'><strong>agerentur</strong></span> <span class='ocrx_word' id='word_1_129' title='bbox 581 2296 741 2364; x_wconf 87' lang='lat' dir='ltr'><strong>tempora,</strong></span> <span class='ocrx_word' id='word_1_130' title='bbox 766 2281 880 2366; x_wconf 88' lang='lat' dir='ltr'><strong>prodiit</strong></span> <span class='ocrx_word' id='word_1_131' title='bbox 901 2285 935 2344; x_wconf 91' lang='lat' dir='ltr'><strong>in</strong></span> <span class='ocrx_word' id='word_1_132' title='bbox 957 2282 1057 2344; x_wconf 89' lang='lat' dir='ltr'><strong>lucem</strong></span> <span class='ocrx_word' id='word_1_133' title='bbox 1081 2284 1209 2344; x_wconf 85' lang='lat' dir='ltr'><strong>Persius.</strong></span> 
     </span>
     <span class='ocr_line' id='line_1_19' title="bbox 166 2380 1211 2462; baseline -0.005 -19"><span class='ocrx_word' id='word_1_134' title='bbox 166 2381 365 2443; x_wconf 84' lang='lat' dir='ltr'><strong>Cassiodorus</strong></span> <span class='ocrx_word' id='word_1_135' title='bbox 377 2400 448 2439; x_wconf 88' lang='lat' dir='ltr'><strong>eum</strong></span> <span class='ocrx_word' id='word_1_136' title='bbox 461 2394 569 2440; x_wconf 86' lang='lat' dir='ltr'><strong>natum</strong></span> <span class='ocrx_word' id='word_1_137' title='bbox 581 2380 656 2440; x_wconf 86' lang='lat' dir='ltr'><strong>dicit</strong></span> <span class='ocrx_word' id='word_1_138' title='bbox 668 2401 750 2440; x_wconf 90' lang='lat' dir='ltr'><strong>anno</strong></span> <span class='ocrx_word' id='word_1_139' title='bbox 763 2381 901 2462; x_wconf 90' lang='lat' dir='ltr'><strong>sequenti</strong></span> <span class='ocrx_word' id='word_1_140' title='bbox 912 2404 919 2456; x_wconf 82' lang='lat'>3</span> <span class='ocrx_word' id='word_1_141' title='bbox 932 2380 1015 2462; x_wconf 94' lang='lat' dir='ltr'><strong>quod</strong></span> <span class='ocrx_word' id='word_1_142' title='bbox 1029 2381 1067 2440; x_wconf 87' lang='lat' dir='ltr'><strong>ab</strong></span> <span class='ocrx_word' id='word_1_143' title='bbox 1080 2381 1211 2440; x_wconf 84' lang='lat' dir='ltr'><strong>Eusebio</strong></span> 
     </span>
     <span class='ocr_line' id='line_1_20' title="bbox 165 2474 1129 2552; baseline -0.002 -16"><span class='ocrx_word' id='word_1_144' title='bbox 165 2477 271 2538; x_wconf 86' lang='lat' dir='ltr'><strong>forsan</strong></span> <span class='ocrx_word' id='word_1_145' title='bbox 283 2489 441 2538; x_wconf 87' lang='lat' dir='ltr'><strong>mutuatus</strong></span> <span class='ocrx_word' id='word_1_146' title='bbox 455 2490 506 2537; x_wconf 88' lang='lat' dir='ltr'><strong>est.</strong></span> <span class='ocrx_word' id='word_1_147' title='bbox 525 2476 625 2552; x_wconf 88' lang='lat' dir='ltr'><strong>Quem</strong></span> <span class='ocrx_word' id='word_1_148' title='bbox 636 2476 707 2536; x_wconf 90' lang='lat' dir='ltr'><strong>vide</strong></span> <span class='ocrx_word' id='word_1_149' title='bbox 721 2477 754 2536; x_wconf 89' lang='lat' dir='ltr'><strong>in</strong></span> <span class='ocrx_word' id='word_1_150' title='bbox 770 2474 884 2537; x_wconf 88' lang='lat' dir='ltr'><strong>Chron.</strong></span> <span class='ocrx_word' id='word_1_151' title='bbox 899 2476 937 2536; x_wconf 88' lang='lat' dir='ltr'><strong>ad</strong></span> <span class='ocrx_word' id='word_1_152' title='bbox 952 2497 1026 2536; x_wconf 87' lang='lat' dir='ltr'><strong>ann.</strong></span> <span class='ocrx_word' id='word_1_153' title='bbox 1041 2477 1129 2535; x_wconf 83' lang='lat'><strong>2050.</strong></span> 
     </span>
    </p>

    <p class='ocr_par' dir='ltr' id='par_1_6' title="bbox 165 2569 1212 3047">
     <span class='ocr_line' id='line_1_21' title="bbox 205 2569 1210 2656; baseline -0.006 -22"><span class='ocrx_word' id='word_1_154' title='bbox 205 2577 338 2649; x_wconf 90' lang='lat' dir='ltr'><strong>Verum,</strong></span> <span class='ocrx_word' id='word_1_155' title='bbox 358 2595 393 2634; x_wconf 83' lang='lat' dir='ltr'><strong>ex</strong></span> <span class='ocrx_word' id='word_1_156' title='bbox 413 2574 571 2656; x_wconf 75' lang='lat' dir='ltr'><strong>pluribus,</strong></span> <span class='ocrx_word' id='word_1_157' title='bbox 599 2585 689 2632; x_wconf 87' lang='lat' dir='ltr'><strong>natus</strong></span> <span class='ocrx_word' id='word_1_158' title='bbox 712 2585 756 2631; x_wconf 90' lang='lat' dir='ltr'><strong>cst</strong></span> <span class='ocrx_word' id='word_1_159' title='bbox 772 2574 806 2631; x_wconf 83' lang='lat' dir='ltr'><strong>A.</strong></span> <span class='ocrx_word' id='word_1_160' title='bbox 825 2573 862 2632; x_wconf 92' lang='lat' dir='ltr'><strong>U.</strong></span> <span class='ocrx_word' id='word_1_161' title='bbox 883 2572 917 2632; x_wconf 85' lang='lat' dir='ltr'><strong>C.</strong></span> <span class='ocrx_word' id='word_1_162' title='bbox 933 2569 1007 2652; x_wconf 80' lang='lat'><strong>787,</strong></span> <span class='ocrx_word' id='word_1_163' title='bbox 1029 2571 1109 2654; x_wconf 89' lang='lat' dir='ltr'><strong>prid.</strong></span> <span class='ocrx_word' id='word_1_164' title='bbox 1130 2573 1210 2630; x_wconf 88' lang='lat' dir='ltr'><strong>Non.</strong></span> 
     </span>
     <span class='ocr_line' id='line_1_22' title="bbox 166 2667 1212 2746; baseline -0.006 -14"><span class='ocrx_word' id='word_1_165' title='bbox 166 2673 308 2732; x_wconf 88' lang='lat' dir='ltr'><strong>Decemb.</strong></span> <span class='ocrx_word' id='word_1_166' title='bbox 325 2671 423 2730; x_wconf 85' lang='lat' dir='ltr'><strong>Fabio</strong></span> <span class='ocrx_word' id='word_1_167' title='bbox 439 2671 576 2746; x_wconf 87' lang='lat' dir='ltr'><strong>Persico,</strong></span> <span class='ocrx_word' id='word_1_168' title='bbox 596 2671 692 2729; x_wconf 90' lang='lat' dir='ltr'><strong>Lucio</strong></span> <span class='ocrx_word' id='word_1_169' title='bbox 709 2668 830 2729; x_wconf 90' lang='lat' dir='ltr'><strong>Vitellio</strong></span> <span class='ocrx_word' id='word_1_170' title='bbox 850 2667 1037 2729; x_wconf 87' lang='lat' dir='ltr'><strong>consulibus.</strong></span> <span class='ocrx_word' id='word_1_171' title='bbox 1054 2667 1212 2746; x_wconf 72' lang='lat' dir='ltr'><strong>Regnabat</strong></span> 
     </span>
     <span class='ocr_line' id='line_1_23' title="bbox 165 2769 1197 2852; baseline -0.005 -22"><span class='ocrx_word' id='word_1_172' title='bbox 165 2785 239 2830; x_wconf 87' lang='lat' dir='ltr'><strong>tunc</strong></span> <span class='ocrx_word' id='word_1_173' title='bbox 263 2771 408 2831; x_wconf 86' lang='lat' dir='ltr'><strong>Tiberius.</strong></span> <span class='ocrx_word' id='word_1_174' title='bbox 430 2772 476 2831; x_wconf 90' lang='lat' dir='ltr'><strong>De</strong></span> <span class='ocrx_word' id='word_1_175' title='bbox 493 2770 674 2852; x_wconf 85' lang='lat' dir='ltr'><strong>parentibus</strong></span> <span class='ocrx_word' id='word_1_176' title='bbox 691 2781 791 2851; x_wconf 76' lang='lat' dir='ltr'><strong>poetae</strong></span> <span class='ocrx_word' id='word_1_177' title='bbox 814 2771 909 2830; x_wconf 88' lang='lat' dir='ltr'><strong>nostri</strong></span> <span class='ocrx_word' id='word_1_178' title='bbox 932 2769 1001 2828; x_wconf 89' lang='lat' dir='ltr'><strong>satis</strong></span> <span class='ocrx_word' id='word_1_179' title='bbox 1021 2769 1127 2849; x_wconf 77' lang='lat' dir='ltr'><strong>gravia</strong></span> <span class='ocrx_word' id='word_1_180' title='bbox 1147 2788 1197 2826; x_wconf 84' lang='lat' dir='ltr'><strong>me</strong></span> 
     </span>
     <span class='ocr_line' id='line_1_24' title="bbox 167 2864 1211 2950; baseline -0.005 -24"><span class='ocrx_word' id='word_1_181' title='bbox 167 2869 274 2926; x_wconf 80' lang='lat' dir='ltr'><strong>moriar</strong></span> <span class='ocrx_word' id='word_1_182' title='bbox 287 2865 408 2950; x_wconf 90' lang='lat' dir='ltr'><strong>prodita</strong></span> <span class='ocrx_word' id='word_1_183' title='bbox 417 2867 621 2949; x_wconf 78' lang='lat' dir='ltr'><strong>reperiuntur.</strong></span> <span class='ocrx_word' id='word_1_184' title='bbox 632 2867 728 2925; x_wconf 88' lang='lat' dir='ltr'><strong>Natus</strong></span> <span class='ocrx_word' id='word_1_185' title='bbox 737 2880 782 2925; x_wconf 91' lang='lat' dir='ltr'><strong>est</strong></span> <span class='ocrx_word' id='word_1_186' title='bbox 793 2866 929 2940; x_wconf 86' lang='lat' dir='ltr'><strong>Persius,</strong></span> <span class='ocrx_word' id='word_1_187' title='bbox 942 2864 1074 2945; x_wconf 88' lang='lat' dir='ltr'><strong>equestri</strong></span> <span class='ocrx_word' id='word_1_188' title='bbox 1087 2884 1211 2946; x_wconf 78' lang='lat' dir='ltr'><strong>genere,</strong></span> 
     </span>
     <span class='ocr_line' id='line_1_25' title="bbox 165 2960 1185 3047; baseline -0.006 -21"><span class='ocrx_word' id='word_1_189' title='bbox 165 2966 316 3047; x_wconf 78' lang='lat' dir='ltr'><strong>sanguine</strong></span> <span class='ocrx_word' id='word_1_190' title='bbox 331 2979 360 3027; x_wconf 88' lang='lat' dir='ltr'><strong>et</strong></span> <span class='ocrx_word' id='word_1_191' title='bbox 374 2963 523 3025; x_wconf 81' lang='lat' dir='ltr'><strong>affinitate</strong></span> <span class='ocrx_word' id='word_1_192' title='bbox 537 2965 631 3047; x_wconf 89' lang='lat' dir='ltr'><strong>primi</strong></span> <span class='ocrx_word' id='word_1_193' title='bbox 646 2963 763 3024; x_wconf 88' lang='lat' dir='ltr'><strong>ordinis</strong></span> <span class='ocrx_word' id='word_1_194' title='bbox 777 2962 851 3022; x_wconf 85' lang='lat' dir='ltr'><strong>viris</strong></span> <span class='ocrx_word' id='word_1_195' title='bbox 864 2960 1057 3044; x_wconf 89' lang='lat' dir='ltr'><strong>conjunctus.</strong></span> <span class='ocrx_word' id='word_1_196' title='bbox 1182 2971 1185 2976; x_wconf 84' lang='grc'><em>’</em></span> 
     </span>
    </p>

    <p class='ocr_par' dir='ltr' id='par_1_7' title="bbox 166 3058 1241 3728">
     <span class='ocr_line' id='line_1_26' title="bbox 206 3058 1208 3144; baseline -0.006 -23"><span class='ocrx_word' id='word_1_197' title='bbox 206 3058 299 3122; x_wconf 87' lang='lat' dir='ltr'><strong>Persii</strong></span> <span class='ocrx_word' id='word_1_198' title='bbox 313 3063 413 3144; x_wconf 75' lang='lat' dir='ltr'><strong>gentis</strong></span> <span class='ocrx_word' id='word_1_199' title='bbox 434 3083 504 3122; x_wconf 88' lang='lat' dir='ltr'><strong>raro</strong></span> <span class='ocrx_word' id='word_1_200' title='bbox 526 3063 560 3120; x_wconf 89' lang='lat' dir='ltr'><strong>iu</strong></span> <span class='ocrx_word' id='word_1_201' title='bbox 573 3063 787 3120; x_wconf 84' lang='lat' dir='ltr'><strong>Romanorum</strong></span> <span class='ocrx_word' id='word_1_202' title='bbox 805 3059 1004 3119; x_wconf 88' lang='lat' dir='ltr'><strong>monimentis</strong></span> <span class='ocrx_word' id='word_1_203' title='bbox 1025 3061 1143 3118; x_wconf 91' lang='lat' dir='ltr'><strong>mentio</strong></span> <span class='ocrx_word' id='word_1_204' title='bbox 1166 3058 1208 3118; x_wconf 85' lang='lat' dir='ltr'><strong>fit.</strong></span> 
     </span>
     <span class='ocr_line' id='line_1_27' title="bbox 166 3155 1241 3240; baseline -0.006 -20"><span class='ocrx_word' id='word_1_205' title='bbox 166 3163 318 3240; x_wconf 89' lang='lat' dir='ltr'><strong>Tempore</strong></span> <span class='ocrx_word' id='word_1_206' title='bbox 336 3159 410 3220; x_wconf 89' lang='lat' dir='ltr'><strong>belli</strong></span> <span class='ocrx_word' id='word_1_207' title='bbox 426 3161 536 3220; x_wconf 88' lang='lat' dir='ltr'><strong>Punici</strong></span> <span class='ocrx_word' id='word_1_208' title='bbox 557 3159 682 3220; x_wconf 90' lang='lat' dir='ltr'><strong>secundi</strong></span> <span class='ocrx_word' id='word_1_209' title='bbox 704 3159 783 3219; x_wconf 85' lang='lat' dir='ltr'><strong>circa</strong></span> <span class='ocrx_word' id='word_1_210' title='bbox 799 3155 873 3234; x_wconf 71' lang='grc'><strong>544,</strong></span> <span class='ocrx_word' id='word_1_211' title='bbox 895 3157 1023 3218; x_wconf 85' lang='lat' dir='ltr'><strong>florebat</strong></span> <span class='ocrx_word' id='word_1_212' title='bbox 1039 3157 1072 3216; x_wconf 87' lang='lat' dir='ltr'><strong>C.</strong></span> <span class='ocrx_word' id='word_1_213' title='bbox 1092 3157 1212 3215; x_wconf 85' lang='lat' dir='ltr'><strong>Persius</strong></span> <span class='ocrx_word' id='word_1_214' title='bbox 1238 3156 1241 3164; x_wconf 85' lang='lat'>&#39;</span> 
     </span>
     <span class='ocr_line' id='line_1_28' title="bbox 167 3251 1212 3339; baseline -0.005 -23"><span class='ocrx_word' id='word_1_215' title='bbox 167 3255 293 3316; x_wconf 86' lang='lat' dir='ltr'><strong>militari</strong></span> <span class='ocrx_word' id='word_1_216' title='bbox 308 3255 399 3317; x_wconf 85' lang='lat' dir='ltr'><strong>laude</strong></span> <span class='ocrx_word' id='word_1_217' title='bbox 412 3257 604 3339; x_wconf 85' lang='lat' dir='ltr'><strong>conspicuus.</strong></span> <span class='ocrx_word' id='word_1_218' title='bbox 619 3257 716 3315; x_wconf 81' lang='lat' dir='ltr'><strong>Annis</strong></span> <span class='ocrx_word' id='word_1_219' title='bbox 731 3267 800 3337; x_wconf 88' lang='lat' dir='ltr'><strong>post</strong></span> <span class='ocrx_word' id='word_1_220' title='bbox 813 3251 897 3314; x_wconf 90' lang='lat' dir='ltr'><strong>huuc</strong></span> <span class='ocrx_word' id='word_1_221' title='bbox 909 3252 1016 3336; x_wconf 87' lang='lat' dir='ltr'><strong>paullo</strong></span> <span class='ocrx_word' id='word_1_222' title='bbox 1029 3253 1212 3312; x_wconf 89' lang='lat' dir='ltr'><strong>minuscen·</strong></span> 
     </span>
     <span class='ocr_line' id='line_1_29' title="bbox 166 3350 1212 3432; baseline -0.002 -20"><span class='ocrx_word' id='word_1_223' title='bbox 166 3367 234 3412; x_wconf 91' lang='lat' dir='ltr'><strong>tum</strong></span> <span class='ocrx_word' id='word_1_224' title='bbox 254 3352 331 3413; x_wconf 88' lang='lat' dir='ltr'><strong>alter</strong></span> <span class='ocrx_word' id='word_1_225' title='bbox 345 3354 379 3413; x_wconf 89' lang='lat' dir='ltr'><strong>C.</strong></span> <span class='ocrx_word' id='word_1_226' title='bbox 394 3355 513 3416; x_wconf 85' lang='lat' dir='ltr'><strong>Persius</strong></span> <span class='ocrx_word' id='word_1_227' title='bbox 534 3355 709 3416; x_wconf 85' lang='lat' dir='ltr'><strong>urbanitate</strong></span> <span class='ocrx_word' id='word_1_228' title='bbox 724 3367 754 3412; x_wconf 87' lang='lat' dir='ltr'><strong>et</strong></span> <span class='ocrx_word' id='word_1_229' title='bbox 768 3353 910 3412; x_wconf 89' lang='lat' dir='ltr'><strong>doctrina</strong></span> <span class='ocrx_word' id='word_1_230' title='bbox 923 3351 1063 3432; x_wconf 70' lang='lat' dir='ltr'><strong>insignis.</strong></span> <span class='ocrx_word' id='word_1_231' title='bbox 1079 3350 1212 3429; x_wconf 65' lang='lat' dir='ltr'><strong>(ciete</strong></span> 
     </span>
     <span class='ocr_line' id='line_1_30' title="bbox 167 3449 1211 3534; baseline -0.005 -22"><span class='ocrx_word' id='word_1_232' title='bbox 167 3453 253 3512; x_wconf 86' lang='lat' dir='ltr'><strong>Orat.</strong></span> <span class='ocrx_word' id='word_1_233' title='bbox 274 3453 321 3530; x_wconf 87' lang='lat'><strong>11,</strong></span> <span class='ocrx_word' id='word_1_234' title='bbox 337 3455 384 3528; x_wconf 85' lang='lat'><strong>6.)</strong></span> <span class='ocrx_word' id='word_1_235' title='bbox 404 3455 519 3515; x_wconf 89' lang='lat' dir='ltr'><strong>Verum</strong></span> <span class='ocrx_word' id='word_1_236' title='bbox 541 3453 676 3514; x_wconf 85' lang='lat' dir='ltr'><strong>dubitari</strong></span> <span class='ocrx_word' id='word_1_237' title='bbox 691 3465 806 3534; x_wconf 88' lang='lat' dir='ltr'><strong>potest,</strong></span> <span class='ocrx_word' id='word_1_238' title='bbox 822 3472 863 3511; x_wconf 92' lang='lat' dir='ltr'><strong>an</strong></span> <span class='ocrx_word' id='word_1_239' title='bbox 880 3451 925 3509; x_wconf 85' lang='lat' dir='ltr'><strong>illi</strong></span> <span class='ocrx_word' id='word_1_240' title='bbox 943 3449 981 3509; x_wconf 89' lang='lat' dir='ltr'><strong>ad</strong></span> <span class='ocrx_word' id='word_1_241' title='bbox 998 3451 1096 3509; x_wconf 87' lang='lat' dir='ltr'><strong>nostri</strong></span> <span class='ocrx_word' id='word_1_242' title='bbox 1118 3450 1211 3510; x_wconf 88' lang='lat' dir='ltr'><strong>Persii</strong></span> 
     </span>
     <span class='ocr_line' id='line_1_31' title="bbox 167 3545 1212 3633; baseline -0.005 -22"><span class='ocrx_word' id='word_1_243' title='bbox 167 3571 263 3630; x_wconf 76' lang='lat' dir='ltr'><strong>genus</strong></span> <span class='ocrx_word' id='word_1_244' title='bbox 278 3553 491 3633; x_wconf 88' lang='lat' dir='ltr'><strong>pertinuerint.</strong></span> <span class='ocrx_word' id='word_1_245' title='bbox 504 3551 622 3614; x_wconf 86' lang='lat' dir='ltr'><strong>Mentio</strong></span> <span class='ocrx_word' id='word_1_246' title='bbox 635 3569 759 3631; x_wconf 89' lang='lat' dir='ltr'><strong>quoquc</strong></span> <span class='ocrx_word' id='word_1_247' title='bbox 768 3548 803 3609; x_wconf 87' lang='lat' dir='ltr'><strong>fit</strong></span> <span class='ocrx_word' id='word_1_248' title='bbox 814 3549 923 3623; x_wconf 90' lang='lat' dir='ltr'><strong>Persii,</strong></span> <span class='ocrx_word' id='word_1_249' title='bbox 936 3560 1033 3629; x_wconf 76' lang='lat' dir='ltr'><strong>poetar</strong></span> <span class='ocrx_word' id='word_1_250' title='bbox 1047 3545 1212 3607; x_wconf 85' lang='lat' dir='ltr'><strong>Phocaeen-</strong></span> 
     </span>
     <span class='ocr_line' id='line_1_32' title="bbox 168 3645 749 3728; baseline 0 -23"><span class='ocrx_word' id='word_1_251' title='bbox 168 3646 222 3721; x_wconf 89' lang='lat' dir='ltr'><strong>sis,</strong></span> <span class='ocrx_word' id='word_1_252' title='bbox 237 3646 322 3728; x_wconf 87' lang='lat' dir='ltr'><strong>apud</strong></span> <span class='ocrx_word' id='word_1_253' title='bbox 336 3648 453 3709; x_wconf 89' lang='lat' dir='ltr'><strong>Polluc.</strong></span> <span class='ocrx_word' id='word_1_254' title='bbox 466 3650 500 3709; x_wconf 88' lang='lat' dir='ltr'><strong>in</strong></span> <span class='ocrx_word' id='word_1_255' title='bbox 515 3649 631 3710; x_wconf 89' lang='lat' dir='ltr'><strong>Onom.</strong></span> <span class='ocrx_word' id='word_1_256' title='bbox 646 3647 705 3722; x_wconf 89' lang='lat' dir='ltr'><strong>IX,</strong></span> <span class='ocrx_word' id='word_1_257' title='bbox 719 3645 749 3706; x_wconf 89' lang='lat'><strong>6.</strong></span> 
     </span>
    </p>

    <p class='ocr_par' dir='ltr' id='par_1_8' title="bbox 169 3739 1210 3922">
     <span class='ocr_line' id='line_1_33' title="bbox 207 3739 1210 3828; baseline -0.006 -26"><span class='ocrx_word' id='word_1_258' title='bbox 207 3745 344 3804; x_wconf 84' lang='lat' dir='ltr'><strong>Patrium</strong></span> <span class='ocrx_word' id='word_1_259' title='bbox 354 3758 452 3828; x_wconf 79' lang='lat' dir='ltr'><strong>poetae</strong></span> <span class='ocrx_word' id='word_1_260' title='bbox 462 3757 584 3806; x_wconf 87' lang='lat' dir='ltr'><strong>constat</strong></span> <span class='ocrx_word' id='word_1_261' title='bbox 596 3744 690 3805; x_wconf 81' lang='lat' dir='ltr'><strong>fuisse</strong></span> <span class='ocrx_word' id='word_1_262' title='bbox 701 3741 882 3816; x_wconf 81' lang='lat' dir='ltr'><strong>Volaterras,</strong></span> <span class='ocrx_word' id='word_1_263' title='bbox 895 3753 1049 3802; x_wconf 87' lang='lat' dir='ltr'><strong>vetustum</strong></span> <span class='ocrx_word' id='word_1_264' title='bbox 1057 3739 1210 3799; x_wconf 83' lang='lat' dir='ltr'><strong>Hetruriae</strong></span> 
     </span>
     <span class='ocr_line' id='line_1_34' title="bbox 169 3841 331 3922; baseline 0.006 -22"><span class='ocrx_word' id='word_1_265' title='bbox 169 3841 331 3922; x_wconf 89' lang='lat' dir='ltr'><strong>oppidum.</strong></span> 
     </span>
    </p>
   </div>
   <div class='ocr_carea' id='block_1_4' title="bbox 0 0 1585 4950">
    <p class='ocr_par' dir='ltr' id='par_1_9' title="bbox 0 0 1585 4950">
     <span class='ocr_line' id='line_1_35' title="bbox 0 0 1585 4950; baseline 0 0"><span class='ocrx_word' id='word_1_266' title='bbox 0 0 1585 4950; x_wconf 95' lang='lat' dir='ltr'><strong> </strong></span> 
     </span>
    </p>
   </div>
  </div>
 </body>
</html>
