3116 4934
482 499 707 564 IMlTA'l'lO
731 500 945 565 Honl‘ttt.
1173 504 1232 568 581

239 644 282 682 ro.
308 624 352 683 Tu
372 643 463 704 neque
476 621 645 699 anhelanti,
662 627 794 705 coquitur
807 624 877 684 ditm
896 646 991 685 massa
1003 626 1139 701 camino,
1161 627 1241 687 Folle

191 723 297 802 premis
314 731 418 780 ventos.
439 753 477 764 -
494 722 562 779 Non
576 720 708 780 dubium
721 742 891 804 expressam
912 723 1095 782 sententiam
1118 744 1152 783 ex
1177 724 1240 785 istis

192 817 316 877 Horatii
330 818 391 877 Sat.
403 814 423 891 ¹i
437 817 507 878 libri
525 818 637 899 primi,
650 839 693 878 vs.
711 839 761 899 19:

377 964 407 1008 Δι
416 975 443 1007 tu
452 960 572 1009 conclusas
581 960 676 1008 hircinis
687 961 780 1010 follibus
789 978 858 1009 aurat

378 1035 457 1095 Usque
468 1033 612 1089 laborantes,
622 1034 679 1079 dum
688 1033 776 1080 lenum
787 1031 875 1080 molliat
884 1035 954 1095 ignis.

377 1107 410 1150 Ut
420 1107 492 1152 marin
503 1106 594 1152 imitare
599 1138 668 1152 .....

192 1237 231 1294 Et
242 1225 389 1296 Horatius
401 1251 431 1296 et
442 1238 562 1296 Persius
574 1237 691 1297 malum
706 1250 848 1320 poetam,
863 1237 915 1297 sed
926 1238 1073 1318 opinione
1088 1239 1134 1298 sui
1150 1238 1242 1299 infla·

191 1347 276 1407 tum,
295 1331 353 1393 hac
375 1333 520 1414 allegoria
542 1334 690 1410 irrident,
714 1334 880 1394 elationem
901 1334 997 1394 animi
1016 1335 1192 1416 ponebant,
1207 1350 1242 1396 ut

192 1443 263 1488 ante
276 1429 429 1505 diximus,
451 1433 485 1490 in
501 1429 672 1513 pulmone:
688 1452 781 1512 quem
795 1447 924 1511 uterque
937 1443 1028 1514 poeta
1042 1430 1127 1492 follis
1138 1432 1242 1515 appel·

191 1528 306 1588 latione
321 1528 486 1609 intelligit,
505 1529 613 1588 eodem
628 1529 721 1588 simili
735 1528 785 1588 sed
800 1527 863 1588 alio
880 1527 943 1589 fine
959 1530 1056 1589 utitur
1070 1531 1242 1612 Hippocra-

191 1640 232 1686 tes
254 1627 286 1684 in
307 1625 388 1685 libro
409 1626 447 1686 de
465 1627 579 1701 Corde,
601 1628 806 1708 respirationis
827 1628 1031 1687 instrumenta
1055 1627 1241 1688 describens.

191 1726 262 1784 Non
274 1725 453 1807 simpliciter
466 1725 655 1786 autemdicit
670 1727 815 1786 Horatius
833 1739 956 1808 poetam
968 1738 1167 1808 arrogantem
1183 1726 1243 1786 fol·

190 1821 234 1882 les
251 1822 412 1883 fabrorum
434 1822 635 1884 ferrariorum
658 1824 791 1898 imitari;
814 1825 865 1883 sed
879 1821 970 1908 fislles
992 1821 1154 1884 laborantes
1171 1822 1242 1883 dum

183 1925 299 2004 fernim
313 1922 405 1982 mollit
418 1925 510 2004 iperio,
530 1927 666 2004 optime:
681 1944 755 1980 nam
772 1943 869 2002 quum
886 1935 981 1982 cessat
994 1920 1081 1986 faber
1094 1943 1161 1983 non
1177 1934 1243 1982 tur·

191 2031 265 2097 gent
281 2017 385 2093 folles,
401 2013 500 2100 neque
521 2034 613 2078 vento
633 2019 731 2078 inllati
744 2032 831 2094 sunt;
847 2031 881 2079 ut
895 2032 1044 2102 appareat
1055 2040 1122 2079 non
1140 2019 1241 2080 solum

191 2115 335 2175 imitandi
347 2115 466 2192 studio,
481 2116 532 2176 sed
545 2119 638 2176 etiam
648 2117 817 2177 necessario
827 2138 889 2177 esse
899 2117 953 2177 illa
964 2140 981 2178 a
992 2117 1096 2177 Persio
1107 2114 1241 2197 adjecta:

380 2291 448 2302 .....
457 2257 578 2304 Arthetauri
587 2259 694 2320 coquitur
703 2258 760 2304 dum
768 2274 844 2306 massa
853 2259 953 2306 camino

191 2390 347 2448 luvenalis
365 2402 463 2448 totam
479 2391 661 2449 sententiam
677 2389 770 2450 verbo
788 2391 830 2449 sic
851 2391 1010 2472 expressit,
1029 2388 1068 2450 de
1082 2388 1242 2450 causidicis

191 2507 302 2546 currens
314 2486 346 2546 in
360 2475 432 2546 Vll:

374 2633 441 2676 Turtc
451 2633 562 2677 immensa
571 2633 620 2678 cavi
631 2633 719 2694 spirant
730 2629 850 2677 mendacia
861 2629 937 2676 folles.

155 2756 168 2769 ”
190 2758 266 2816 Nam
284 2755 461 2840 caoosfolles
475 2756 612 2836 intellige
629 2756 769 2830 inflatos,
785 2756 913 2837 quando
932 2767 1005 2816 sunt
1022 2759 1050 2813 αἱ
1070 2760 1147 2832 pisan
1164 2761 1241 2814 αὐταὶ

189 2858 271 2914 αὐτῶν
284 2860 508 2936 πολυχωρότιραι;
523 2853 606 2933 quod
621 2854 730 2913 accidit
743 2853 803 2913 illis
816 2852 942 2933 quando
955 2873 1033 2934 opus
1042 2865 1131 2933 urget
1142 2851 1238 2912 faber.

234 2953 277 3025 ¹l·
291 2954 434 3012 intratura
448 2948 569 3010 callidus
582 2953 653 3010 acri.
667 2984 705 2996 -
718 2950 755 3008 ln
771 2953 858 3023 Arte,
875 2971 915 3009 vs.
928 2947 985 3029 ἆγε

380 3128 494 3140 ........
506 3096 592 3140 Notum
602 3095 620 3141 si
631 3094 715 3140 callida
726 3092 824 3139 verbum

326 3189 332 3194 -
374 3164 509 3212 Reddiderit
515 3166 625 3226 junctura
633 3180 720 3212 novum
726 3199 809 3210 ......

190 3297 293 3372 Quam
306 3295 486 3353 sententiam
500 3297 668 3375 quominus
683 3297 778 3355 Persii
791 3277 891 3355 verbis
903 3309 1042 3376 aptemus
1056 3293 1136 3353 nibil
1149 3306 1240 3352 vetat.

232 3413 278 3451 20.
294 3393 375 3452 Dare
394 3391 508 3472 pontius
522 3392 627 3452 idonea
635 3394 734 3476 famo.
753 3428 791 3438 -
808 3393 874 3467 sic,
893 3395 978 3474 napis
991 3391 1095 3452 addere
1109 3390 1239 3474 pondus,

189 3492 222 3550 in
236 3490 374 3573 Epistola
392 3510 427 3568 ¹9
441 3489 514 3549 libri
527 3491 636 3573 primi,
650 3507 680 3552 et
694 3491 727 3552 iu
745 3493 798 3568 16,
813 3512 856 3551 vs.
874 3511 924 3550 m:

380 3668 480 3680 .......
492 3635 552 3680 Fons
562 3636 613 3681 rivo
624 3634 679 3682 darc
689 3650 774 3680 nomen
783 3633 889 3680 idoneus.

228 3758 278 3834 45.
296 3757 460 3819 Amborum
471 3759 581 3842 ferdere
593 3773 669 3821 certo
689 3761 856 3820 Comentire
870 3759 938 3820 dies.
953 3791 992 3805 -
1009 3758 1103 3836 Quod
1120 3759 1240 3818 Persius

190 3856 228 3917 ad
245 3872 463 3942 preceptorem
480 3859 671 3934 Cornutum,
685 3859 834 3919 Horatius
853 3872 924 3918 ante
937 3859 1099 3940 scripserat
1112 3858 1150 3917 ad
1168 3856 1240 3916 Ma-

191 3969 327 4016 cenarem
347 3976 455 4029 suum,
472 3954 544 4015 libri
564 3954 689 4017 secundi
707 3956 810 4016 Carm.
832 3955 892 4016 oda
917 3976 968 4036 17‚
985 3975 1027 4014 vs.
1044 3974 1099 4013 22:

377 4101 509 4161 Utrumque
521 4110 625 4145 nostrum
637 4099 766 4146 incredibili
776 4099 847 4146 modo

375 4171 494 4217 Contentit
503 4181 590 4216 astrum
597 4203 679 4214 ......

1321 2839 1331 2869 Ι
