2970 4936
360 515 421 581 ωε
668 517 704 576 Λ.
731 511 888 578 rursu
913 513 1083 576 rutcct
1170 474 1172 482 ⁴

356 638 462 726 (Quid
472 639 645 722 memust)
657 635 847 730 cultrixque
859 637 926 706 toci
937 661 1056 706 secura
1068 637 1217 732 petella.

354 753 428 816 Hoc
439 748 540 840 satis?
551 769 595 812 an
607 744 723 812 deceat
735 743 932 838 pulmonem
943 771 1103 840 rumpere
1117 750 1257 828 ventis,

354 863 535 927 Stemmute
546 853 640 949 quod
650 859 763 922 Tusco
774 875 907 923 remum
919 856 1095 926 millesime
1107 857 1241 926 ducis?

354 973 579 1036 Censoremne
590 951 688 1032 tium
700 963 753 1032 vel
766 963 858 1060 quod
869 965 1019 1034 trabeate
1029 966 1188 1036 solutes?

355 1077 406 1145 Ad
417 1074 583 1171 populum
594 1073 767 1168 phaleras!
782 1099 844 1168 epo
855 1091 889 1143 te
898 1078 992 1146 intus
1004 1093 1039 1144 et
1049 1079 1085 1170 in
1095 1092 1183 1144 cute
1195 1081 1294 1146 novi.
1386 1090 1416 1142 30

301 1245 304 1263 .
356 1192 431 1255 Non
442 1185 549 1280 pudet
561 1185 604 1252 ud
616 1209 747 1254 morem
758 1185 912 1254 discincti
923 1187 1036 1256 vivere
1048 1192 1189 1256 Nuttaei’

356 1295 419 1366 Sed
432 1309 546 1388 stupet
557 1294 614 1362 hic
625 1298 724 1378 vitio,
736 1314 771 1363 et
782 1294 874 1364 libris
884 1289 1027 1364 increvit
1038 1300 1203 1390 opimum

357 1409 503 1500 Pingue:
518 1422 609 1474 caret
620 1404 739 1498 culpa,
752 1410 878 1488 nescit,
893 1407 975 1502 quid
985 1407 1126 1499 perdut3
1140 1425 1178 1478 et
1189 1408 1267 1476 alto

357 1522 557 1601 Demersus,
571 1540 705 1586 summa
713 1537 786 1602 ‘non
797 1539 915 1584 rursus
928 1517 1029 1584 bullit
1039 1520 1075 1584 iu
1087 1517 1200 1586 unda.

404 1633 526 1720 Magne
537 1644 635 1721 pater
645 1627 781 1696 divumi
796 1651 903 1696 saevos
914 1631 1037 1722 punire
1049 1645 1225 1722 tyrannos
1384 1641 1412 1692 3⁵

360 1739 459 1807 Haud
471 1739 536 1807 alia
548 1740 679 1807 ratione
690 1737 790 1820 velit,
801 1759 909 1834 quum
922 1739 995 1808 dira
1006 1739 1112 1808 libido
1150 1801 1152 1807 .

359 1853 504 1919 Moverit
513 1851 687 1941 ingenium
698 1901 707 1933 ,
720 1849 862 1918 ferventi
874 1853 979 1918 tincta
990 1875 1143 1920 veneno:

361 1965 529 2029 Virtutem
540 1961 1131 2056 videant,intubesctntquerelictnl

362 2075 457 2138 Anne
468 2070 575 2163 magis
588 2069 689 2139 Siculi
701 2087 904 2168 gemuerunt
914 2095 981 2138 aera
989 2069 1149 2164 juvenci,

363 2291 542 2334 mensurum
553 2285 658 2334 tumen
670 2271 817 2348 domiuo,
829 2293 892 2353 qua
904 2272 963 2332 diis
976 2272 1044 2332 liter
1058 2274 1206 2335 Laribus.
1222 2275 1338 2334 Verum
1348 2291 1409 2353 opes

361 2374 435 2434 istos
448 2387 483 2433 tu
496 2373 569 2433 satis
582 2393 644 2434 esse
658 2369 837 2432 arbitreris?
854 2372 944 2430 Anne
956 2370 1051 2431 etiam
1066 2371 1138 2454 jure
1157 2391 1196 2432 nc
1211 2371 1351 2432 decenter
1361 2368 1409 2427 tibi

235 2525 241 2538 ,
361 2469 494 2532 ducetur
505 2471 633 2553 ¹spiritus
646 2470 850 2552 superbiaque
868 2469 978 2552 pulmo
996 2471 1202 2546 intumescat,
1220 2469 1271 2530 vel
1284 2465 1408 2550 quodie

364 2579 522 2628 stcnmete
534 2565 717 2628 millesimus
729 2568 771 2627 sis
784 2566 885 2648 grsdu
903 2567 943 2628 sb
958 2581 1084 2627 auctore
1097 2569 1219 2648 gentis,
1241 2585 1311 2648 quse
1327 2579 1409 2646 supra

364 2665 475 2726 urbem
485 2664 645 2725 conditam
657 2663 697 2724 ud
706 2666 818 2724 Tuscos
830 2683 927 2744 usque
938 2664 1090 2739 escendit3
1102 2665 1154 2726 vel
1163 2665 1252 2746 quod
1263 2679 1407 2725 censorem

364 2773 535 2841 ‹rognetum
548 2771 638 2820 tuum
652 2758 779 2833 salutes,
798 2758 876 2818 dum
893 2757 1098 2821 transveheris
1112 2761 1222 2821 trabea
1236 2753 1409 2840 insignitus?

366 2859 427 2918 lsta
446 2855 567 2938 plebem
585 2856 760 2938 decipiant,
779 2877 849 2938 qum
863 2857 970 2918 innuis
981 2857 1119 2939 jactitem
1138 2881 1200 2942 ego
1214 2879 1289 2920 vero
1303 2871 1331 2917 te
1344 2851 1407 2914 novi

366 2954 538 3014 introrsum
557 2971 591 3012 ac
609 2955 741 3035 penitus.
763 2954 874 3035 Nonne¹
892 2952 987 3036 pudet
1006 2954 1114 3036 degere
1129 2957 1230 3016 vitum
1248 2957 1283 3014 in
1301 2967 1407 3012 morem

367 3052 480 3127 Nettn,
496 3051 693 3134 perditissimi
706 3050 864 3112 bominis?
876 3053 1068 3133 Quanquam
1083 3055 1141 3114 ists
1154 3075 1197 3114 ne
1208 3055 1319 3114 vitium
1332 3043 1408 3107 intel·

367 3149 436 3235 ligit
444 3150 586 3232 quidem,
596 3169 692 3230 usque
702 3150 778 3212 adeo
786 3171 877 3211 mens
886 3151 1000 3211 obruta
1008 3153 1090 3211 vitiis
1102 3163 1223 3235 torpet,
1235 3169 1330 3232 usque
1340 3144 1407 3206 adet>

368 3247 509 3308 sensibus
517 3247 666 3308 obduruit
672 3269 774 3308 cressa
783 3249 956 3330 pinguedo!
967 3246 1053 3308 Nihil
1060 3250 1088 3309 ei
1094 3251 1200 3334 culpae
1207 3247 1352 3332 imputari
1361 3259 1408 3325 po

369 3357 442 3418 test3
456 3345 553 3404 nesu't
562 3344 666 3420 miser,
682 3365 777 3426 quam
788 3345 883 3406 furiat
894 3347 993 3406 animi
1001 3344 1173 3427 juctursm3
1188 3361 1218 3409 et
1227 3347 1292 3406 imo
1302 3344 1408 3424 depret-

371 3461 420 3502 sus
431 3443 565 3523 gurgite,
576 3439 641 3522 jem
653 3461 721 3504 non
734 3443 774 3504 sd
787 3465 932 3527 superam
944 3464 1057 3524 aquam
1067 3448 1207 3527 emergit.
1226 3444 1271 3504 Tu
1282 3459 1345 3502 vero
1355 3435 1408 3497 atrii

370 3541 413 3597 tui
423 3541 602 3599 condentia
611 3560 709 3600 curere
721 3547 823 3623 nequir
829 3565 840 3616 ,·
853 3559 919 3622 ‹psoe
931 3561 1017 3624 poena
1029 3555 1072 3602 est
1084 3545 1216 3602 mosim
1229 3537 1394 3600 marmium·

392 3697 395 3700 .
411 3633 460 3695 35.
481 3636 535 3696 «Ο
547 3636 682 3718 Jupiter,
696 3658 795 3718 quum
807 3659 862 3697 sua
873 3637 1013 3718 tyrannis
1024 3649 1102 3698 tetra
1111 3637 1282 3720 cupiditas,
1295 3625 1407 3692 venettlt

370 3727 486 3791 infecte
498 3733 612 3813 quibus
624 3733 817 3810 exarderent,
832 3733 993 3814 ingenium
1006 3736 1158 3795 censuerit
1168 3734 1208 3794 ad
1219 3719 1404 3810 excogitanda

373 3829 476 3890 omnis
489 3831 608 3910 generis
622 3831 789 3914 supplicia,
803 3833 866 3902 Tu,
881 3851 993 3912 magne
1007 3845 1091 3914 peter
1104 3831 1261 3903 Deorum,
1279 3825 1337 3886 hoc
1349 3835 1407 3879 tan·

374 3945 441 3989 turn
455 3928 607 4012 supplicio
621 3932 770 3991 saevitiam
783 3947 893 3990 eorum
905 3951 1042 3990 exerceas
1053 3954 1059 3988 :
1072 3933 1219 3992 virtutem
1228 3925 1366 3992 videant,
1378 3925 1404 3971 ⁰¹

374 4023 460 4105 quod
477 4047 548 4086 eam
567 4026 776 4100 deseruerint,
797 4027 989 4102 crucientur,
1012 4027 1221 4086 intabescant!
1248 4009 1403 4097 Ecquando

374 4121 458 4180 euim
466 4121 655 4183 acerbiorem
665 4122 762 4182 edidit
770 4122 920 4202 gemitum
932 4123 1075 4182 inventus
1089 4121 1140 4181 ille
1149 4120 1190 4180 ad
1201 4107 1401 4178 extrincecus
