3038 4932
371 373 419 435 ro
443 371 653 437 slrrnsrr
677 373 877 441 ssxrsn.
1043 337 1046 358 '
1080 381 1148 472 269

98 495 218 548 confinio
227 497 352 570 ligurire,
364 494 398 547 etl
411 496 479 546 ostia
494 497 591 548 Maurae
604 495 690 564 fluvii,
701 497 781 550 hodie
794 499 958 552 sanans-
967 500 1048 555 lasne
1060 519 1148 558 sutem

97 589 192 644 portus
207 576 353 640 maximus,
369 591 416 626 seu
428 576 528 639 verius,
543 576 615 626 sinus
629 575 746 646 ligurire.
755 576 833 629 Sinus
843 579 910 630 inter
924 592 1031 649 portum
1041 584 1149 636 Veneris

96 667 124 704 et
137 667 245 723 portum
256 653 363 726 Erycis,
378 652 479 706 ambitu
495 655 585 725 viginti
601 651 681 706 millia
700 673 827 724 pastuum
843 670 937 727 patens
953 678 959 709 ε
976 657 1057 712 hodie
1071 661 1150 736 qolso

94 731 167 784 della
178 734 298 806 Spretis.
317 731 508 786 Celebrabetur
519 735 598 786 etiam
612 736 735 786 Lunense
748 755 872 788 marmor.
886 738 954 790 Hine
965 738 1057 792 laudes
1070 744 1149 793 Ennii

96 812 239 885 Persiique.
250 813 310 866 vid.
322 811 408 866 strab.
421 812 473 863 loo.
486 814 546 874 cit.;
559 811 625 864 Plln.
638 813 670 865 H.
683 815 717 864 N.
730 816 782 882 lll,
796 815 826 878 55
836 815 905 884 XlV,
917 817 949 880 6;
963 819 1087 886 XXXVI,
1097 836 1147 874 otc.
1174 821 1177 829 '

95 893 179 944 -Est
193 910 277 966 opere
284 915 294 956 ‚·
304 891 408 964 supple,
418 891 545 964 pretium,
558 891 631 964 quod
643 895 671 944 in
683 911 712 944 ca
727 891 865 946 locutione
878 897 1010 950 interdum
1021 898 1149 954 subaudi·

96 985 158 1040 tur,
170 987 201 1024 ut
215 985 307 1024 monet
318 972 491 1024 casaubonus
502 974 592 1024 eLivii
601 971 731 1045 exemplo.
1149 973 1152 980 ’

131 1092 201 1142 Nor.
219 1107 251 1142 ro
262 1103 289 1142 et
303 1107 344 1142 rr.
361 1092 487 1163 Corjulset
497 1090 545 1143 hoc
555 1089 645 1158 Enni,
657 1101 794 1162 postquam
806 1090 996 1152 destertuitesse
1007 1093 1149 1150 hloeonides

97 1172 212 1241 Quintus
221 1190 324 1242 pavone
333 1191 365 1224 ex
375 1171 552 1245 thhaqoreo.
559 1172 742 1224 -CorEnnii
747 1210 757 1239 ,
768 1191 817 1243 pro
823 1173 933 1228 Ennius.
946 1173 1087 1229 sinuarat.
1098 1196 1147 1248 pro

96 1252 220 1323 Scipione
231 1267 258 1304 et
268 1251 361 1318 Laelio,
375 1253 429 1306 Sat.
439 1254 477 1318 ll,
492 1270 501 1303 r
513 1291 521 1320 ,
537 1269 586 1322 723

300 1372 375 1416 vtrrm
383 1371 486 1430 Scipiadsr
496 1381 518 1417 et
528 1373 588 1417 mitis
597 1373 703 1430 sapientia
712 1374 762 1417 Loll

95 1475 150 1525 Nisi
166 1487 257 1526 tamen
273 1492 319 1526 cor
334 1475 418 1526 Ennii
433 1476 562 1545 significat
578 1474 647 1527 beno
666 1475 806 1539 cordatus,
820 1474 889 1528 bene
907 1496 1009 1531 memor
1026 1480 1127 1534 Ennius

96 1551 205 1625 quando
224 1573 279 1606 non
291 1557 421 1622 somniat,
435 1555 544 1627 quando
557 1557 643 1608 luctus
655 1567 695 1607 est
707 1575 738 1607 ex
751 1556 891 1628 insipiente
903 1560 1016 1629 sapiens.
1025 1592 1061 1600 —-
1069 1561 1146 1615 Post-

95 1652 173 1704 quam
188 1635 320 1687 destertuit
329 1654 392 1697 esse‚·
401 1650 544 1708 postquam
555 1637 685 1687 somnium
696 1634 770 1687 illurn
782 1655 860 1688 suum
871 1637 972 1705 omisit,
985 1659 1038 1711 quo
1049 1659 1076 1692 se
1086 1661 1145 1692 nar·

95 1727 133 1764 rat
143 1733 203 1767 esse
215 1730 266 1767 etc.
276 1717 385 1768 Stertere
394 1729 434 1768 est
444 1718 552 1789 proprie
562 1717 707 1783 somniare,
716 1735 789 1768 more
799 1715 914 1770 hominis
924 1717 1002 1787 ebrii,
1015 1735 1043 1772 ut
1055 1723 1081 1772 in
1095 1721 1145 1786 lll,

96 1794 119 1844 3.
130 1797 275 1868 Postquam
290 1799 328 1848 sic
337 1799 526 1868 interpretatur
536 1797 670 1850 Marcilius
685 1811 710 1848 et
720 1817 826 1850 ornnem
840 1796 929 1850 locum
941 1821 946 1850 :
965 1801 1145 1873 «Postquam,

97 1874 238 1926 Annalium
249 1877 344 1943 initio,
359 1877 458 1929 Ennius
470 1877 585 1928 narravit
597 1877 730 1928 somnium
741 1895 817 1928 snum
829 1877 862 1929 de
873 1892 1017 1949 apparente
1029 1879 1078 1931 sihi
1091 1881 1146 1932 llo-

96 1969 165 2004 mero
179 1966 207 2004 et
218 1953 366 2006 affirmante
376 1973 449 2006 susm
465 1953 527 2005 olim
543 1955 654 2005 animam
666 1956 723 2024 jam
736 1955 813 2006 Ennii
828 1975 900 2021 esse,
914 1968 968 2008 et...
981 1970 1037 2008 tum
1053 1971 1146 2028 portus

96 2032 174 2082 mnoe
187 2031 392 2103 descriptionem
409 2049 556 2102 aggressus,
561 2031 638 2102 jubet
647 2030 700 2085 hoc
711 2033 839 2085 versiculo
850 2043 886 2086 est
899 2051 982 2106 opem
993 2049 1064 2086 etms
1077 2035 1147 2088 calli·

96 2110 204 2162 dissima
218 2125 289 2163 certe
304 2131 336 2164 ee
353 2112 493 2183 explicatio
510 2125 565 2178 est,
585 2129 642 2184 qum
657 2113 751 2162 nititur
765 2130 796 2163 eo
815 2112 887 2185 quod
903 2115 1036 2166 somnium
1052 2115 1145 2182 Ennii,

96 2193 169 2244 initio
182 2195 239 2264 ejus
249 2193 354 2244 Annall.
368 2189 598 2266 consequaturhic
612 2211 702 2244 versus
717 2211 795 2264 quem
809 2191 899 2245 retulit
911 2195 1022 2248 Persius.
1034 2225 1071 2234 —
1081 2197 1146 2249 Des·

97 2273 184 2322 tertuit
203 2291 255 2324 esse
271 2273 412 2324 Moeonides
425 2274 555 2343 Quintam
569 2270 736 2324 hellenismus
752 2290 802 2342 pro
816 2290 842 2324 se
855 2289 904 2325 esse
920 2273 1085 2326 Maeoniden.
1103 2274 1145 2327 Sic

96 2350 166 2421 apud
177 2351 269 2424 virgit.
285 2356 386 2404 «sensit
397 2352 551 2424 delapsus.»
565 2351 720 2412 hlaeonides,·
732 2353 839 2404 Homeri
851 2371 948 2404 nomen
960 2355 1014 2406 sive
1030 2372 1045 2404 u
1057 2357 1145 2424 patria

97 2433 225 2498 dimonia,
237 2435 291 2486 sive
302 2453 316 2485 a
329 2437 431 2487 Moeone
443 2448 526 2506 patre.
543 2433 653 2504 Quintus
658 2454 667 2493 ,·
680 2450 831 2502 praenomen
843 2433 928 2483 Ennii.
941 2432 1055 2501 Quidam
1065 2436 1144 2486 inter·

98 2527 249 2581 pretentur,
262 2513 308 2566 aed
319 2513 403 2580 falso,
417 2513 450 2567 de
468 2513 562 2588 quinta
578 2513 683 2564 Homeri
697 2509 926 2583 metempsychosi.
946 2539 980 2550 -
990 2511 1098 2564 Paeone
1113 2533 1145 2566 ex

97 2591 261 2666 Pythagoreo
267 2613 278 2653 ‚-
295 2611 325 2644 ex
341 2591 388 2644 illo
398 2611 500 2665 pavone
516 2595 543 2644 in
557 2609 635 2663 quem
651 2591 806 2661 migraverat
823 2592 910 2642 aru'ms
930 2590 1096 2665 Pythaqoroe.
1112 2591 1144 2644 Se

98 2685 174 2723 vocat
192 2674 349 2726 Moeoniclem
361 2685 388 2724 et
396 2673 535 2744 Quintum,
546 2670 771 2744 quemadmodum
781 2683 857 2727 vocat
867 2689 997 2743 pauonem
1009 2685 1036 2724 et
1045 2672 1145 2742 Pytho·

95 2767 202 2822 9oram,
219 2770 271 2822 quo
286 2753 379 2804 innuat
395 2750 513 2803 eamdem
526 2768 583 2802 esse
598 2751 730 2812 enimam,
744 2767 801 2819 quse
816 2745 928 2800 subinde
948 2765 1029 2801 novas
1044 2751 1144 2802 formos

99 2829 200 2882 induat.
215 2831 273 2882 Vid.
291 2831 324 2884 de
340 2832 394 2882 istis
408 2830 490 2882 fabul.
507 2832 611 2882 Lucret.
629 2831 656 2894 1,
678 2828 742 2888 1253
762 2827 839 2880 Ovid.
856 2828 1065 2901 Metamorphos.
1079 2829 1143 2896 XV,

102 2908 151 2960 160
160 2926 217 2983 sqq.
226 2931 233 2970 ;
243 2913 362 2963 lactant.
375 2913 425 2978 lll,
445 2912 491 2973 18;
504 2911 566 2976 Vll,
580 2910 627 2971 αδ,
638 2908 748 2960 'l'ertull
758 2909 797 2960 De
807 2911 894 2960 Anim.
906 2927 966 2981 esp.
980 2911 1027 2977 24,
1042 2923 1068 2961 et
1082 2928 1141 2982 cap.

99 2987 131 3040 33
146 3002 197 3042 etc.
212 2990 291 3043 llidet
302 2993 404 3044 Persius
417 2990 497 3043 uniles
512 2992 574 3043 istas
590 2989 744 3061 opiniones,
763 2986 796 3040 de
809 2988 1029 3061 metempsychosi
1044 2988 1145 3061 Pythe-

99 3086 194 3137 gerres.

127 3200 187 3248 Van.
200 3218 237 3250 rr.
248 3203 292 3249 Hir
301 3219 349 3268 epo,
359 3218 451 3250 securus
460 3201 530 3266 vulpi.
540 3226 571 3238 -
580 3203 646 3264 Legit
656 3202 795 3257 lemmusier,
806 3199 907 3248 Gallicus
916 3198 1045 3260 translator,
1055 3199 1092 3248 hic
1102 3218 1145 3266 αφ)

99 3285 200 3328 mnu,
212 3273 277 3320 nulla
289 3275 363 3322 lists.
378 3276 527 3330 auctoritate,
538 3272 600 3320 nulls
610 3273 753 3320 necessitate.

131 3389 199 3441 Nor.
217 3407 256 3442 ra.
267 3391 319 3442 Hic
327 3408 383 3464 epo,
393 3409 493 3444 terreus
504 3389 587 3464 vulpi,
597 3401 622 3442 et
631 3390 828 3462 quidproepuret
835 3387 929 3441 Atester
936 3385 1038 3460 Infelix
1043 3390 1142 3461 pecori.

101 3469 193 3521 -Hic
205 3481 270 3544 sym
284 3469 407 3524 videlicet
418 3473 445 3523 in
458 3482 535 3544 portu
548 3474 643 3535 Lunae,
655 3467 868 3533 subaudimus,
881 3466 924 3518 rel
935 3465 1014 3536 dego.
1023 3469 1144 3519 -Sem-

103 3564 139 3598 ηις
147 3546 237 3620 vulqi5
253 3565 347 3620 parurn
361 3567 457 3603 cur-uns
468 3547 540 3623 uulqi
551 3565 677 3601 mmores.
688 3547 750 3600 Haec
760 3559 798 3600 est
808 3546 853 3598 illa
863 3547 988 3618 sapientis
1002 3547 1144 3611 secentas,

103 3645 175 3698 quam
189 3627 241 3680 sibi
259 3633 441 3703 unusquisque
459 3643 539 3703 poeta
560 3627 707 3702 gratulatur
725 3639 751 3679 et
770 3625 959 3698 philosophus.
974 3655 1010 3664 -
1023 3626 1060 3676 Et
1079 3625 1143 3698 quid

101 3721 221 3779 preparet
238 3710 334 3762 Auster
348 3709 449 3782 Infelix
468 3711 575 3782 pecori‚·
593 3711 712 3782 sequitur
728 3706 807 3780 longe
820 3703 976 3778 Virgilium,
995 3705 1089 3779 Georg.
1111 3705 1123 3757 l
1132 3745 1141 3772 ,

104 3784 168 3852 ⁴62,
181 3791 225 3861 qui
240 3792 323 3861 magis
336 3791 440 3862 poetice
451 3789 533 3842 dixit:
1111 3781 1113 3788 ¹

355 3895 412 3954 Quid
419 3895 499 3953 cogitet
508 3893 613 3938 humidus
622 3895 707 3938 Auser.

104 3985 199 4056 lnftlt'x
211 3991 299 4061 pecori
305 4013 315 4053 ,·
333 3993 417 4062 spirat
430 3991 538 4044 enimin
553 3989 627 4044 ltalia
642 4002 738 4042 ventus
752 4005 768 4040 a
784 3985 905 4052 meridie,
921 4003 977 4038 non
990 3984 1074 4036 solum
1089 4001 1138 4055 pe-

104 4069 166 4134 ωῐί,
177 4069 221 4124 sed
231 4073 311 4124 etiam
325 4069 479 4126 hominihus
493 4069 569 4125 valde
585 4072 688 4128 noxius.
707 4071 800 4123 Horat.
813 4068 865 4122 Od.
884 4070 925 4132 11,
948 4065 997 4130 15,
1011 4082 1085 4136 sqq.;
1101 4060 1139 4114 id.
